4296 5898
190 577 290 642 hercl.
309 577 370 657 lo]
640 575 839 640 HISTORIA
865 571 1159 640 olrtollllrlcll.

427 869 1371 892 *Μ*

247 1167 480 1277 Fridericus,
499 1167 760 1253 Romanomm
782 1166 1007 1276 imperator,
1023 1163 1210 1249 universis
1231 1188 1299 1274 per
1319 1159 1613 1270 lombardiam,
1684 1185 1744 1218 rs·

194 1302 461 1390 Ilomaniolam
474 1311 512 1385 et
524 1301 736 1385 marchiam
750 1299 907 1384 Trorisii
918 1298 1133 1384 constitutis
1146 1297 1306 1381 mandat
1319 1321 1359 1380 se
1372 1293 1616 1380 confirmasse

195 1438 369 1522 bannum
386 1437 437 1521 alr
455 1433 737 1547 archiepiscopo
754 1433 1073 1547 Mogdeburgensi
1089 1431 1238 1543 imperii
1250 1431 1376 1544 legato
1391 1441 1524 1514 contra
1540 1427 1616 1514 Bo·

196 1570 398 1655 nonienses
430 1578 468 1654 et
496 1569 722 1654 Faventinos
749 1593 884 1654 eorum
917 1593 1100 1680 sequaces
1129 1565 1440 1678 promulgatum,
1468 1590 1540 1675 pro
1570 1589 1616 1648 eo

194 1707 324 1816 quod,
352 1705 495 1815 pluries
527 1704 809 1814 archiepiscopo
837 1704 922 1813 ipso
952 1728 1024 1814 pro
1054 1700 1306 1786 lmolensibus
1337 1700 1616 1806 intercedente,

195 1833 454 1924 Bononienses
469 1840 624 1922 nuntios
639 1837 722 1949 ejus
737 1836 978 1924 contumeliis
996 1835 1202 1921 affecerunt
1213 1845 1250 1920 et
1264 1836 1451 1919 honorem
1468 1831 1617 1943 imperii

196 1973 362 2083 graviter
378 1971 632 2058 offenderunt.

278 2214 413 2297 (Fdldcr.
429 2215 574 2291 Snvronr,
587 2210 699 2276 Anncl.
714 2210 846 2297 moos,
868 2219 894 2278 t.
915 2213 978 2291 111,
998 2228 1069 2292 pars
1082 2222 1126 2292 ²¹,
1140 2231 1169 2293 p.
1183 2222 1234 2276 25.
1245 2245 1286 2260 -·
1297 2214 1471 2288 Ferrum,
1483 2213 1614 2274 Monam.

317 2321 459 2396 Ravana,
474 2329 548 2385 tom.
561 2321 619 2403 Ill,
630 2339 659 2402 p.
679 2321 795 2402 stt-tl.)

246 2537 450 2614 Fredericus
465 2540 529 2614 Dei
553 2539 663 2636 gratia
684 2539 917 2612 Romanorum
938 2538 1134 2634 imperator,
1155 2557 1290 2636 semper
1309 2543 1478 2632 augustus
1500 2545 1535 2609 el
1551 2555 1615 2608 rex

197 2663 334 2754 Sicilie,
363 2664 537 2738 universis
565 2685 628 2762 per
655 2662 918 2756 lombardiam,
944 2661 1180 2738 Romaniolam
1199 2670 1234 2735 et
1260 2661 1448 2734 marchiam
1473 2659 1615 2734 Trevisii

198 2789 405 2883 constitutis,
422 2788 585 2864 fidelibus
600 2789 686 2874 suis,
699 2788 845 2883 gratiam
861 2809 962 2868 suam
978 2788 1153 2861 ethoram
1166 2786 1391 2860 voluntatem.
1408 2786 1473 2860 Per
1485 2784 1615 2859 litteras

197 2913 415 2988 celsitudinis
429 2924 545 2988 nostre
556 2936 644 3010 quas
664 2913 869 3010 generaliter
886 2911 1139 2987 transmisimus
1157 2911 1329 2987 universis
1343 2909 1390 2984 ad
1403 2909 1616 2984 audientiam

197 3048 350 3114 vestram
380 3039 555 3114 credimus
582 3040 784 3137 pervenisse
812 3036 909 3135 quod
936 3061 1000 3112 nos
1029 3038 1075 3112 de
1103 3038 1290 3136 prudentia
1315 3037 1564 3134 circumspecta
1583 3044 1618 3109 et

198 3163 347 3260 puritate
372 3163 454 3238 fidei
476 3164 685 3238 venerabilis
706 3162 1018 3260 Magdeburgansis
1040 3163 1291 3262 archiepiscopi
1310 3163 1427 3238 dilecti
1452 3161 1617 3258 principis

199 3285 307 3360 nostri
318 3284 483 3360 fiduciam
495 3286 682 3383 plenariam
692 3285 900 3380 obtinentes,
911 3307 992 3360 eum
1000 3287 1153 3382 legatum
1162 3288 1360 3378 statuimus,
1368 3285 1619 3360 committentes

200 3410 268 3484 sibi
286 3412 324 3484 in
341 3412 500 3508 partibus
515 3411 601 3510 ipsis
621 3411 776 3508 plenarie
791 3411 888 3486 vices
905 3419 1050 3488 nostras.
1068 3413 1160 3486 Inter
1176 3412 1245 3486 alia
1264 3411 1295 3484 si
1311 3410 1455 3508 quidem
1474 3431 1544 3507 que
1564 3410 1620 3507 ip·

199 3536 274 3610 sius
294 3535 494 3610 discretioni
517 3544 552 3609 et
569 3535 756 3634 prudentie
780 3535 818 3610 iu
838 3536 996 3634 partibus
1013 3537 1100 3634 ipsis
1121 3535 1167 3610 ad
1187 3537 1353 3610 honorem
1376 3534 1512 3636 imperii
1527 3555 1621 3611 com·

199 3661 359 3735 misimus
379 3661 601 3759 exequenda,
628 3664 807 3758 negotium
826 3663 1049 3737 lmolensium
1072 3660 1126 3760 (l)
1150 3683 1239 3758 quos
1256 3671 1335 3762 post
1357 3663 1477 3758 longas
1498 3681 1621 3758 preces

201 3796 238 3861 et
252 3787 521 3885 supplicationes
537 3786 695 3862 assiduas
714 3787 760 3862 ad
775 3788 940 3863 mandata
962 3797 1079 3864 uostra
1100 3788 1295 3887 recepimus
1312 3787 1379 3862 sibi
1402 3788 1469 3862 luit
1485 3788 1619 3886 specia-

203 3911 282 3986 liter
302 3935 324 3988 a
348 3921 465 3988 nostra
485 3913 663 4007 majestate
685 3913 920 3990 commissum.
943 3911 1152 4012 Accepimus
1172 3916 1289 4012 itaque
1310 3914 1356 3988 ab
1377 3914 1501 3990 eodem
1521 3913 1617 4010 quod

238 4223 275 4297 (l)
293 4223 394 4282 Extrm
404 4223 476 4299 apud
487 4225 615 4296 serrem
630 4222 732 4282 dccccl.
747 4223 875 4298 Bolcpn,
892 4227 915 4280 t.
929 4221 963 4296 11,
974 4221 1098 4299 lppsuo.
1111 4222 1231 4296 docum,
1243 4223 1298 4282 duo
1311 4223 1471 4286 documenta
1482 4241 1489 4282 :
1501 4225 1618 4301 primum

199 4325 238 4381 lt
252 4323 359 4397 augusti
372 4326 452 4398 ⁴22⁰,
469 4337 524 4397 quo
534 4338 677 4382 commune
689 4322 897 4383 Bouonleusium
915 4321 1058 4386 Fmderieo
1074 4323 1133 4398 regi
1145 4325 1327 4385 Romanorum
1343 4324 1499 4384 comiatum
1511 4331 1541 4384 ct
1557 4341 1619 4384 cas·

201 4419 296 4478 tellum
310 4421 444 4479 lmolcuse
455 4421 585 4494 restituit,
602 4420 683 4479 salvis
702 4419 853 4479 rationibus
864 4420 935 4493 suis3
950 4419 1100 4504 secupdum
1118 4425 1147 4479 ⁴⁰
1158 4421 1321 4496 septembris
1330 4422 1452 4496 ejusdem
1466 4423 1544 4497 anui,
1563 4440 1618 4497 quo

201 4517 342 4577 Fnuradus
354 4519 484 4578 lletansis
497 4525 526 4578 et
535 4517 670 4594 Spirensis
682 4517 825 4593 episcopus
837 4517 943 4593 legatus
955 4517 1091 4577 Fredcrici
1105 4520 1176 4594 regis
1189 4521 1370 4579 Romanorum
1382 4521 1519 4580 civitatem
1535 4523 1621 4581 Bouo-

203 4615 340 4675 uicnsium
354 4615 469 4676 absolvit
481 4615 627 4688 fructibus,
643 4613 854 4690 conditionibus,
870 4614 1062 4692 usibus,·stc.,
1081 4617 1231 4694 specialiter
1240 4619 1275 4678 ad
1288 4619 1445 4680 comitatum
1462 4619 1621 4681 lmolenscm

200 4713 409 4789 perfluentibus.

1654 1173 1798 1272 dcccl..

1639 1281 1702 1332 Μ,
1717 1283 1742 1327 l'l
1750 1281 1813 1334 lunll
