4292 5894
573 561 636 626 382
1073 566 1289 630 rnlntltlffl
1314 568 1488 632 securint
1799 573 1880 652 [Arno
1897 573 1981 638 lm.

573 698 760 786 Orestione
777 697 829 794 (o)
848 699 955 794 igitur
980 701 1016 774 in
1042 703 1216 800 presentia
1240 703 1324 780 dicti
1348 705 1503 801 magistri
1526 705 1707 800 justiciarii
1732 707 1824 782 bene
1848 710 1981 784 exami-

573 833 655 898 nata
672 831 707 896 et
725 821 775 920 (d)
793 825 1002 900 sufficienter
1020 827 1187 903 instructa
1205 837 1241 904 et
1257 830 1305 906 ad
1322 831 1528 926 presentiam
1549 831 1681 906 domini
1701 833 1811 907 nostri
1834 833 1982 930 impen-

572 949 655 1022 toris
668 949 828 1039 remissa,
851 950 946 1024 idem
961 951 1124 1026 dominus
1141 963 1256 1028 noster
1271 955 1367 1030 illem
1383 957 1484 1031 nobis
1496 956 1626 1032 Simoni
1644 957 1691 1034 de
1708 959 1841 1048 Toooo,
1858 959 1983 1034 't'bome

570 1075 735 1169 magistro
748 1074 873 1167 judici,
891 1077 992 1150 Petro
1008 1077 1068 1172 [de
1081 1081 1219 1175 Sancto]
1231 1078 1414 1175 Germano,
1430 1081 1578 1156 Henrioo
1592 1082 1637 1157 de
1650 1083 1761 1156 Toooo
1776 1091 1814 1156 et
1826 1083 1983 1159 Godredo

570 1199 636 1293 [de
652 1201 795 1296 Sancto]
815 1199 859 1296 (c)
878 1199 1049 1277 Germano
1067 1225 1194 1300 magne
1213 1205 1400 1302 imperialis
1421 1206 1517 1280 curie
1533 1205 1712 1300 judicibus
1729 1205 1981 1282 discutiendnm

569 1325 716 1398 comisit.
739 1326 1021 1400 Procuratoribus
1044 1329 1150 1424 igitur
1171 1351 1235 1426 pro
1255 1341 1352 1426 porte
1376 1330 1619 1423 ecclesiarum,
1643 1333 1928 1406 monasteriorum
1950 1344 1983 1407 et

567 1449 737 1524 nobilium
750 1450 797 1524 de
812 1453 989 1544 Surrento,
1003 1455 1136 1530 Donato
1149 1454 1290 1552 Rapiste
1302 1465 1338 1529 et
1350 1455 1486 1550 trigorio
1502 1455 1634 1530 domini
1648 1454 1789 1550 ligurii,
1803 1465 1839 1530 et
1851 1457 1981 1552 Angolo

566 1575 729 1649 Caletatto
742 1585 962 1672 procuratore
974 1599 1038 1674 pro
1054 1589 1153 1675 parte
1163 1579 1252 1672 fisci,
1267 1579 1456 1655 Nieodsmo
1472 1581 1606 1656 noterio
1615 1580 1660 1656 de
1668 1581 1978 1656 llonteenreosoin

566 1700 672 1774 nostri
691 1701 861 1796 presentia
881 1703 1095 1797 constitutis,
1114 1705 1244 1778 meritis
1247 1757 1744 1780 .............
1768 1706 1879 1778 tutius
1897 1705 1979 1780 dili-

565 1835 686 1918 genter
700 1824 929 1900 discussimus
945 1836 980 1900 et
997 1829 1125 1924 negotii
1143 1829 1274 1903 meritis
1290 1829 1500 1904 sufficienter
1518 1828 1682 1928 inspectis
1684 1881 1973 1905 ........

567 1949 753 2045 indagatis,
771 1950 895 2024 seriem
914 1972 1019 2026 cause
1032 1953 1142 2026 tocius
1157 1953 1299 2029 domino
1314 1963 1432 2028 nostro
1448 1953 1644 2050 imperatori
1662 1951 1812 2028 fideliter
1827 1953 1976 2028 diximus

565 2075 791 2148 etretnlimus
810 2075 975 2151 seriatim.
992 2076 1089 2151 ldem
1110 2099 1252 2174 quoque
1273 2076 1435 2152 dominus
1453 2079 1638 2175 imperator
1661 2075 1805 2152 domino
1821 2079 1905 2154 duci
1917 2079 1975 2152 lli-

565 2199 670 2274 nuldo
680 2197 745 2297 (d),
755 2201 904 2275 Pottensi
919 2202 1081 2298 episeopo
1095 2213 1131 2276 et
1144 2203 1245 2278 nobis
1256 2203 1387 2277 Simoni
1399 2203 1445 2278 de
1454 2205 1578 2298 Toooo,
1593 2204 1691 2278 Petro
1700 2202 1746 2278 de
1757 2205 1885 2278 Sancto
1896 2205 1975 2278 Gen

558 2345 667 2398 mano
681 2333 717 2398 et
733 2324 893 2400 Goffredo
906 2325 952 2400 de
964 2328 1089 2400 Sancto
1105 2330 1274 2402 Germano
1287 2327 1496 2425 supradietis
1511 2327 1558 2426 (a)
1573 2327 1754 2422 judicibus
1773 2351 1850 2404 enm
1867 2328 1973 2426 ipson

563 2451 735 2526 commisit
749 2459 810 2522 eut
821 2471 882 2548 per
894 2451 1099 2526 sententiam
1110 2461 1173 2526 aut
1186 2473 1248 2550 per
1262 2453 1480 2528 amicabilem
1495 2452 1776 2550 compositionem
1792 2462 1855 2528 aut
1865 2452 1908 2548 (t)
1917 2474 1973 2550 per

563 2584 714 2650 nostram
731 2575 985 2672 providentium
999 2575 1265 2652 terminandam.
1281 2577 1466 2652 Prebebito
1479 2577 1586 2673 igitur
1598 2585 1741 2652 tractatu
1757 2585 1793 2652 ot
1806 2576 1973 2652 delibera·

562 2699 655 2774 lione
665 2701 859 2790 communi,
879 2701 1115 2776 intelleximus
1133 2701 1289 2798 partibus
1310 2701 1478 2798 expedire
1495 2699 1592 2798 quod
1611 2702 1659 2776 ila
1681 2702 1770 2776 inter
1783 2723 1845 2776 eos
1860 2701 1972 2776 termi-

561 2837 700 2900 naretur
717 2825 913 2921 negotium,
931 2826 1022 2898 siout
1038 2826 1182 2900 interius
1201 2826 1396 2902 declaretur
1415 2853 1425 2902 r
1442 2827 1593 2924 primum
1606 2833 1646 2899 ut
1657 2826 1802 2898 cessatis
1814 2826 1970 2900 omnibns

560 2949 740 3045 scripturis
752 2949 874 3024 villani
889 2951 1112 3024 restituantur
1124 2951 1291 3044 ecclesiis,
1304 2951 1533 3040 monasteriis,
1548 2950 1721 3024 nobilibus
1737 2960 1774 3024 et
1784 2950 1863 3026 eliis
1874 2949 1970 3027 bonis

561 3072 759 3148 bominibus
783 3077 956 3166 Surrenti,
977 3077 1057 3150 item
1083 3076 1213 3172 singuli
1236 3077 1355 3150 villani
1383 3075 1530 3172 singulis
1547 3075 1697 3150 dominis
1713 3075 1788 3148 suis
1810 3077 1849 3150 in
1869 3076 1970 3173 septi·

559 3221 662 3274 mena
676 3221 784 3274 unam
799 3222 938 3298 operam
956 3202 1096 3295 iaciant,
1116 3201 1271 3298 exeeptis
1284 3202 1321 3276 in
1336 3201 1476 3275 dnobus
1491 3201 1668 3276 mensibus
1689 3201 1773 3274 anni
1792 3221 1882 3296 quos
1895 3202 1968 3274 ele-

559 3323 672 3419 gerint
700 3324 853 3416 domini,
878 3326 1068 3421 inquibus
1097 3347 1159 3424 per
1185 3319 1378 3421 quamlibet
1406 3325 1633 3422 septimanam
1657 3323 1747 3400 duas
1770 3325 1967 3421 prestabunt

558 3469 680 3546 operas
705 3448 856 3524 dominis
880 3451 972 3542 suis,
1001 3451 1098 3547 qnod
1124 3451 1155 3524 si
1182 3451 1391 3526 continuatis
1415 3449 1541 3525 diebos
1568 3450 1644 3524 illas
1670 3470 1794 3547 operas
1821 3451 1964 3527 duorum

557 3573 728 3646 mensium
746 3572 878 3647 domini
893 3574 960 3647 sibi
974 3575 1147 3672 petierunt
1162 3574 1311 3668 exiberi,
1333 3575 1455 3650 villani
1469 3575 1516 3650 ad
1532 3597 1592 3650 eas
1608 3574 1812 3672 prestantius
1828 3574 1963 3648 omnino

556 3705 755 3790 teneantur5
773 3698 804 3771 si
824 3719 906 3772 vero
922 3698 1006 3772 dicti
1023 3700 1144 3774 villani
1163 3701 1199 3773 in
1214 3700 1423 3797 prestatione
1437 3721 1620 3799 operarum
1638 3699 1827 3775 secundum
1845 3720 1960 3796 supra·

598 3957 638 4038 (a)
660 3957 697 4019 ln
711 3961 855 4036 impresso
867 3958 988 4040 pontio,
998 3960 1086 4024 molo.

596 4063 637 4146 (l)
659 4065 772 4126 Ibidem
783 4083 828 4140 co,
840 4067 928 4129 mele.

595 4170 634 4251 (o)
660 4173 775 4234 Dmnnt
786 4173 878 4234 rerba
891 4171 926 4234 dc
939 4173 1057 4236 Somto.
1069 4173 1128 4235 Sed
1138 4173 1216 4234 lutra
1229 4173 1444 4251 exprimuntur.

594 4275 637 4358 (d)
658 4279 704 4339 Ibt
717 4278 774 4340 snb
786 4279 1016 4342 abbreviationls
1037 4280 1133 4342 torma
1155 4279 1219 4340 Viro
1239 4279 1327 4356 Quod
1338 4279 1425 4340 tuelle
1446 4277 1621 4340 emendatur
1642 4294 1682 4339 ex
1703 4273 1872 4340 nomtnlbns
1891 4273 1955 4334 hnic

553 4385 751 4462 providentioe
762 4387 968 4465 lntroserlptts,
982 4387 1061 4449 unde
1074 4393 1190 4450 constat
1201 4403 1282 4448 nnnc
1292 4387 1342 4466 ogi
1354 4387 1392 4448 de
1404 4385 1480 4448 duos
1490 4385 1657 4464 Spoletnno.

594 4491 631 4571 (c)
659 4494 695 4554 ln
708 4496 850 4573 impresso
864 4512 962 4578 mpp,
977 4495 1205 4558 abbreviationis
1217 4496 1313 4558 forme
1324 4497 1402 4558 male
1414 4501 1539 4559 serrato.

594 4595 638 4678 (j)
659 4599 718 4660 Pro
730 4599 909 4678 dtrlunetlru
920 4608 985 4676 out,
1000 4607 1046 4663 ter
1057 4609 1093 4666 ot
1104 4604 1138 4664 tn
1149 4605 1294 4682 impresso
1305 4602 1423 4683 legitur.
1436 4601 1496 4666 Sed
1507 4604 1539 4666 tn
1551 4601 1736 4684 pergamento
1745 4598 1836 4680 butus
1847 4597 1912 4660 nevi
1923 4597 1953 4656 at

553 4717 622 4764 cum
635 4710 689 4765 aot
706 4710 737 4766 et
752 4702 798 4766 ool
807 4707 923 4770 bobus
936 4708 1139 4772 oonlnndltur.
