4298 5898
560 541 623 604 att
1060 548 1276 612 salbssatct
1300 549 1475 612 saeuum
1789 551 1867 630 [Aru.
1888 553 1973 616 last

563 687 598 752 et
614 677 804 754 indictione
819 681 1035 779 subscriptis.
1055 685 1180 758 Datum
1195 687 1231 759 in
1247 687 1334 760 urbe
1349 686 1440 759 leliei
1455 684 1629 778 Panormi,
1647 706 1709 782 per
1725 707 1851 762 manus
1865 689 1977 762 Gual-

564 801 640 874 terii
668 801 714 877 de
732 803 858 879 Palena
880 809 1088 882 uenerabilis
1108 809 1331 885 cathacensis
1353 811 1505 908 episcopi
1530 818 1566 884 et
1586 811 1687 906 regui
1709 811 1825 887 Sicilie
1844 815 1975 888 cancel·

563 927 657 1020 larii,
680 951 772 1004 auno
791 930 967 1008 dominice
989 936 1235 1012 incarnationis
1258 939 1440 1012 millesimo
1465 935 1702 1012 ducentesimo
1719 959 1832 1030 nono,
1861 962 1977 1014 mense

563 1053 742 1147 februarii,
760 1054 967 1132 duodecime
980 1060 1192 1154 indictionis,
1208 1063 1308 1158 regni
1326 1084 1411 1137 vem
1431 1061 1563 1136 domiui
1580 1063 1687 1136 nostri
1705 1061 1869 1153 Friderici
1886 1066 1975 1155 regis

562 1177 700 1268 Sicilie,
730 1179 881 1257 ducatus
905 1184 1053 1281 Apulia,
1079 1187 1294 1284 principatus
1320 1188 1437 1286 Capua
1462 1209 1555 1264 anno
1583 1186 1790 1280 undecimo,
1818 1189 1970 1262 feliciter.

560 1304 685 1378 Amen.

610 1431 695 1503 Item
712 1431 858 1507 secundi
870 1435 1044 1531 privilegii
1058 1436 1191 1511 domini
1206 1437 1420 1534 imperatoris
1437 1436 1544 1512 series
1560 1436 1677 1535 scripti
1693 1437 1727 1510 iu
1744 1437 1850 1511 latina
1864 1437 1972 1511 littera

559 1555 637 1628 lalis
651 1565 726 1628 est:
850 1581 856 1594 ·

608 1680 804 1756 Fridericus
822 1683 999 1758 secundus
1022 1685 1142 1759 divina
1162 1687 1302 1762 lavante
1322 1687 1504 1762 elementia
1521 1687 1753 1762 Romanorum
1775 1686 1966 1783 imperator,

560 1825 697 1900 semper
714 1817 884 1901 augustus
905 1817 940 1882 et
958 1831 1023 1882 rex
1042 1811 1170 1884 Sicilie.
1190 1813 1296 1886 luetis
1318 1820 1354 1887 et
1377 1813 1445 1909 piis
1464 1812 1755 1908 postulationibus
1776 1811 1971 1908 supplicau-

561 1928 647 2000 tium
669 1938 765 2004 tanto
785 1930 890 2006 debet
910 1933 1099 2030 imperialis
1117 1937 1343 2032 benignitatis
1365 1939 1464 2012 lavor
1484 1935 1669 2028 adherere,
1693 1946 1824 2031 quanto
1846 1936 1968 2008 solium

415 2043 417 2046 ’
559 2073 663 2126 suum
677 2055 813 2152 pietatis
830 2067 865 2131 et
878 2059 1016 2152 justicie
1028 2061 1146 2135 studio
1159 2062 1349 2137 adornatur
1363 2071 1398 2136 et
1421 2083 1464 2136 ea
1477 2083 1547 2157 que
1563 2061 1781 2158 postulantur
1794 2083 1816 2134 a
1831 2061 1969 2134 rationis

560 2181 695 2252 tramite
713 2201 782 2255 non
804 2180 1016 2257 discordant.
1036 2184 1120 2260 lude
1137 2195 1190 2260 est
1207 2185 1304 2281 quod
1329 2185 1538 2260 Nicodamus
1556 2185 1763 2260 venerabilis
1779 2183 1967 2258 archiman-

558 2301 648 2376 drita
664 2306 861 2380 monasterii
881 2307 1004 2381 Sancte
1019 2309 1127 2384 Maria
1142 2309 1188 2384 de
1203 2311 1352 2397 Tenem,
1372 2309 1486 2384 fidelis
1499 2319 1629 2401 noster,
1646 2331 1708 2406 per
1721 2308 1906 2405 quemdam
1923 2307 1967 2380 de

557 2429 719 2503 tratribus
744 2431 818 2504 suis
844 2432 917 2507 duo
940 2433 1124 2530 privilegia
1152 2435 1329 2532 ydiomate
1355 2456 1458 2529 greco
1482 2435 1626 2532 scripta,
1651 2455 1801 2530 quorum
1826 2434 1965 2506 alterum

556 2572 671 2624 eomes
697 2553 865 2648 Rogerius
885 2563 920 2626 et
949 2555 1047 2629 aliud
1075 2579 1138 2629 rex
1161 2557 1328 2654 Rogerius
1354 2579 1443 2632 avus
1472 2569 1586 2633 uester
1608 2555 1700 2631 filius
1727 2555 1812 2630 dicti
1837 2557 1965 2630 comitis

556 2677 763 2750 monasterio
792 2677 1018 2752 indoluerant
1043 2693 1251 2775 memorato,
1281 2693 1396 2758 nosue
1421 2685 1517 2758 curie
1543 2682 1773 2780 presentavit,
1798 2681 1965 2754 humiliter

530 2867 532 2872 ,
556 2799 757 2897 supplicans
779 2814 815 2876 et
833 2802 959 2878 devote
976 2814 1015 2877 ut
1029 2805 1212 2902 privilegia
1235 2807 1310 2903 ipsa
1327 2809 1458 2905 prelato
1476 2808 1682 2884 momsterio
1705 2805 1908 2882 confirmare
1929 2808 1963 2879 in

556 2936 762 3022 perpetuum
785 2927 1023 3022 dignaremur.
1045 2931 1115 3004 Nos
1135 2931 1241 3026 igitur
1260 2933 1518 3008 considerantes
1541 2933 1638 3029 quod
1659 2953 1702 3008 ea
1725 2954 1796 3028 que
1816 2931 1965 3006 ecclesiis

556 3060 592 3122 et
618 3051 704 3124 locis
728 3053 988 3127 venerabilibus
1012 3056 1073 3153 pia
1097 3059 1297 3154 provisione
1326 3060 1533 3134 conferimus
1560 3069 1642 3132 sunt
1669 3059 1770 3132 nobis
1798 3057 1963 3132 meritoria

555 3175 651 3272 apud
666 3179 798 3270 Deum
820 3179 1033 3254 attendentes
1058 3181 1162 3257 etiam
1186 3185 1294 3257 vitam
1317 3185 1495 3258 honestam
1523 3191 1558 3258 et
1580 3183 1876 3258 conversationem
1893 3185 1962 3256 lau·

555 3299 709 3375 dabilem
731 3303 843 3398 ipsius
865 3305 1074 3380 venerabilis
1099 3307 1365 3382 archimandrite
1392 3320 1429 3382 et
1447 3310 1590 3382 fratrum
1615 3329 1757 3382 suorum
1780 3306 1818 3380 in
1845 3307 1962 3382 eodem

554 3428 762 3502 monasterio
781 3429 930 3504 Domino
947 3431 1201 3523 famulantium,
1219 3457 1283 3531 pro
1297 3434 1414 3507 anima
1429 3454 1571 3530 quoque
1586 3443 1702 3507 nostra
1722 3443 1759 3506 et
1774 3432 1961 3507 remedium

551 3550 746 3626 animarum
775 3555 822 3628 ob
848 3553 898 3652 (a)
922 3552 1005 3650 (sic)
1026 3556 1189 3632 divorum
1217 3568 1443 3655 augustomm
1471 3567 1653 3656 parentum
1677 3567 1872 3632 nostrerum
1895 3579 1961 3630 mc·

551 3677 661 3750 morie
679 3678 874 3770 recolende,
896 3681 1053 3776 predicta
1067 3683 1261 3780 privilegia,
1278 3684 1370 3758 sicut
1384 3685 1434 3758 eis
1447 3684 1658 3780 temporibus
1675 3683 1828 3757 felicium
1845 3703 1960 3776 regum

550 3801 836 3898 predecessorum
857 3816 1051 3881 nostrorum
1069 3830 1180 3904 usque
1196 3831 1292 3882 nnnc
1311 3809 1556 3883 monasterium
1580 3809 1695 3906 ipsum
1715 3808 1767 3880 uti
1786 3807 1961 3882 consuevit

551 3927 798 4002 rationabiliter
815 3937 851 4003 et
873 3932 991 4026 quiete
1014 3937 1079 4024 [et]
1104 3935 1222 4007 'utitur
1243 3934 1279 4006 iu
1301 3934 1469 4031 presenti,
1498 3933 1738 4031 prenominato
1762 3933 1959 4006 monasterio

549 4053 793 4127 Sancteltlarie
809 4054 855 4129 de
878 4057 1016 4130 Terrelo
1038 4058 1074 4129 in
1096 4067 1302 4155 perpetuum
1323 4057 1492 4132 duximus
1515 4057 1764 4132 confirmanda.
1785 4055 1842 4131 Ad
1860 4057 1960 4151 hujus

547 4185 664 4251 autern
679 4187 796 4254 nostre
814 4181 1082 4256 confirmationis
1097 4184 1297 4257 memoriam
1313 4193 1349 4257 et
1362 4185 1468 4258 robur
1483 4186 1519 4257 in
1535 4193 1743 4281 perpetuum
1758 4183 1955 4270 valiturum,

547 4324 689 4398 presens
712 4305 934 4402 privilegium
956 4331 1020 4404 per
1039 4331 1164 4382 manus
1183 4309 1301 4384 laoobi
1323 4307 1369 4382 de
1386 4311 1512 4383 Bantm
1528 4307 1652 4382 notarii
1674 4317 1710 4382 et
1728 4305 1839 4380 fidelis
1856 4305 1957 4378 nostri

546 4427 676 4502 exinde
697 4431 801 4504 scribi
824 4432 969 4506 lecimus
997 4443 1032 4506 et
1058 4433 1173 4528 sigillo
1196 4434 1384 4527 majestatis
1412 4444 1527 4508 nostre
1545 4433 1714 4526 jussimus
1735 4429 1953 4519 communiri,

586 4697 626 4780 (a)
649 4701 715 4763 Vox
730 4701 878 4764 evidenter
890 4705 1076 4781 transposita.
