4296 5898
222 571 321 634 une.
340 566 401 654 ru]
669 563 869 627 nrsronru
894 544 1189 625 nrrnouarrcn.
1579 561 1640 624 aaa

224 705 320 781 Calvi
349 703 489 778 civitate
509 699 577 798 (a),
595 701 796 776 civitatibus
819 699 867 799 (h)
890 702 1016 776 Suessa
1041 710 1077 774 et
1102 699 1267 794 Trajeoti,
1291 698 1466 796 capriata,
1492 700 1641 772 Venafro

224 831 381 921 eivitote,
404 825 671 918 Monterodone,
696 827 826 920 Boiano
850 825 1008 915 civitate,
1038 825 1281 921 Campoolaro‚
1307 823 1511 916 albiniano,
1540 825 1638 919 Daju,

224 956 350 1028 Sancto
367 953 523 1027 Iohanne
542 951 578 1023 in
594 950 709 1042 Clusa,
723 959 758 1024 et
775 949 940 1046 precipue
953 949 1128 1023 cambium
1146 960 1313 1024 tenerum
1326 949 1440 1023 Sancti
1457 948 1582 1041 Angeh
1598 947 1642 1022 de

225 1077 445 1154 Raveoanina
470 1077 517 1151 ud
544 1075 733 1162 (ieronem,
761 1077 926 1151 Sanctum
948 1075 1127 1164 Maurum,
1154 1076 1318 1150 &notum
1338 1073 1569 1171 Stephanum,
1593 1073 1643 1144 li-

227 1213 369 1294 matam,
389 1201 545 1300 peditam
559 1209 595 1275 et
612 1200 824 1290 catalisoam,
840 1209 972 1274 eurtum
990 1199 1155 1274 iohannis
1170 1199 1216 1274 de
1228 1199 1369 1274 Nioolao
1386 1207 1422 1272 et
1434 1198 1520 1272 alias
1536 1184 1643 1273 terras

230 1328 369 1404 Todini.
392 1329 462 1403 Nos
485 1336 601 1402 antem
625 1326 789 1424 precibus
812 1345 932 1400 eorum
950 1326 1039 1400 iutra
1061 1325 1248 1400 sacrarium
1272 1323 1508 1398 exauditionis
1528 1335 1643 1400 nostre

228 1456 378 1550 benigne
391 1453 567 1545 admissis,
583 1451 840 1526 considerantes
858 1449 1061 1545 religionem
1075 1461 1111 1525 et
1125 1450 1338 1524 honestatem
1357 1469 1476 1523 eorum
1496 1451 1558 1545 qui
1571 1451 1643 1524 Deo

225 1590 263 1655 et
280 1579 483 1654 hominihus
503 1579 639 1675 plaeere
660 1587 864 1666 nosouutm,
881 1575 1087 1670 jamdictum
1112 1576 1359 1650 monasterium
1379 1597 1460 1648 oum
1482 1575 1644 1650 omnibus

227 1703 438 1802 supradietis
457 1704 655 1778 tenimentis
672 1711 708 1777 et
721 1702 998 1800 possessionibus
1014 1703 1089 1777 suis
1111 1711 1146 1777 et
1167 1701 1324 1784 omnium
1345 1701 1567 1776 ecelesiarum
1585 1702 1643 1777 vel

228 1831 451 1925 grangiarum
477 1849 621 1903 suarum
643 1829 711 1901 suh
731 1836 846 1902 nostra
865 1828 1007 1924 speciali
1025 1828 1237 1924 protectione
1257 1836 1292 1901 et
1310 1826 1511 1902 defensione
1527 1827 1564 1899 in
1584 1827 1644 1920 jns

227 1956 363 2050 regium
382 1954 607 2049 recipientes,
632 1953 784 2050 presenti
805 1951 914 2026 divali
928 1953 1057 2050 pagina
1074 1953 1151 2050 ipso
1172 1951 1247 2050 (sic)
1266 1953 1491 2046 monastario,
1513 1953 1644 2048 pretato

227 2081 365 2171 abbati,
383 2079 644 2154 suecessoribus
659 2099 700 2152 ao
717 2077 881 2152 fratribus
902 2079 978 2173 ejus
999 2076 1188 2170 donamus,
1210 2077 1434 2152 oonoedimus
1456 2078 1543 2152 etin
1561 2099 1645 2175 per-

228 2205 372 2302 petuum
387 2204 632 2279 oonihmamns
648 2203 840 2300 prescripta
852 2203 969 2277 omnia
980 2203 1089 2276 libem
1104 2211 1139 2276 et
1155 2213 1318 2299 exempta
1331 2203 1378 2276 ab
1388 2203 1489 2278 ,omni
1502 2205 1645 2281 servitio

228 2332 285 2405 vel
305 2330 461 2426 qualibet
477 2330 674 2421 exactione,
702 2337 737 2403 et
759 2329 806 2402 de
827 2326 1072 2402 abundantiori
1095 2347 1236 2423 quoque
1260 2327 1371 2423 gratia
1391 2337 1506 2402 nostre
1534 2331 1644 2404 subli-

229 2455 359 2530 mitatis
377 2455 491 2530 eidem
512 2455 721 2529 monasterio
740 2453 928 2547 donamus,
950 2453 1173 2529 oenoedimus
1188 2463 1223 2528 et
1238 2454 1274 2527 in
1294 2463 1499 2552 perpetuum
1519 2455 1645 2530 oonhr·

228 2601 365 2654 mamus
380 2579 550 2676 quioquid
564 2579 610 2654 de
624 2579 739 2654 feodis
756 2579 830 2652 suis
842 2577 918 2653 Niel
932 2579 1019 2652 oiris
1032 2579 1307 2672 Beneventanus,
1323 2579 1584 2655 Bartholomaus
1599 2581 1643 2658 de

229 2707 329 2779 Petra
345 2704 504 2796 Puluina,
530 2705 696 2779 Nazarius
719 2725 826 2800 gener
847 2706 941 2798 ejus,
964 2704 1151 2778 Severinus
1171 2703 1334 2777 dominus
1360 2705 1462 2778 Terre
1479 2704 1597 2782 hubae
1611 2719 1646 2783 et

229 2829 430 2921 Tammarii‚
456 2829 581 2903 Michel
606 2829 699 2903 filius
721 2829 798 2922 ejus
814 2838 850 2902 et
865 2827 1032 2903 Girardus
1047 2828 1093 2903 de
1110 2829 1325 2902 Monteleone
1345 2829 1412 2926 ipsi
1438 2833 1646 2907 monasterio

173 2969 176 2976 '
230 2957 466 3047 eontulerunt,
488 2955 682 3030 seeundum
702 2954 799 3049 quod
824 2955 1018 3030 eontinetur
1040 2955 1077 3028 in
1103 2953 1340 3028 instrumentis
1365 2975 1436 3050 que
1458 2965 1540 3030 sunt
1563 2957 1646 3033 inde

231 3081 404 3169 confecta,
416 3079 580 3154 videlieet
591 3081 742 3154 Palatam
755 3089 859 3154 totam
870 3090 1036 3155 etomnes
1048 3080 1359 3177 pertinentiasejus
1372 3103 1452 3154 oum
1466 3082 1645 3158 terrisom-

232 3206 337 3279 nibus
349 3205 547 3300 quas-idem
559 3205 806 3279 monasterium
819 3204 924 3279 habet
938 3205 973 3278 in
988 3206 1086 3279 Petra
1100 3206 1255 3297 Pnloina,
1272 3207 1374 3280 Terra
1390 3207 1523 3304 Rubea,
1545 3212 1647 3286 Tam·

232 3349 340 3421 maru,
362 3329 579 3403 Monteleone
593 3351 674 3402 oum
692 3329 876 3404 medietate
896 3329 1080 3422 eujusdam
1098 3329 1288 3404 molendini
1304 3330 1401 3426 quod
1419 3333 1563 3409 ibidem.
1595 3391 1603 3410 .
1635 3393 1644 3411 .

235 3507 244 3526 .
276 3506 286 3525 .
314 3453 543 3528 Gonoedimus
560 3453 667 3528 etiam
679 3464 715 3530 et
726 3463 893 3552 perpetuo
908 3455 1032 3530 robore
1045 3452 1290 3530 oonhrmamus
1305 3455 1398 3530 dioto
1411 3458 1542 3554 abbati,
1559 3484 1647 3537 suo-

233 3579 428 3652 oessoribus
455 3600 497 3653 ao
524 3579 686 3653 fratribus
709 3580 786 3675 ejus
808 3601 929 3655 omnes
946 3578 1150 3655 donationes
1172 3602 1235 3655 eeu
1259 3581 1449 3656 oblationes
1463 3607 1552 3680 quas
1568 3589 1649 3661 feeit

233 3703 336 3780 dieto
348 3705 557 3779 monasterio
578 3707 681 3779 irater
694 3705 905 3780 Maohubeus
926 3705 1186 3779 cumfratribus
1205 3705 1280 3778 suis
1298 3705 1345 3780 de
1361 3709 1524 3782 omnibus
1539 3713 1648 3787 eoele-

232 3829 296 3904 siis
312 3838 348 3904 et
366 3830 451 3904 iouis
468 3851 556 3925 quos
571 3831 639 3928 ipsi
654 3831 916 3928 aequisivemnt
929 3854 1009 3906 oum
1022 3829 1186 3905 omnihus
1198 3823 1397 3908 tenimentis
1410 3843 1445 3906 et
1457 3837 1649 3911 rationibus

232 3955 333 4044 suis,
348 3959 384 4030 ot
399 3955 568 4053 quioquid
586 3956 685 4031 aliud
708 3955 919 4053 ubicumque
938 3956 1031 4031 idem
1052 3947 1300 4032 monasterium
1319 3956 1474 4054 possedit
1490 3961 1548 4033 vel
1564 3983 1650 4057 pos-

233 4078 415 4177 sidatpor·
431 4080 614 4177 privilegia
635 4081 692 4154 vel
711 4081 852 4178 publiea
872 4083 1119 4170 instrumenta,
1140 4075 1340 4175 donatione,
1360 4082 1546 4178 oblatione,
1569 4107 1650 4160 oon·

233 4203 391 4280 musione
404 4212 440 4278 et
455 4199 715 4281 confirmatione
727 4206 997 4306 prescriptorum
1007 4207 1100 4301 regis
1111 4207 1275 4281 Willelmi
1292 4208 1437 4283 moundi
1453 4210 1650 4288 consobrini

234 4330 341 4404 nostri
358 4339 394 4404 et
415 4331 569 4406 felicium
584 4343 811 4428 augustorum
828 4343 1010 4431 parentum
1028 4343 1224 4439 nostrorum
1244 4334 1302 4408 vel
1317 4334 1462 4408 aliarum
1482 4359 1651 4435 persona·

233 4475 325 4528 rum.
346 4455 418 4530 Heu
434 4465 552 4530 autern
571 4458 727 4553 predicta
742 4459 859 4534 omnia
871 4466 907 4532 et
925 4458 1063 4555 singula
1082 4455 1194 4559 [oum]
1212 4457 1312 4534 terris
1328 4447 1429 4534 cultis
1446 4470 1481 4536 et
1496 4461 1655 4557 incultis,

273 4610 313 4694 (a)
333 4613 370 4675 ln
382 4617 528 4694 impresso
538 4615 675 4694 oiuitntir,
690 4619 790 4680 minus
801 4626 888 4680 reete.

277 4719 317 4802 (b)
339 4722 376 4784 ln
385 4725 529 4802 impresso
538 4723 673 4800 abiuth,
688 4727 787 4788 mnus
800 4731 891 4790 route.
