4298 5898
185 593 284 654 boner.
303 590 364 669 12]
639 583 837 648 HISTORIA
861 581 1152 646 otrtouarrca.
1542 582 1604 645 tao

408 878 1386 894 fflffl

240 1147 432 1233 Honorius
449 1175 550 1261 papa
566 1146 757 1234 Ludorioo
775 1147 1010 1234 Francorum
1027 1149 1109 1261 regi
1126 1147 1350 1232 transmittit
1366 1146 1512 1230 litteras
1530 1145 1603 1227 im-

187 1281 348 1390 periales
364 1284 414 1368 de
433 1311 617 1369 succursu
633 1285 770 1369 Terrae
791 1285 953 1368 Sanctae
969 1284 1209 1393 procurando
1227 1292 1265 1366 et
1281 1283 1330 1366 de
1346 1280 1492 1392 treugis
1514 1306 1603 1366 oum

188 1441 278 1528 rege
296 1415 458 1530 Angliae
474 1419 716 1504 innovandis.

269 1635 393 1709 (lnedlt.
412 1654 452 1699 ex
468 1638 568 1700 eodlee
586 1637 728 1701 Blbllotb.
742 1639 837 1701 Parta.
854 1645 944 1714 eloe,
959 1640 1040 1701 dteto
1061 1635 1245 1699 chartulam
1264 1633 1298 1698 dc
1311 1633 1598 1718 Plutum-Auguste.

308 1741 363 1805 fol.
379 1743 460 1824 122.)

238 1929 427 2025 Honorius,
446 1941 513 2005 etc.
539 1932 718 2008 Ludovioo
739 1933 949 2007 Francorum
973 1932 1068 2029 regi,
1092 1942 1160 2007 etc.
1181 1932 1412 2006 Petilionibus
1431 1952 1518 2028 quas
1544 1951 1605 2027 per

187 2055 405 2129 venerabiles
418 2058 540 2131 fratres
557 2067 691 2132 nostros
711 2057 1006 2155 archiepiscopum
1029 2058 1277 2133 bituricensem
1298 2067 1333 2132 et
1352 2056 1605 2150 Lingonensem

188 2187 226 2252 et
246 2178 487 2256 carnotensem
503 2183 684 2280 episcopos
701 2183 803 2256 nobis
817 2191 878 2257 tue
892 2182 1086 2258 serenitatis
1106 2182 1246 2258 devotio
1260 2182 1449 2256 destinavit
1465 2204 1487 2256 a
1505 2181 1607 2254 nobis

188 2312 226 2377 ct
241 2305 404 2380 fratribus
420 2307 544 2382 nostris
558 2309 666 2382 multa
683 2306 880 2400 diligentia,
896 2308 986 2382 sicut
1002 2308 1214 2405 exposcebat
1230 2307 1360 2403 negotii
1377 2307 1603 2401 magnitude,

190 2429 370 2524 discussis,
394 2431 443 2506 ita
460 2433 559 2528 quod
577 2431 672 2506 finali
690 2441 835 2506 tractatu
855 2432 975 2506 babilo
998 2454 1102 2528 snper
1123 2431 1191 2506 illis
1207 2432 1331 2528 prelati
1357 2431 1513 2528 episcopi
1532 2433 1606 2523 jam

189 2559 255 2632 iter
271 2557 488 2656 arripuerant
503 2559 549 2633 ad
569 2567 604 2632 te
621 2580 701 2631 cum
718 2558 841 2632 litteris
858 2559 985 2632 nostris
1007 2557 1222 2652 revertendi,
1246 2558 1323 2654 ipso
1345 2556 1605 2653 archiepiscopo

188 2683 252 2778 qui
282 2702 347 2778 pro
367 2683 579 2778 quibusdam
604 2683 753 2779 negotiis
775 2683 849 2756 suis
876 2683 971 2780 apud
1000 2683 1223 2780 apostolicam
1247 2682 1373 2758 Sedem
1396 2695 1606 2757 remanserat

189 2806 307 2882 adhuc
331 2808 507 2881 innostra
535 2808 708 2904 presentia
734 2807 937 2900 constituto,
962 2817 1238 2904 supervenerunt
1266 2808 1461 2904 solempnes
1484 2809 1603 2882 nuncii

190 2931 359 3006 carissimi
376 2935 412 3006 in
424 2932 557 3006 Christo
569 2931 632 3005 lilii
645 2933 754 3006 nostri
765 2935 804 3007 F.
821 2933 962 3006 illustris
974 2933 1206 3007 Romanorum
1222 2931 1454 3028 imperatoris,
1469 2954 1606 3030 semper

189 3058 330 3153 augusti
345 3068 379 3132 et
398 3058 492 3149 regis
507 3057 644 3151 Sicilie,
665 3057 766 3131 nobis
786 3080 847 3154 per
865 3059 960 3156 ipsos
983 3056 1131 3132 nuncios
1145 3068 1179 3132 et
1195 3057 1391 3154 imperiales
1404 3057 1534 3131 litteras
1551 3056 1604 3154 (l)

189 3183 396 3278 exponentis
416 3184 558 3256 fervens
585 3180 797 3257 desiderium
815 3182 911 3279 quod
936 3182 969 3258 ei
990 3183 1036 3258 de
1060 3185 1164 3258 Terre
1187 3185 1312 3257 Sancte
1338 3203 1504 3256 succursu
1532 3185 1606 3258 llo·

190 3308 308 3381 minus
324 3307 506 3402 inspiravit
521 3329 563 3380 ac
583 3309 789 3404 postulantis
808 3307 975 3382 instanter
997 3317 1057 3402 ut,
1077 3331 1157 3382 cum
1177 3307 1253 3404 ipse
1269 3329 1369 3402 reges
1385 3316 1421 3381 et
1434 3307 1607 3404 principes

190 3431 396 3506 christianos
412 3431 512 3506 adid
529 3432 682 3506 animare
698 3431 837 3506 studeat
851 3433 1090 3530 imperialibus
1107 3433 1350 3530 largitionibus
1361 3442 1397 3506 et
1414 3433 1604 3532 pmmissis,

189 3557 281 3630 sicot
306 3557 467 3652 colligere
488 3557 616 3652 poteris
638 3578 686 3632 ex
708 3565 827 3632 tenore
852 3558 1043 3632 litterarum
1069 3559 1223 3656 ipsarum
1241 3579 1346 3655 quem
1368 3558 1431 3633 tibi
1459 3580 1521 3655 per
1543 3580 1607 3632 ve·

190 3682 381 3756 nembilem
407 3683 545 3756 tratrem
569 3692 725 3757 nostram
751 3683 789 3757 C.
818 3685 1041 3760 Portueusam
1066 3685 1267 3782 episcopum
1292 3684 1479 3781 apostolice
1508 3683 1608 3760 Sedis

190 3808 342 3902 legatum
356 3805 557 3881 curavimus
574 3805 759 3902 destinare,
775 3830 839 3883 nos
854 3831 996 3906 quoqne
1008 3810 1191 3884 universos
1205 3810 1327 3883 Christi
1340 3808 1461 3883 fideles
1474 3809 1609 3883 exhor-

190 3931 380 4006 tationibus
400 3942 435 4008 et
456 3931 682 4025 indulgentiis
705 3932 903 4031 apostolicis
925 3933 972 4008 ad
995 3934 1088 4008 idem
1110 3934 1265 4010 excitare
1280 3934 1457 4027 negotium
1480 3934 1608 4008 stude-

190 4079 320 4132 remus.
348 4056 471 4150 [Unde
492 4057 649 4132 bortatur
666 4068 707 4132 ut
728 4080 849 4155 pacem
875 4058 906 4132 si
930 4057 1005 4133 lieri
1028 4060 1138 4155 possit
1158 4081 1239 4132 cum
1264 4060 1305 4133 R.
1336 4057 1408 4132 lilio
1428 4057 1606 4154 quondam

190 4182 233 4254 R.
252 4182 386 4256 comitis
403 4183 562 4257 Tolosani
579 4183 684 4257 faciat
704 4192 739 4258 et
756 4183 802 4258 da
819 4184 950 4281 treugis
967 4205 1048 4258 eum
1065 4205 1150 4279 rege
1164 4183 1311 4279 Angliae
1328 4181 1538 4256 innovandis
1554 4183 1609 4255 le-

191 4316 273 4404 gato
289 4327 354 4379 suo
371 4308 507 4404 plenam
526 4307 632 4383 tidem
647 4309 846 4400 adhibeat]

240 4433 367 4504 Datum
383 4431 560 4524 Laterani,
577 4434 606 4505 ll
623 4453 733 4508 nonas
746 4435 880 4530 aprilis,
897 4431 1117 4532 pontificatus
1133 4432 1241 4508 nostri
1257 4455 1350 4508 anno
1364 4443 1500 4509 octavo.

1534 4629 1602 4641 ..ι-ί

229 4745 267 4820 tt)
286 4745 447 4822 Videsupra
460 4745 603 4821 epistolam
614 4751 631 4807 5
644 4747 735 4806 martii
753 4749 837 4819 tart,
853 4763 880 4822 p.
896 4749 957 4806 lte.
