4292 5894
205 551 303 614 horca
323 547 385 623 ll.]
659 544 857 610 utstoltlh
883 547 1176 613 blatcharius.
1567 550 1624 615 ael

205 688 278 762 luta
293 684 419 760 domm
441 679 608 777 jamdicta
633 683 777 757 ecclesie
801 686 926 758 Sancte
948 685 1059 762 biario
1078 687 1394 784 archiepiscopatus
1411 686 1571 762 Cusentie
1591 701 1627 762 et

204 809 489 909 supranominato
505 806 649 882 domiuo
662 807 922 906 archiepiscopo
933 811 1078 908 suisque
1090 810 1349 886 successoribus
1358 819 1393 885 et
1401 812 1625 888 concedimus

200 937 282 1031 inre
296 941 466 1032 perpetuo
489 931 670 1008 habendos
693 942 729 1008 et
746 933 978 1030 possidendos
1000 938 1064 1010 hos
1083 937 1258 1012 villanos:
1280 937 1443 1012 incusati
1464 939 1625 1035 Speciaui

203 1062 353 1136 Joaunoe
370 1059 526 1151 Curatur,
540 1056 698 1133 Andreas
712 1057 806 1132 lilius
822 1060 996 1153 ejusdem,
1011 1063 1116 1136 Lotus
1128 1064 1253 1157 Russo,
1271 1064 1393 1137 Petrus
1411 1085 1519 1160 nepos
1533 1069 1623 1158 ejus,

203 1185 368 1260 Nicotaus
381 1185 428 1260 de
440 1184 579 1276 Vinere,
600 1183 746 1258 blicheel
762 1184 808 1258 de
823 1184 958 1280 Casula,
976 1187 1125 1262 loannes
1145 1189 1297 1284 Gorgos,
1321 1188 1409 1262 Veto
1427 1187 1474 1262 dc
1493 1189 1627 1264 Sivete·

204 1311 283 1404 ruli,
302 1310 423 1385 Petrus
443 1308 586 1402 triginta
605 1306 814 1402 demonum,
831 1308 987 1386 Androm
1008 1311 1053 1385 de
1067 1312 1262 1405 Benedicti,
1278 1312 1444 1387 bonfilius
1463 1313 1508 1388 de
1521 1315 1625 1388 Voto-

205 1435 385 1508 uolcanus.
403 1433 442 1506 ln
456 1430 563 1506 casali
574 1439 691 1505 autem
701 1432 855 1528 Lappaui
873 1442 956 1506 sunt
969 1433 1025 1507 isti
1039 1435 1155 1508 Bonus
1169 1435 1332 1530 Magister
1346 1435 1459 1530 miles,
1476 1438 1625 1512 Ioannes

205 1557 339 1651 Gaesi,
354 1555 499 1632 lllichacl
524 1555 570 1631 de
591 1555 813 1630 llussimauui
824 1611 835 1650 ,
855 1559 1005 1632 loannes
1024 1558 1070 1633 de
1085 1559 1278 1656 Stephano,
1299 1561 1450 1636 Ioannes
1470 1561 1626 1636 Bssiuia·

205 1683 344 1776 nensis,
361 1681 539 1758 Talaricus
564 1703 645 1756 curn
670 1679 752 1755 filiis
771 1690 807 1756 et
827 1682 1015 1757 heredibus
1037 1693 1073 1756 ct
1093 1685 1309 1780 pertinentiis
1332 1707 1451 1760 eorum
1474 1707 1626 1760 mmmc-

206 1816 322 1882 rantes
336 1807 373 1880 in
387 1805 445 1880 his
458 1805 600 1881 duobus
618 1807 802 1881 casalibus.
821 1807 866 1881 Et
883 1817 922 1882 ut
939 1807 1005 1884 heo
1021 1810 1140 1885 omnia
1156 1811 1213 1884 vel
1228 1809 1429 1907 supradicta
1447 1812 1624 1907 leguntur,

206 1933 349 2008 anobis
368 1931 565 2028 nostrisque
588 1931 777 2007 heredibus
797 1935 853 2007 rcl
883 1936 1140 2010 successoribus
1161 1936 1210 2010 ita
1236 1933 1336 2010 llrma
1355 1945 1460 2032 atque
1481 1937 1628 2012 inviola-

206 2058 291 2132 bilia
314 2058 509 2133 stabilimus
526 2065 567 2132 ut
584 2059 701 2132 nullus
724 2057 858 2152 aliquot
875 2059 1044 2135 heredum
1068 2070 1264 2135 nostrorum
1287 2062 1345 2136 vel
1367 2083 1622 2156 successorum,

208 2183 325 2256 nullus
340 2183 540 2279 stratigotus
554 2183 612 2256 uel
628 2182 823 2256 vicecomes
840 2192 902 2258 aut
915 2185 1048 2279 judex,
1069 2187 1188 2260 nullus
1202 2185 1349 2282 quilibet
1371 2194 1487 2260 nostre
1510 2187 1627 2285 reipu-

208 2307 298 2382 blice
321 2309 495 2398 minister,
524 2309 620 2383 nulla
646 2309 802 2404 quelibet
827 2310 1014 2406 magnilica
1035 2333 1214 2409 parvaque
1237 2333 1384 2409 persona
1407 2334 1628 2409 quocumque

207 2442 361 2530 tempore
376 2433 507 2509 undeet
521 2434 666 2527 violare,
685 2435 748 2509 ssd
763 2436 841 2532 ipsa
853 2437 998 2510 ecclesia
1015 2445 1051 2511 et
1063 2436 1156 2512 idem
1170 2437 1334 2512 domiuus
1349 2437 1628 2538 archiepiscopus

206 2557 353 2654 ejusque
370 2579 587 2634 successores
603 2582 651 2634 err
664 2560 746 2654 jnre
765 2561 884 2656 quieto
901 2561 1053 2636 habeant
1073 2570 1108 2636 et
1126 2561 1327 2659 possideant
1345 2563 1422 2638 sine
1444 2566 1539 2638 omni
1559 2563 1626 2640 hu·

207 2705 311 2760 mane
330 2708 478 2783 persone
504 2687 755 2762 contrarietate.
781 2687 819 2760 Si
839 2689 920 2784 quis
941 2697 1057 2762 autem
1079 2689 1184 2782 hujus
1205 2697 1320 2762 nostre
1341 2689 1573 2765 concessionis
1591 2703 1627 2767 et

207 2809 477 2886 confirmationis
499 2833 722 2908 quocumque
747 2820 901 2910 tempore
921 2813 1069 2888 violator
1093 2814 1263 2908 extiterit,
1287 2814 1374 2889 sciat
1393 2837 1431 2888 se
1453 2819 1626 2914 composi-

209 2947 327 3011 turum
338 2939 415 3012 auri
429 2939 606 3036 purissimi
619 2940 725 3014 libras
740 2939 881 3035 uiginti,
892 2941 1112 3016 medietatem
1127 2940 1222 3016 curie
1233 2951 1350 3014 nostre
1361 2949 1397 3017 et
1406 2941 1626 3018 medietatem

207 3063 276 3158 ipsi
290 3063 455 3158 jamdicta
472 3064 712 3140 eccleclesiae
733 3065 844 3162 ipsius
867 3065 996 3162 pagine
1020 3067 1176 3163 qualibet
1197 3065 1439 3142 infirmatione.
1457 3068 1571 3154 Quam
1588 3080 1628 3144 ut

206 3185 351 3262 liruutm
371 3190 577 3264 observetur
597 3189 721 3265 Joauui
743 3199 861 3266 nostro
885 3191 1019 3266 ιιοιιιίο
1043 3192 1194 3264 scribere
1213 3192 1433 3290 precepimus
1455 3202 1490 3268 et
1510 3204 1627 3270 nostro

206 3335 290 3388 cum
316 3314 430 3409 sigillo
455 3315 613 3411 insigniri
636 3315 826 3411 jussimus,
857 3337 951 3390 anuo
979 3317 1153 3391 dominice
1176 3316 1422 3392 incarnationis
1444 3319 1627 3396 millesimo

208 3441 395 3514 centesimo
415 3441 514 3515 tertio
532 3440 680 3534 decimo,
702 3441 852 3516 ducatus
868 3450 985 3516 autem
1004 3443 1111 3516 nostri
1129 3465 1222 3518 anno
1237 3444 1281 3533 ll,
1302 3465 1422 3519 mense
1438 3445 1625 3539 februario,

209 3566 254 3640 Vl
278 3565 480 3642 indictione.
501 3609 552 3623 ··-
566 3567 642 3664 Ego
664 3567 867 3642 Guillelmus
885 3567 962 3642 dux
978 3589 1037 3642 me
1055 3569 1257 3666 subscripsi.
1282 3611 1325 3626 -
1342 3571 1416 3666 Ego
1436 3570 1629 3648 bichardus

206 3692 426 3765 senescalcus
441 3713 499 3765 me
518 3691 722 3790 subscripsi.
740 3695 832 3786 -†
850 3693 997 3788 Signum
1019 3694 1133 3769 crucis
1153 3694 1291 3791 proprie
1313 3716 1439 3770 munus
1459 3697 1628 3794 Dragouis

209 3815 403 3890 abbanshi.
422 3857 473 3872 -
489 3819 515 3910 Τ
533 3817 679 3913 Signum
698 3817 812 3892 crucis
829 3838 876 3891 ex
892 3839 1001 3893 mauu
1016 3818 1159 3915 propria
1177 3817 1355 3893 Guidaudi
1372 3819 1418 3893 dc
1432 3820 1554 3895 Orber.

259 3941 456 4017 Constantia
469 3943 533 4016 Dei
546 3942 657 4037 ςιιιίι
669 3943 902 4017 Romanorum
915 3943 1133 4041 imperatrix,
1149 3966 1287 4041 semper
1300 3952 1448 4038 augusta
1461 3953 1496 4019 et
1509 3947 1629 4041 regina

209 4065 341 4160 Sicilie,
356 4066 502 4163 lingerio
516 4065 562 4142 de
575 4067 705 4143 Calcat
721 4066 945 4142 Constantino
959 4066 1004 4142 dc
1014 4069 1243 4143 Tauromonte
1254 4066 1305 4167 (a)
1316 4069 1480 4165 magistro
1498 4069 1626 4164 duone,

210 4190 345 4265 dilectis
366 4190 529 4267 fidelibus
550 4194 641 4287 suis,
663 4195 810 4288 gratiam
830 4214 931 4267 suam
955 4203 990 4269 at
1011 4194 1140 4269 bonam
1164 4195 1392 4268 voluntatem.
1415 4196 1630 4270 Venerabilis

209 4317 489 4415 archiepiscopus
504 4318 712 4393 Cusentiuns
732 4319 845 4397 fidelis
862 4329 979 4394 noster
1000 4319 1164 4417 exposuit
1179 4329 1215 4394 et
1235 4330 1445 4417 conquestus
1462 4329 1516 4395 ost
1532 4322 1630 4397 celsi·

209 4441 325 4516 tudini
347 4452 463 4518 nostre
483 4444 603 4519 dicens
623 4445 720 4542 quod
740 4467 820 4519 cum
834 4447 908 4540 J'am
926 4445 994 4522 alia
1013 4446 1091 4520 vice
1109 4453 1225 4521 nostra
1243 4447 1409 4522 serenitas
1428 4447 1547 4540 bajulo
1564 4446 1630 4520 Cu·

251 4693 289 4777 (a)
309 4696 393 4759 allus
407 4703 506 4759 sutem
525 4695 724 4758 Tncrccrease.
