4368 5876
244 576 342 638 luurcr.
358 571 402 658 9.]
694 568 890 632 HISTORIA
915 563 1207 630 olrlobnrtca.
1614 560 1655 622 9¹1

245 709 437 782 secuudum
457 715 611 781 tenorem
636 699 849 803 [privilegii]
871 703 963 778 boue
985 701 1150 776 memorio
1171 698 1279 796 patris
1298 697 1405 771 nostri
1431 695 1654 793 suprascripti

245 830 465 905 definitiones
478 831 604 921 lacere,
619 828 750 902 scilicet
763 828 808 903 do
821 828 960 902 leminis
977 825 1175 919 liberisque
1189 846 1228 896 se
1244 821 1381 898 famulis
1394 821 1504 918 ipsius
1517 842 1657 896 monas-

245 955 321 1028 terii
346 955 598 1052 copulaverunt
619 953 695 1026 sive
711 951 815 1026 etiam
840 952 886 1026 de
911 951 1049 1025 familiis
1071 950 1218 1024 aliarum
1243 947 1594 1041 ecclesiarumque]
1619 965 1657 1020 se

245 1101 324 1152 cum
343 1079 480 1152 lamulis
497 1077 643 1174 predicti
658 1076 856 1152 monasterii
869 1076 1051 1170 junxerint
1070 1075 1126 1148 vel
1149 1074 1293 1146 aliarum
1309 1071 1414 1146 etiam
1431 1091 1656 1168 personarum

246 1205 410 1276 laicamm
429 1203 485 1276 vel
510 1201 712 1276 clericorum
730 1222 791 1298 per
808 1201 913 1294 bujus
931 1201 1038 1274 nostri
1057 1197 1208 1295 pronepti
1226 1195 1463 1270 auctoritatem
1485 1197 1560 1269 sine
1576 1217 1658 1268 om-

246 1327 344 1400 nium
366 1326 636 1401 contradictione
656 1325 851 1423 predictum
870 1325 1114 1399 monasterium
1141 1323 1244 1420 pleno
1264 1325 1344 1416 jure
1369 1319 1496 1394 habeut
1512 1329 1548 1392 et
1573 1341 1659 1416 pos-

246 1450 370 1525 sideat.
390 1451 546 1525 Ceterum
572 1450 773 1524 auctoritato
796 1458 912 1523 nostra
937 1447 1155 1523 decernimus
1171 1455 1207 1519 at
1228 1445 1402 1519 sancimus
1420 1453 1460 1516 ut
1474 1443 1659 1540 episcopus

247 1574 404 1668 ejusdem
427 1575 577 1649 civitatis
601 1575 732 1648 nullam
756 1597 912 1670 unquam
937 1583 1138 1672 potestatem
1158 1571 1283 1644 habeat
1306 1569 1441 1666 aliquid
1469 1569 1553 1643 indo
1574 1571 1658 1643 abs-

249 1700 382 1774 trahere
411 1701 467 1772 vel
488 1700 555 1772 sibi
583 1721 754 1797 usurpare
778 1709 839 1774 aut
860 1698 964 1773 alicui
989 1699 1025 1771 in
1054 1695 1261 1771 beneficium
1278 1695 1364 1769 dare
1386 1694 1441 1768 vel
1459 1694 1495 1766 in
1520 1693 1658 1768 fodrum

248 1824 431 1918 exquirere
447 1824 504 1896 vel
519 1823 670 1918 aliquem
688 1823 880 1898 districtum
898 1822 1039 1913 babere,
1061 1821 1127 1895 nisi
1145 1828 1277 1894 tantum
1292 1817 1388 1914 quod
1412 1817 1603 1912 antiquitus
1621 1819 1659 1891 iu

249 1947 355 2043 priori
377 1955 538 2044 precepto
559 1947 675 2020 Karoli
699 1948 913 2036 continetur,
933 1955 973 2018 ut
997 1945 1034 2019 in
1053 1945 1239 2019 festivitate
1259 1942 1375 2018 Sancti
1392 1943 1540 2016 Zenonis
1560 1944 1661 2018 annis

249 2071 396 2166 siugulis
423 2071 632 2144 manchusos
656 2069 782 2166 viginti
808 2081 870 2144 aut
892 2071 1145 2166 qninquaginta
1170 2067 1298 2143 solidos
1323 2091 1403 2142 cum
1432 2069 1506 2141 suis
1528 2068 1662 2142 clericis

250 2193 407 2290 accipiat.
427 2195 511 2267 ltem
529 2195 714 2268 statuimus
733 2203 773 2267 nt
797 2195 834 2267 in
853 2193 1017 2291 predictis
1034 2193 1308 2292 possessionibus
1328 2193 1524 2266 monasterii
1546 2195 1663 2268 nullus

250 2319 446 2416 episcopus,
466 2319 557 2410 dux,
576 2319 750 2408 marchio,
770 2341 907 2413 comos,
932 2319 1142 2411 vicecomes,
1170 2319 1264 2390 nulla
1285 2317 1425 2410 civitas,
1448 2319 1608 2392 consules
1628 2328 1663 2392 et

251 2451 414 2538 potestas,
432 2445 528 2517 nulla
548 2466 694 2541 persona
717 2467 844 2540 magua
859 2446 916 2519 vel
937 2467 1045 2541 parva
1058 2452 1170 2541 preter
1185 2443 1345 2518 abbatem
1362 2442 1505 2538 aliquod
1522 2439 1661 2517 fodrum

251 2567 397 2662 accipiat
411 2570 466 2642 vel
479 2568 630 2663 aliquam
647 2569 865 2644 exactionem
880 2569 926 2643 de
941 2579 1054 2643 cetero
1069 2569 1172 2642 iaciat
1187 2568 1237 2660 ei,
1259 2577 1372 2665 preter
1388 2577 1539 2641 nostram
1553 2569 1662 2642 solam

252 2691 463 2784 majestalom
490 2693 547 2766 rel
576 2703 731 2765 nostrum
749 2704 882 2767 certum
904 2696 1045 2766 missum
1073 2714 1177 2788 quem
1204 2692 1341 2766 adhoc
1364 2691 1557 2788 specialiter
1582 2714 1663 2767 oum

253 2815 379 2889 nostris
395 2817 498 2890 certis
514 2817 634 2890 litteris
651 2817 914 2892 destinaremus.
940 2818 1151 2914 Precipimus
1170 2817 1274 2892 etiam
1293 2815 1389 2912 qnod
1405 2816 1500 2890 nulla
1517 2838 1663 2913 persona

252 2940 394 3016 omuino
411 2951 587 3037 presumat
610 2941 771 3016 ordinare
792 2963 854 3016 seu
875 2952 1025 3016 statuere
1046 2940 1297 3037 gaataldloues,
1318 2940 1476 3014 consules
1500 2939 1577 3014 sive
1596 2963 1664 3038 po-

254 3073 409 3152 testates,
431 3065 562 3139 aliasve
587 3087 751 3163 personas
774 3087 844 3162 que
874 3065 1070 3139 communia
1099 3065 1249 3138 debeant
1275 3086 1438 3139 exercere
1464 3065 1602 3160 negotia
1626 3067 1663 3139 in

252 3187 415 3285 predictis
435 3189 557 3263 aliisve
579 3191 663 3264 locis
686 3200 721 3264 et
741 3190 843 3264 bouis
863 3189 1060 3264 monasterii
1085 3189 1151 3287 ipsi
1170 3212 1191 3263 a
1210 3189 1312 3263 uobis
1328 3191 1385 3263 vel
1400 3211 1422 3264 u
1438 3189 1665 3287 predecesso-

252 3313 351 3385 ribus
368 3314 492 3387 nostris
512 3316 685 3388 concessis
700 3325 735 3389 et
751 3314 976 3399 confirmatis,
995 3323 1109 3411 preter
1123 3313 1285 3388 abbatem
1306 3321 1342 3386 et
1360 3321 1570 3388 conventum
1584 3337 1666 3392 mo-

253 3437 406 3511 nasterii.
429 3437 473 3510 Et
491 3439 575 3534 qnia
597 3461 721 3535 parum
739 3440 796 3513 vel
813 3438 899 3512 nihil
921 3440 1059 3535 penitus
1074 3438 1271 3534 jurisdictio
1295 3460 1458 3513 concessa
1474 3441 1532 3513 vel
1557 3440 1666 3514 comi·

255 3571 346 3634 tatus
359 3563 434 3636 sive
447 3561 622 3636 districtus
635 3565 764 3646 valeret
776 3564 807 3636 si
821 3563 968 3659 quilibet
982 3563 1125 3637 arbitrio
1140 3563 1279 3659 proprio
1291 3563 1511 3657 munitiones,
1529 3563 1666 3640 edificia

254 3685 311 3759 vel
337 3696 448 3758 turres
474 3686 550 3760 sive
579 3687 706 3761 fossata
723 3696 842 3762 contra
866 3690 1078 3763 volontatem
1094 3687 1371 3781 iurisdictionem
1397 3689 1554 3762 habentis
1579 3712 1664 3763 con·

255 3818 402 3883 strueret
425 3819 461 3882 et
485 3809 663 3884 edificaret
686 3821 722 3884 et
744 3813 897 3886 maxime
921 3834 990 3908 que
1018 3813 1173 3886 scandali
1201 3814 1258 3886 vel
1283 3812 1463 3888 seditionis
1490 3815 1667 3890 materiam

254 3933 387 4029 possint
401 3954 585 4029 generare,
603 3956 651 4008 ex
673 3945 765 4010 certa
786 3937 929 4011 scientia
950 3937 1148 4011 inhibemus
1173 3959 1218 4011 uo
1240 3937 1367 4032 aliquis
1391 3938 1518 4013 audeat
1535 3939 1667 4034 erigere

256 4058 377 4130 turrim
392 4059 449 4132 vel
465 4058 608 4133 domum
622 4059 698 4134 sive
713 4060 855 4154 aliquod
871 4059 1048 4136 edificium
1066 4060 1112 4135 do
1124 4061 1266 4137 matema
1280 4084 1501 4157 quacumque
1513 4085 1584 4158 que
1598 4086 1667 4136 ex-

255 4181 358 4255 cedat
373 4181 592 4257 altitudinem
610 4184 713 4256 trinm
734 4193 943 4281 punctorum
957 4195 992 4260 et
1007 4185 1143 4260 dimidii
1164 4209 1185 4260 a
1207 4196 1295 4260 terra
1313 4187 1513 4261 naturaliter
1532 4187 1614 4276 sita,
1633 4200 1669 4263 et

254 4306 398 4399 somam,
420 4307 512 4380 valla
530 4309 588 4382 vel
613 4317 742 4382 motam
764 4310 868 4382 nullis
888 4311 1025 4406 penitus
1048 4311 1149 4384 liceat
1169 4321 1283 4406 preter
1306 4311 1440 4384 abbatis
1464 4321 1501 4386 et
1526 4312 1668 4410 capituli

255 4429 467 4503 voluntatem
482 4431 599 4505 lodere
618 4433 675 4506 vel
692 4443 891 4506 construere
915 4435 951 4505 iu
969 4433 1012 4506 iis
1028 4434 1112 4507 locis
1126 4434 1162 4506 in
1179 4435 1341 4529 qoibnsa
1358 4437 1458 4509 nobis
1474 4441 1567 4512 vela
1586 4461 1670 4536 pre-

257 4551 496 4627 decessoribus
509 4555 634 4630 nostris
652 4556 685 4630 ei
701 4579 865 4632 concessa
881 4567 933 4632 est
944 4558 1139 4651 jurisdictio
1155 4570 1191 4632 et
1203 4561 1381 4656 presertim
1398 4561 1434 4634 in
1447 4562 1532 4637 Vico
1544 4563 1671 4640 Aderis

255 4686 292 4748 et
304 4677 381 4769 ejus
399 4679 614 4774 pertinentia.
638 4681 741 4768 Quod
765 4683 795 4756 si
817 4684 946 4758 lactum
968 4683 1089 4774 fuerit,
1106 4683 1207 4757 liceat
1223 4684 1341 4759 abbati
1359 4695 1394 4760 et
1412 4691 1668 4765 successoribus

359 4803 401 4864 ΙΙ.
1469 4822 1504 4875 aa
