4436 5870
468 549 510 612 60
972 555 1184 619 l'ltlnltltltl
1210 560 1384 624 secuto!
1693 557 1771 634 [Arra.
1791 558 1876 620 lm

470 688 527 758 vel
541 707 602 782 per
615 686 721 758 alium
735 688 859 760 auleis
873 689 944 762 ullo
962 691 1067 765 modo
1082 687 1253 788 pertinent
1268 699 1324 770 vel
1339 699 1384 770 ab
1396 697 1473 770 allis
1484 695 1637 792 ipsorum
1652 693 1791 766 nomine
1804 694 1879 766 sive

473 832 536 905 pru
553 809 604 882 eia
620 811 818 884 detinentur
838 823 873 884 et
885 812 941 885 hia
957 817 1120 890 omnibus
1135 841 1205 912 que
1218 819 1255 892 in
1271 831 1447 917 posterum
1465 817 1698 914 acquisierint,
1720 816 1880 890 videlicet

471 935 639 1024 bannum,
657 934 835 1030 placitum,
856 935 1062 1028 districtum,
1082 943 1260 1035 telonium,
1279 945 1484 1042 pedagium,
1500 943 1696 1039 ripaticum,
1715 950 1877 1031 monaca,

471 1080 581 1152 aquas
599 1079 837 1154 aquarumque
862 1059 1046 1154 decursus,
1074 1067 1296 1160 piscationes,
1318 1069 1536 1156 venationes,
1561 1064 1725 1163 poleda,
1748 1064 1880 1156 argenti

470 1180 620 1270 fodinas,
641 1181 720 1252 ferri
739 1181 874 1254 fodinas
898 1194 932 1255 ot
948 1187 1118 1282 quicquid
1136 1192 1264 1264 metalli
1283 1193 1338 1264 val
1360 1191 1513 1264 thesauri
1529 1191 1564 1262 in
1580 1199 1669 1262 terra
1691 1209 1755 1260 sua
1778 1187 1880 1258 iuvo-

469 1305 536 1376 niri
558 1313 685 1401 potent,
711 1306 805 1400 alpos
823 1327 963 1400 quoque
982 1319 1018 1382 et
1035 1323 1186 1404 montes,
1213 1314 1321 1388 valles
1345 1325 1379 1387 et
1401 1314 1518 1386 omnia
1534 1335 1575 1386 ea
1601 1333 1671 1406 qno
1694 1308 1740 1384 nd
1764 1331 1827 1382 nos
1846 1318 1880 1381 et

469 1429 652 1523 imperium
667 1439 840 1525 spectant3
859 1452 948 1524 quaa
966 1433 1087 1527 utique
1104 1445 1210 1510 terras
1230 1450 1264 1510 et
1286 1439 1519 1536 possessiones
1545 1435 1690 1530 dignum
1715 1433 1881 1507 duximus

470 1553 616 1648 propriis
645 1553 890 1648 exprimendas
907 1557 1087 1629 vocabulis
1110 1583 1118 1627 :
1138 1561 1365 1634 Motillianum
1393 1583 1472 1634 cum
1502 1561 1606 1634 rocha
1630 1569 1665 1632 et
1688 1558 1826 1632 castello
1847 1566 1882 1630 et

469 1700 550 1750 cum
568 1686 638 1749 tota
655 1689 751 1749 curte
772 1678 940 1770 ejusdem,
962 1691 1111 1754 castrum
1130 1686 1224 1779 qnod
1247 1687 1375 1760 dicitnr
1398 1686 1613 1774 Tredotium‚
1630 1682 1879 1776 Grasignanum

469 1801 582 1884 vallis,
597 1803 858 1892 lllonasatulum‚
871 1803 1044 1878 abbatiam
1059 1807 1105 1878 de
1118 1806 1262 1884 acereta
1276 1831 1357 1882 cnm
1373 1819 1443 1884 tota
1454 1819 1550 1884 curte
1560 1806 1731 1902 ejusdem,
1742 1804 1878 1890 linare,

468 1925 633 2015 Abetem,
662 1933 772 1996 totum
794 1926 1001 1999 tauritorium
1029 1927 1192 2022 Gallioni,
1218 1933 1436 2020 Terminum,
1456 1932 1682 2017 corennum,
1710 1923 1877 2012 Monadi,

469 2048 642 2122 abbatiam
659 2049 783 2120 Sancte
801 2049 981 2143 Reparate
1002 2053 1217 2128 medietatem
1241 2056 1394 2128 Bilurchi
1412 2077 1491 2128 cum
1510 2053 1655 2127 dimidia
1675 2071 1739 2124 cue
1759 2047 1878 2138 curtis,

468 2173 749 2263 Cammurannm,
767 2173 899 2246 tertiam
917 2185 1048 2270 partem
1071 2175 1305 2270 Gamharaldi,
1325 2189 1462 2252 centum
1480 2197 1619 2252 mannos
1632 2175 1679 2249 de
1691 2183 1781 2246 terra
1793 2191 1882 2266 qnos

466 2297 596 2369 habent
615 2296 785 2392 capitanei
801 2296 847 2369 de
864 2295 1015 2372 Gattaria
1033 2322 1114 2372 oum
1132 2300 1270 2375 duobus
1286 2303 1432 2375 castellis
1449 2301 1613 2374 videlicet
1626 2297 1831 2372 Montebello
1845 2305 1882 2368 et

467 2419 718 2508 Montevecclo,
750 2419 922 2492 Portinam
949 2419 1016 2516 (a),
1049 2421 1183 2516 plebem
1210 2426 1325 2498 Sancti
1349 2424 1514 2500 iohannis
1540 2422 1668 2496 dictam
1695 2416 1881 2492 montedo

466 2545 635 2630 Bonane,
654 2544 921 2636 Baccagnanum
941 2566 1021 2616 cum
1038 2554 1109 2618 tota
1122 2557 1220 2620 curte
1236 2571 1320 2640 sna,
1340 2549 1517 2622 castellnm
1534 2545 1701 2619 Iohannis
1718 2540 1877 2628 Arduini,

466 2677 573 2740 totam
588 2667 751 2738 collinam
765 2668 882 2740 Sancti
897 2668 1013 2740 Hillnri
1028 2669 1093 2764 (b),
1115 2680 1265 2744 monmm
1287 2670 1332 2744 de
1345 2671 1474 2762 Rodio,
1495 2669 1743 2753 Fontanellam
1764 2665 1881 2758 Aqua·

466 2799 575 2862 ratam
601 2800 636 2860 et
664 2797 772 2860 totum
800 2789 1006 2860 territorium
1030 2791 1075 2864 de
1099 2789 1292 2884 Cananioo,
1323 2791 1506 2882 Blancani,
1534 2789 1685 2878 cumn,
1710 2785 1881 2862 Massilio-

468 2915 541 2984 lum
565 2911 631 3006 (c),
657 2922 808 2984 montem
832 2912 1014 3006 Ceperani,
1040 2913 1239 3000 Coniolum‚
1265 2914 1399 2988 Petram
1428 2913 1641 2988 Mauricum
1669 2932 1733 2984 sua
1762 2917 1877 2994 curte,

468 3035 650 3106 Castellum
674 3055 827 3121 novum,
853 3035 1103 3127 Ralagnnolum
1126 3037 1200 3132 (d),
1231 3038 1444 3125 Senznnum,
1469 3033 1686 3109 Dovadulam
1709 3054 1789 3105 cum
1818 3051 1881 3102 uua

468 3163 577 3243 curte,
599 3154 742 3244 Cellum,
760 3165 911 3227 montom
929 3157 1041 3242 Pauli,
1064 3157 1167 3249 Colle,
1191 3167 1341 3230 montem
1357 3156 1522 3244 Acutum,
1544 3154 1753 3239 scamellum,
1776 3149 1880 3224 vidi-

468 3278 641 3370 glianum,
672 3277 862 3370 llivagotti,
893 3278 1196 3372 Rapidignanum,
1225 3280 1429 3366 Cutiannm‚
1455 3277 1675 3350 medietatem
1704 3275 1811 3348 curtis
1837 3271 1882 3345 de

469 3401 687 3490 Santuriano,
709 3402 888 3473 castellum
901 3402 948 3474 de
963 3404 1092 3476 Collina
1106 3403 1165 3500 (e),
1182 3404 1411 3493 Luoarellum‚
1430 3401 1677 3495 Pauenlnpum,
1693 3397 1877 3485 Ponticum,

469 3526 674 3614 lllesaurise,
698 3526 874 3596 castellum
895 3526 940 3598 de
961 3525 1076 3599 Monte
1097 3527 1143 3601 de
1163 3529 1286 3615 fracta,
1341 3525 1501 3598 imidium
1523 3531 1725 3619 patronatus
1746 3519 1883 3594 abbatie

469 3649 585 3718 Sancti
602 3646 779 3718 Benedicti
798 3647 837 3718 in
857 3649 1014 3736 Bilurcu,
1040 3649 1240 3740 Plomicari,
1270 3649 1445 3722 castollum
1469 3645 1515 3720 de
1539 3647 1644 3742 Alpe,
1670 3643 1877 3726 Comiolum

468 3769 616 3844 Podium
640 3768 784 3856 ubaldi,
815 3773 992 3846 castellnm
1016 3771 1113 3864 quod
1139 3770 1265 3844 dicitur
1300 3773 1445 3844 Sanctus
1472 3768 1700 3855 oenomaum
1736 3767 1881 3840 lloocam

470 3895 516 3968 de
529 3895 647 3986 Bagno
665 3901 700 3966 et
714 3894 866 3987 burgum
881 3903 916 3966 et
933 3893 1067 3988 plebem
1078 3903 1114 3966 et
1126 3894 1287 3966 balneum
1301 3915 1382 3966 cnm
1394 3914 1458 3966 sna
1472 3900 1582 3984 oncle,
1595 3889 1878 3986 Fregaboliziam,

510 4227 550 4300 (a)
569 4228 625 4302 Ap.
642 4226 821 4288 lldelonsnm
835 4226 992 4287 Porcinam.

511 4329 553 4409 (b)
573 4331 686 4391 lblulem
699 4329 794 4391 [barii.

513 4431 550 4514 (c)
571 4435 684 4495 lbldem
697 4433 883 4498 Mitilllolum.

514 4535 555 4614 (dl
575 4537 688 4597 lbldam
701 4537 916 4619 llmdqaolum.

514 4639 552 4717 (c)
570 4640 683 4702 lbldem
701 4639 829 4702 cuneta.
