<?xml version="1.0" encoding="UTF-8"?>
<!DOCTYPE html PUBLIC "-//W3C//DTD XHTML 1.0 Transitional//EN"
    "http://www.w3.org/TR/xhtml1/DTD/xhtml1-transitional.dtd">
<html xmlns="http://www.w3.org/1999/xhtml" xml:lang="en" lang="en">
 <head>
  <title>
</title>
<meta http-equiv="Content-Type" content="text/html;charset=utf-8" />
  <meta name='ocr-system' content='tesseract 3.04.00' />
  <meta name='ocr-capabilities' content='ocr_page ocr_carea ocr_par ocr_line ocrx_word'/>
</head>
<body>
  <div class='ocr_page' id='page_1' title='image "./historiadiploma08fredgoog_0034.png"; bbox 0 0 4436 5870; ppageno 0'>
   <div class='ocr_carea' id='block_1_1' title="bbox 543 541 1954 622">
    <p class='ocr_par' dir='ltr' id='par_1_1' title="bbox 543 541 1954 622">
     <span class='ocr_line' id='line_1_1' title="bbox 543 541 1954 622; baseline 0.003 -18"><span class='ocrx_word' id='word_1_1' title='bbox 543 544 584 604; x_wconf 78' lang='lat' dir='ltr'><strong>aa</strong></span> <span class='ocrx_word' id='word_1_2' title='bbox 1045 542 1257 605; x_wconf 80' lang='lat' dir='ltr'><strong>saturaret</strong></span> <span class='ocrx_word' id='word_1_3' title='bbox 1284 541 1456 604; x_wconf 81' lang='lat' dir='ltr'><strong>suounnr</strong></span> <span class='ocrx_word' id='word_1_4' title='bbox 1768 544 1849 622; x_wconf 68' lang='lat' dir='ltr'><strong>[nrt.</strong></span> <span class='ocrx_word' id='word_1_5' title='bbox 1869 545 1954 609; x_wconf 81' lang='lat' dir='ltr'><strong>raso</strong></span> 
     </span>
    </p>
   </div>
   <div class='ocr_carea' id='block_1_2' title="bbox 545 677 1960 2522">
    <p class='ocr_par' dir='ltr' id='par_1_2' title="bbox 545 677 1960 2522">
     <span class='ocr_line' id='line_1_2' title="bbox 545 677 1954 775; baseline 0.004 -24"><span class='ocrx_word' id='word_1_6' title='bbox 545 679 665 752; x_wconf 89' lang='lat' dir='ltr'><strong>castris</strong></span> <span class='ocrx_word' id='word_1_7' title='bbox 681 701 787 774; x_wconf 87' lang='lat' dir='ltr'><strong>quam</strong></span> <span class='ocrx_word' id='word_1_8' title='bbox 807 678 842 750; x_wconf 90' lang='lat' dir='ltr'><strong>in</strong></span> <span class='ocrx_word' id='word_1_9' title='bbox 866 679 963 771; x_wconf 86' lang='lat' dir='ltr'><strong>locis,</strong></span> <span class='ocrx_word' id='word_1_10' title='bbox 984 677 1076 752; x_wconf 88' lang='lat' dir='ltr'><strong>villis</strong></span> <span class='ocrx_word' id='word_1_11' title='bbox 1100 689 1136 752; x_wconf 89' lang='lat' dir='ltr'><strong>et</strong></span> <span class='ocrx_word' id='word_1_12' title='bbox 1156 679 1443 774; x_wconf 74' lang='lat' dir='ltr'><strong>habitationibus,</strong></span> <span class='ocrx_word' id='word_1_13' title='bbox 1464 679 1581 764; x_wconf 84' lang='lat' dir='ltr'><strong>terris,</strong></span> <span class='ocrx_word' id='word_1_14' title='bbox 1602 681 1719 775; x_wconf 81' lang='lat' dir='ltr'><strong>aquis,</strong></span> <span class='ocrx_word' id='word_1_15' title='bbox 1739 681 1954 770; x_wconf 84' lang='lat' dir='ltr'><strong>fluminibus,</strong></span> 
     </span>
     <span class='ocr_line' id='line_1_3' title="bbox 546 802 1957 900; baseline 0.004 -24"><span class='ocrx_word' id='word_1_16' title='bbox 546 804 696 898; x_wconf 80' lang='lat' dir='ltr'><strong>stagnis,</strong></span> <span class='ocrx_word' id='word_1_17' title='bbox 718 802 930 898; x_wconf 88' lang='lat' dir='ltr'><strong>paludibus,</strong></span> <span class='ocrx_word' id='word_1_18' title='bbox 956 802 1128 899; x_wconf 87' lang='lat' dir='ltr'><strong>pasculis,</strong></span> <span class='ocrx_word' id='word_1_19' title='bbox 1152 803 1330 900; x_wconf 86' lang='lat' dir='ltr'><strong>piscariis,</strong></span> <span class='ocrx_word' id='word_1_20' title='bbox 1350 805 1612 900; x_wconf 77' lang='lat' dir='ltr'><strong>argentifodiuis</strong></span> <span class='ocrx_word' id='word_1_21' title='bbox 1633 814 1669 878; x_wconf 89' lang='lat' dir='ltr'><strong>et</strong></span> <span class='ocrx_word' id='word_1_22' title='bbox 1684 805 1847 879; x_wconf 92' lang='lat' dir='ltr'><strong>omnibus</strong></span> <span class='ocrx_word' id='word_1_23' title='bbox 1859 807 1957 882; x_wconf 85' lang='lat' dir='ltr'><strong>vonis</strong></span> 
     </span>
     <span class='ocr_line' id='line_1_4' title="bbox 548 928 1957 1026; baseline 0.003 -24"><span class='ocrx_word' id='word_1_24' title='bbox 548 929 761 1002; x_wconf 85' lang='lat' dir='ltr'><strong>metallorum</strong></span> <span class='ocrx_word' id='word_1_25' title='bbox 781 937 815 1000; x_wconf 89' lang='lat' dir='ltr'><strong>et</strong></span> <span class='ocrx_word' id='word_1_26' title='bbox 829 928 948 1002; x_wconf 91' lang='lat' dir='ltr'><strong>salinis</strong></span> <span class='ocrx_word' id='word_1_27' title='bbox 965 938 1000 1002; x_wconf 89' lang='lat' dir='ltr'><strong>et</strong></span> <span class='ocrx_word' id='word_1_28' title='bbox 1022 928 1120 1002; x_wconf 87' lang='lat' dir='ltr'><strong>silvis</strong></span> <span class='ocrx_word' id='word_1_29' title='bbox 1137 951 1217 1002; x_wconf 92' lang='lat' dir='ltr'><strong>oum</strong></span> <span class='ocrx_word' id='word_1_30' title='bbox 1234 931 1329 1003; x_wconf 90' lang='lat' dir='ltr'><strong>omni</strong></span> <span class='ocrx_word' id='word_1_31' title='bbox 1346 929 1562 1026; x_wconf 87' lang='lat' dir='ltr'><strong>plenitudiue</strong></span> <span class='ocrx_word' id='word_1_32' title='bbox 1584 939 1620 1004; x_wconf 84' lang='lat' dir='ltr'><strong>et</strong></span> <span class='ocrx_word' id='word_1_33' title='bbox 1642 930 1837 1026; x_wconf 77' lang='lat' dir='ltr'><strong>integritate</strong></span> <span class='ocrx_word' id='word_1_34' title='bbox 1857 933 1957 1006; x_wconf 82' lang='lat' dir='ltr'><strong>vobit</strong></span> 
     </span>
     <span class='ocr_line' id='line_1_5' title="bbox 546 1052 1956 1150; baseline 0.003 -24"><span class='ocrx_word' id='word_1_35' title='bbox 546 1053 782 1128; x_wconf 74' lang='lat' dir='ltr'><strong>concedimus.</strong></span> <span class='ocrx_word' id='word_1_36' title='bbox 809 1052 1037 1127; x_wconf 86' lang='lat' dir='ltr'><strong>Concsdimus</strong></span> <span class='ocrx_word' id='word_1_37' title='bbox 1058 1052 1162 1126; x_wconf 88' lang='lat' dir='ltr'><strong>etiam</strong></span> <span class='ocrx_word' id='word_1_38' title='bbox 1187 1054 1288 1128; x_wconf 83' lang='lat' dir='ltr'><strong>vobis</strong></span> <span class='ocrx_word' id='word_1_39' title='bbox 1310 1063 1461 1128; x_wconf 76' lang='lat' dir='ltr'><strong>casum</strong></span> <span class='ocrx_word' id='word_1_40' title='bbox 1485 1055 1597 1128; x_wconf 82' lang='lat' dir='ltr'><strong>blasae</strong></span> <span class='ocrx_word' id='word_1_41' title='bbox 1620 1064 1656 1150; x_wconf 80' lang='lat' dir='ltr'><strong>et</strong></span> <span class='ocrx_word' id='word_1_42' title='bbox 1675 1055 1786 1150; x_wconf 88' lang='lat' dir='ltr'><strong>ipsam</strong></span> <span class='ocrx_word' id='word_1_43' title='bbox 1810 1056 1956 1130; x_wconf 85' lang='lat' dir='ltr'><strong>Massam</strong></span> 
     </span>
     <span class='ocr_line' id='line_1_6' title="bbox 546 1177 1958 1274; baseline 0.001 -22"><span class='ocrx_word' id='word_1_44' title='bbox 546 1203 625 1252; x_wconf 91' lang='lat' dir='ltr'><strong>cum</strong></span> <span class='ocrx_word' id='word_1_45' title='bbox 644 1179 806 1252; x_wconf 91' lang='lat' dir='ltr'><strong>omnibus</strong></span> <span class='ocrx_word' id='word_1_46' title='bbox 825 1178 899 1252; x_wconf 90' lang='lat' dir='ltr'><strong>suis</strong></span> <span class='ocrx_word' id='word_1_47' title='bbox 919 1178 1145 1274; x_wconf 77' lang='lat' dir='ltr'><strong>pertinentiis.</strong></span> <span class='ocrx_word' id='word_1_48' title='bbox 1169 1180 1314 1274; x_wconf 88' lang='lat' dir='ltr'><strong>lnsuper</strong></span> <span class='ocrx_word' id='word_1_49' title='bbox 1330 1177 1552 1274; x_wconf 76' lang='lat' dir='ltr'><strong>indulgemus</strong></span> <span class='ocrx_word' id='word_1_50' title='bbox 1568 1187 1603 1254; x_wconf 88' lang='lat' dir='ltr'><strong>at</strong></span> <span class='ocrx_word' id='word_1_51' title='bbox 1619 1180 1843 1254; x_wconf 89' lang='lat' dir='ltr'><strong>uouoedimus</strong></span> <span class='ocrx_word' id='word_1_52' title='bbox 1858 1180 1958 1254; x_wconf 83' lang='lat' dir='ltr'><strong>robis</strong></span> 
     </span>
     <span class='ocr_line' id='line_1_7' title="bbox 549 1302 1958 1399; baseline -0.002 -21"><span class='ocrx_word' id='word_1_53' title='bbox 549 1313 587 1378; x_wconf 91' lang='lat' dir='ltr'><strong>ut</strong></span> <span class='ocrx_word' id='word_1_54' title='bbox 604 1304 690 1376; x_wconf 90' lang='lat' dir='ltr'><strong>nulli</strong></span> <span class='ocrx_word' id='word_1_55' title='bbox 713 1323 858 1399; x_wconf 91' lang='lat' dir='ltr'><strong>persone</strong></span> <span class='ocrx_word' id='word_1_56' title='bbox 883 1303 938 1376; x_wconf 83' lang='lat' dir='ltr'><strong>vel</strong></span> <span class='ocrx_word' id='word_1_57' title='bbox 964 1303 1165 1376; x_wconf 92' lang='lat' dir='ltr'><strong>bominibus</strong></span> <span class='ocrx_word' id='word_1_58' title='bbox 1181 1304 1238 1377; x_wconf 87' lang='lat' dir='ltr'><strong>vel</strong></span> <span class='ocrx_word' id='word_1_59' title='bbox 1255 1302 1315 1376; x_wconf 91' lang='lat' dir='ltr'><strong>alii</strong></span> <span class='ocrx_word' id='word_1_60' title='bbox 1337 1304 1468 1377; x_wconf 86' lang='lat' dir='ltr'><strong>civitati</strong></span> <span class='ocrx_word' id='word_1_61' title='bbox 1489 1303 1546 1377; x_wconf 84' lang='lat' dir='ltr'><strong>uel</strong></span> <span class='ocrx_word' id='word_1_62' title='bbox 1564 1305 1640 1377; x_wconf 88' lang='lat' dir='ltr'><strong>loeo</strong></span> <span class='ocrx_word' id='word_1_63' title='bbox 1655 1302 1701 1378; x_wconf 92' lang='lat' dir='ltr'><strong>de</strong></span> <span class='ocrx_word' id='word_1_64' title='bbox 1722 1312 1836 1378; x_wconf 83' lang='lat' dir='ltr'><strong>eutero</strong></span> <span class='ocrx_word' id='word_1_65' title='bbox 1859 1304 1958 1378; x_wconf 86' lang='lat' dir='ltr'><strong>lineat</strong></span> 
     </span>
     <span class='ocr_line' id='line_1_8' title="bbox 547 1426 1957 1524; baseline 0 -22"><span class='ocrx_word' id='word_1_66' title='bbox 547 1429 709 1504; x_wconf 76' lang='lat' dir='ltr'><strong>edificem</strong></span> <span class='ocrx_word' id='word_1_67' title='bbox 729 1427 871 1524; x_wconf 87' lang='lat' dir='ltr'><strong>aliquod</strong></span> <span class='ocrx_word' id='word_1_68' title='bbox 894 1426 1070 1500; x_wconf 87' lang='lat' dir='ltr'><strong>edificium</strong></span> <span class='ocrx_word' id='word_1_69' title='bbox 1092 1429 1149 1500; x_wconf 89' lang='lat' dir='ltr'><strong>vel</strong></span> <span class='ocrx_word' id='word_1_70' title='bbox 1169 1428 1397 1502; x_wconf 90' lang='lat' dir='ltr'><strong>munitionem</strong></span> <span class='ocrx_word' id='word_1_71' title='bbox 1425 1429 1613 1524; x_wconf 86' lang='lat' dir='ltr'><strong>aliquama</strong></span> <span class='ocrx_word' id='word_1_72' title='bbox 1634 1430 1709 1502; x_wconf 89' lang='lat' dir='ltr'><strong>looo</strong></span> <span class='ocrx_word' id='word_1_73' title='bbox 1732 1428 1826 1504; x_wconf 89' lang='lat' dir='ltr'><strong>dioto</strong></span> <span class='ocrx_word' id='word_1_74' title='bbox 1849 1429 1957 1502; x_wconf 84' lang='lat' dir='ltr'><strong>Corbu</strong></span> 
     </span>
     <span class='ocr_line' id='line_1_9' title="bbox 548 1551 1958 1650; baseline -0.001 -22"><span class='ocrx_word' id='word_1_75' title='bbox 548 1554 723 1650; x_wconf 87' lang='lat' dir='ltr'><strong>usquead</strong></span> <span class='ocrx_word' id='word_1_76' title='bbox 747 1555 863 1626; x_wconf 83' lang='lat' dir='ltr'><strong>lauces</strong></span> <span class='ocrx_word' id='word_1_77' title='bbox 881 1551 966 1624; x_wconf 80' lang='lat' dir='ltr'><strong>Arni</strong></span> <span class='ocrx_word' id='word_1_78' title='bbox 985 1554 1041 1624; x_wconf 89' lang='lat' dir='ltr'><strong>vel</strong></span> <span class='ocrx_word' id='word_1_79' title='bbox 1064 1553 1100 1624; x_wconf 93' lang='lat' dir='ltr'><strong>in</strong></span> <span class='ocrx_word' id='word_1_80' title='bbox 1121 1553 1238 1650; x_wconf 79' lang='lat' dir='ltr'><strong>plagia</strong></span> <span class='ocrx_word' id='word_1_81' title='bbox 1252 1555 1355 1646; x_wconf 85' lang='lat' dir='ltr'><strong>juxta</strong></span> <span class='ocrx_word' id='word_1_82' title='bbox 1377 1575 1473 1628; x_wconf 85' lang='lat' dir='ltr'><strong>mare</strong></span> <span class='ocrx_word' id='word_1_83' title='bbox 1495 1554 1552 1627; x_wconf 85' lang='lat' dir='ltr'><strong>vel</strong></span> <span class='ocrx_word' id='word_1_84' title='bbox 1572 1553 1660 1626; x_wconf 87' lang='lat' dir='ltr'><strong>inira</strong></span> <span class='ocrx_word' id='word_1_85' title='bbox 1682 1561 1806 1626; x_wconf 78' lang='lat' dir='ltr'><strong>terram</strong></span> <span class='ocrx_word' id='word_1_86' title='bbox 1830 1553 1958 1648; x_wconf 87' lang='lat' dir='ltr'><strong>upede</strong></span> 
     </span>
     <span class='ocr_line' id='line_1_10' title="bbox 548 1677 1958 1773; baseline -0.001 -21"><span class='ocrx_word' id='word_1_87' title='bbox 548 1680 675 1752; x_wconf 90' lang='lat' dir='ltr'><strong>montis</strong></span> <span class='ocrx_word' id='word_1_88' title='bbox 691 1699 803 1772; x_wconf 89' lang='lat' dir='ltr'><strong>usque</strong></span> <span class='ocrx_word' id='word_1_89' title='bbox 822 1677 867 1751; x_wconf 87' lang='lat' dir='ltr'><strong>ad</strong></span> <span class='ocrx_word' id='word_1_90' title='bbox 889 1697 983 1749; x_wconf 81' lang='lat' dir='ltr'><strong>mara</strong></span> <span class='ocrx_word' id='word_1_91' title='bbox 1002 1699 1065 1773; x_wconf 89' lang='lat' dir='ltr'><strong>per</strong></span> <span class='ocrx_word' id='word_1_92' title='bbox 1080 1677 1266 1772; x_wconf 85' lang='lat' dir='ltr'><strong>jamdictos</strong></span> <span class='ocrx_word' id='word_1_93' title='bbox 1286 1677 1386 1750; x_wconf 88' lang='lat' dir='ltr'><strong>lines.</strong></span> <span class='ocrx_word' id='word_1_94' title='bbox 1406 1679 1574 1750; x_wconf 80' lang='lat' dir='ltr'><strong>Volumus</strong></span> <span class='ocrx_word' id='word_1_95' title='bbox 1591 1677 1637 1750; x_wconf 86' lang='lat' dir='ltr'><strong>ad</strong></span> <span class='ocrx_word' id='word_1_96' title='bbox 1653 1678 1718 1750; x_wconf 87' lang='lat' dir='ltr'><strong>heo</strong></span> <span class='ocrx_word' id='word_1_97' title='bbox 1735 1687 1775 1749; x_wconf 93' lang='lat' dir='ltr'><strong>ut</strong></span> <span class='ocrx_word' id='word_1_98' title='bbox 1791 1677 1903 1750; x_wconf 89' lang='lat' dir='ltr'><strong>Pisani</strong></span> <span class='ocrx_word' id='word_1_99' title='bbox 1925 1685 1958 1750; x_wconf 85' lang='lat' dir='ltr'><strong>et</strong></span> 
     </span>
     <span class='ocr_line' id='line_1_11' title="bbox 549 1801 1956 1900; baseline -0.003 -24"><span class='ocrx_word' id='word_1_100' title='bbox 549 1804 668 1900; x_wconf 91' lang='lat' dir='ltr'><strong>quide</strong></span> <span class='ocrx_word' id='word_1_101' title='bbox 688 1823 806 1875; x_wconf 92' lang='lat' dir='ltr'><strong>eorum</strong></span> <span class='ocrx_word' id='word_1_102' title='bbox 822 1801 979 1875; x_wconf 87' lang='lat' dir='ltr'><strong>districtu</strong></span> <span class='ocrx_word' id='word_1_103' title='bbox 997 1810 1077 1874; x_wconf 86' lang='lat' dir='ltr'><strong>snut</strong></span> <span class='ocrx_word' id='word_1_104' title='bbox 1091 1810 1126 1875; x_wconf 86' lang='lat' dir='ltr'><strong>ct</strong></span> <span class='ocrx_word' id='word_1_105' title='bbox 1144 1823 1264 1876; x_wconf 92' lang='lat' dir='ltr'><strong>eorum</strong></span> <span class='ocrx_word' id='word_1_106' title='bbox 1283 1823 1339 1875; x_wconf 89' lang='lat' dir='ltr'><strong>res</strong></span> <span class='ocrx_word' id='word_1_107' title='bbox 1354 1803 1424 1874; x_wconf 91' lang='lat' dir='ltr'><strong>sint</strong></span> <span class='ocrx_word' id='word_1_108' title='bbox 1437 1801 1536 1875; x_wconf 88' lang='lat' dir='ltr'><strong>liberi</strong></span> <span class='ocrx_word' id='word_1_109' title='bbox 1560 1801 1665 1875; x_wconf 85' lang='lat' dir='ltr'><strong>etiam</strong></span> <span class='ocrx_word' id='word_1_110' title='bbox 1687 1801 1753 1873; x_wconf 93' lang='lat' dir='ltr'><strong>sub</strong></span> <span class='ocrx_word' id='word_1_111' title='bbox 1779 1802 1956 1874; x_wconf 85' lang='lat' dir='ltr'><strong>consulatu</strong></span> 
     </span>
     <span class='ocr_line' id='line_1_12' title="bbox 550 1923 1959 2022; baseline -0.002 -21"><span class='ocrx_word' id='word_1_112' title='bbox 550 1940 585 2002; x_wconf 87' lang='lat' dir='ltr'><strong>st</strong></span> <span class='ocrx_word' id='word_1_113' title='bbox 596 1927 774 2020; x_wconf 88' lang='lat' dir='ltr'><strong>judicibus</strong></span> <span class='ocrx_word' id='word_1_114' title='bbox 791 1936 827 2000; x_wconf 88' lang='lat' dir='ltr'><strong>et</strong></span> <span class='ocrx_word' id='word_1_115' title='bbox 846 1927 1071 2022; x_wconf 83' lang='lat' dir='ltr'><strong>potestatibus</strong></span> <span class='ocrx_word' id='word_1_116' title='bbox 1086 1923 1132 2000; x_wconf 87' lang='lat' dir='ltr'><strong>de</strong></span> <span class='ocrx_word' id='word_1_117' title='bbox 1154 1949 1192 2001; x_wconf 91' lang='lat' dir='ltr'><strong>se</strong></span> <span class='ocrx_word' id='word_1_118' title='bbox 1212 1927 1317 2022; x_wconf 92' lang='lat' dir='ltr'><strong>ipsis,</strong></span> <span class='ocrx_word' id='word_1_119' title='bbox 1333 1927 1423 2002; x_wconf 90' lang='lat' dir='ltr'><strong>siout</strong></span> <span class='ocrx_word' id='word_1_120' title='bbox 1444 1926 1496 2000; x_wconf 90' lang='lat' dir='ltr'><strong>eis</strong></span> <span class='ocrx_word' id='word_1_121' title='bbox 1512 1925 1692 2021; x_wconf 84' lang='lat' dir='ltr'><strong>placuerit.</strong></span> <span class='ocrx_word' id='word_1_122' title='bbox 1709 1925 1752 1998; x_wconf 83' lang='lat' dir='ltr'><strong>Et</strong></span> <span class='ocrx_word' id='word_1_123' title='bbox 1765 1925 1889 2000; x_wconf 83' lang='lat' dir='ltr'><strong>Pisana</strong></span> <span class='ocrx_word' id='word_1_124' title='bbox 1911 1925 1959 1998; x_wconf 88' lang='lat' dir='ltr'><strong>ei·</strong></span> 
     </span>
     <span class='ocr_line' id='line_1_13' title="bbox 549 2049 1959 2148; baseline -0.001 -24"><span class='ocrx_word' id='word_1_125' title='bbox 549 2055 638 2126; x_wconf 86' lang='lat' dir='ltr'><strong>vitas</strong></span> <span class='ocrx_word' id='word_1_126' title='bbox 667 2052 793 2126; x_wconf 87' lang='lat' dir='ltr'><strong>babeat</strong></span> <span class='ocrx_word' id='word_1_127' title='bbox 820 2050 956 2147; x_wconf 83' lang='lat' dir='ltr'><strong>plenam</strong></span> <span class='ocrx_word' id='word_1_128' title='bbox 977 2051 1254 2143; x_wconf 74' lang='lat' dir='ltr'><strong>iurisdictionem</strong></span> <span class='ocrx_word' id='word_1_129' title='bbox 1274 2060 1310 2125; x_wconf 89' lang='lat' dir='ltr'><strong>et</strong></span> <span class='ocrx_word' id='word_1_130' title='bbox 1332 2056 1534 2148; x_wconf 84' lang='lat' dir='ltr'><strong>potestatem</strong></span> <span class='ocrx_word' id='word_1_131' title='bbox 1557 2051 1707 2124; x_wconf 76' lang='lat' dir='ltr'><strong>faciendi</strong></span> <span class='ocrx_word' id='word_1_132' title='bbox 1729 2049 1899 2144; x_wconf 87' lang='lat' dir='ltr'><strong>justitiam</strong></span> <span class='ocrx_word' id='word_1_133' title='bbox 1925 2058 1959 2122; x_wconf 89' lang='lat' dir='ltr'><strong>et</strong></span> 
     </span>
     <span class='ocr_line' id='line_1_14' title="bbox 549 2173 1959 2269; baseline -0.003 -19"><span class='ocrx_word' id='word_1_134' title='bbox 549 2178 653 2252; x_wconf 91' lang='lat' dir='ltr'><strong>etiam</strong></span> <span class='ocrx_word' id='word_1_135' title='bbox 669 2176 860 2250; x_wconf 85' lang='lat' dir='ltr'><strong>vindictam</strong></span> <span class='ocrx_word' id='word_1_136' title='bbox 877 2187 912 2249; x_wconf 86' lang='lat' dir='ltr'><strong>et</strong></span> <span class='ocrx_word' id='word_1_137' title='bbox 926 2177 1034 2251; x_wconf 86' lang='lat' dir='ltr'><strong>dandi</strong></span> <span class='ocrx_word' id='word_1_138' title='bbox 1058 2184 1185 2249; x_wconf 87' lang='lat' dir='ltr'><strong>tutores</strong></span> <span class='ocrx_word' id='word_1_139' title='bbox 1201 2186 1236 2249; x_wconf 88' lang='lat' dir='ltr'><strong>et</strong></span> <span class='ocrx_word' id='word_1_140' title='bbox 1254 2175 1488 2250; x_wconf 84' lang='lat' dir='ltr'><strong>mundoaldos</strong></span> <span class='ocrx_word' id='word_1_141' title='bbox 1505 2183 1540 2249; x_wconf 85' lang='lat' dir='ltr'><strong>et</strong></span> <span class='ocrx_word' id='word_1_142' title='bbox 1556 2175 1623 2250; x_wconf 83' lang='lat' dir='ltr'><strong>alia</strong></span> <span class='ocrx_word' id='word_1_143' title='bbox 1643 2195 1713 2269; x_wconf 88' lang='lat' dir='ltr'><strong>que</strong></span> <span class='ocrx_word' id='word_1_144' title='bbox 1733 2173 1846 2267; x_wconf 81' lang='lat' dir='ltr'><strong>judex</strong></span> <span class='ocrx_word' id='word_1_145' title='bbox 1868 2174 1959 2248; x_wconf 90' lang='lat' dir='ltr'><strong>ordi·</strong></span> 
     </span>
     <span class='ocr_line' id='line_1_15' title="bbox 548 2298 1959 2398; baseline -0.001 -23"><span class='ocrx_word' id='word_1_146' title='bbox 548 2303 666 2376; x_wconf 88' lang='lat' dir='ltr'><strong>narius</strong></span> <span class='ocrx_word' id='word_1_147' title='bbox 678 2302 732 2376; x_wconf 87' lang='lat' dir='ltr'><strong>vel</strong></span> <span class='ocrx_word' id='word_1_148' title='bbox 746 2302 892 2396; x_wconf 86' lang='lat' dir='ltr'><strong>quilibet</strong></span> <span class='ocrx_word' id='word_1_149' title='bbox 904 2309 1069 2398; x_wconf 85' lang='lat' dir='ltr'><strong>potestate</strong></span> <span class='ocrx_word' id='word_1_150' title='bbox 1081 2300 1238 2397; x_wconf 85' lang='lat' dir='ltr'><strong>preditus</strong></span> <span class='ocrx_word' id='word_1_151' title='bbox 1255 2302 1301 2374; x_wconf 86' lang='lat' dir='ltr'><strong>ab</strong></span> <span class='ocrx_word' id='word_1_152' title='bbox 1315 2301 1520 2398; x_wconf 83' lang='lat' dir='ltr'><strong>imperatore</strong></span> <span class='ocrx_word' id='word_1_153' title='bbox 1533 2300 1591 2373; x_wconf 88' lang='lat' dir='ltr'><strong>vel</strong></span> <span class='ocrx_word' id='word_1_154' title='bbox 1610 2319 1692 2395; x_wconf 75' lang='lat' dir='ltr'><strong>rege</strong></span> <span class='ocrx_word' id='word_1_155' title='bbox 1713 2298 1843 2373; x_wconf 77' lang='lat' dir='ltr'><strong>habers</strong></span> <span class='ocrx_word' id='word_1_156' title='bbox 1858 2300 1959 2374; x_wconf 84' lang='lat' dir='ltr'><strong>dubet</strong></span> 
     </span>
     <span class='ocr_line' id='line_1_16' title="bbox 547 2423 1960 2522; baseline -0.003 -20"><span class='ocrx_word' id='word_1_157' title='bbox 547 2451 594 2502; x_wconf 84' lang='lat' dir='ltr'><strong>ex</strong></span> <span class='ocrx_word' id='word_1_158' title='bbox 610 2450 673 2501; x_wconf 87' lang='lat' dir='ltr'><strong>sua</strong></span> <span class='ocrx_word' id='word_1_159' title='bbox 693 2426 933 2522; x_wconf 88' lang='lat' dir='ltr'><strong>jurisdictione</strong></span> <span class='ocrx_word' id='word_1_160' title='bbox 951 2426 987 2498; x_wconf 93' lang='lat' dir='ltr'><strong>in</strong></span> <span class='ocrx_word' id='word_1_161' title='bbox 1008 2447 1072 2499; x_wconf 91' lang='lat' dir='ltr'><strong>suo</strong></span> <span class='ocrx_word' id='word_1_162' title='bbox 1097 2425 1255 2499; x_wconf 88' lang='lat' dir='ltr'><strong>districtu</strong></span> <span class='ocrx_word' id='word_1_163' title='bbox 1280 2434 1314 2498; x_wconf 88' lang='lat' dir='ltr'><strong>et</strong></span> <span class='ocrx_word' id='word_1_164' title='bbox 1337 2425 1374 2498; x_wconf 93' lang='lat' dir='ltr'><strong>in</strong></span> <span class='ocrx_word' id='word_1_165' title='bbox 1395 2446 1478 2498; x_wconf 91' lang='lat' dir='ltr'><strong>suos</strong></span> <span class='ocrx_word' id='word_1_166' title='bbox 1495 2445 1585 2520; x_wconf 92' lang='lat' dir='ltr'><strong>quos</strong></span> <span class='ocrx_word' id='word_1_167' title='bbox 1609 2423 1842 2498; x_wconf 87' lang='lat' dir='ltr'><strong>oouosssimus</strong></span> <span class='ocrx_word' id='word_1_168' title='bbox 1858 2423 1908 2498; x_wconf 91' lang='lat' dir='ltr'><strong>eis</strong></span> <span class='ocrx_word' id='word_1_169' title='bbox 1926 2434 1960 2498; x_wconf 88' lang='lat' dir='ltr'><strong>et</strong></span> 
     </span>
    </p>
   </div>
   <div class='ocr_carea' id='block_1_3' title="bbox 430 2549 1957 2652">
    <p class='ocr_par' dir='ltr' id='par_1_3' title="bbox 430 2549 1957 2652">
     <span class='ocr_line' id='line_1_17' title="bbox 430 2549 1957 2652; baseline -0.003 -24"><span class='ocrx_word' id='word_1_170' title='bbox 430 2635 436 2644; x_wconf 63' lang='grc'><strong>,</strong></span> <span class='ocrx_word' id='word_1_171' title='bbox 547 2553 782 2628; x_wconf 85' lang='lat' dir='ltr'><strong>uouoedimus.</strong></span> <span class='ocrx_word' id='word_1_172' title='bbox 807 2551 851 2624; x_wconf 88' lang='lat' dir='ltr'><strong>Et</strong></span> <span class='ocrx_word' id='word_1_173' title='bbox 875 2551 989 2625; x_wconf 91' lang='lat' dir='ltr'><strong>Pisani</strong></span> <span class='ocrx_word' id='word_1_174' title='bbox 1010 2559 1046 2624; x_wconf 87' lang='lat' dir='ltr'><strong>et</strong></span> <span class='ocrx_word' id='word_1_175' title='bbox 1066 2552 1130 2646; x_wconf 90' lang='lat' dir='ltr'><strong>qui</strong></span> <span class='ocrx_word' id='word_1_176' title='bbox 1153 2551 1198 2624; x_wconf 89' lang='lat' dir='ltr'><strong>de</strong></span> <span class='ocrx_word' id='word_1_177' title='bbox 1220 2573 1342 2652; x_wconf 88' lang='lat' dir='ltr'><strong>eorum</strong></span> <span class='ocrx_word' id='word_1_178' title='bbox 1368 2549 1526 2624; x_wconf 86' lang='lat' dir='ltr'><strong>districtu</strong></span> <span class='ocrx_word' id='word_1_179' title='bbox 1546 2559 1629 2622; x_wconf 88' lang='lat' dir='ltr'><strong>sunt</strong></span> <span class='ocrx_word' id='word_1_180' title='bbox 1652 2571 1673 2622; x_wconf 87' lang='lat' dir='ltr'><strong>a</strong></span> <span class='ocrx_word' id='word_1_181' title='bbox 1696 2550 1791 2622; x_wconf 87' lang='lat' dir='ltr'><strong>nulla</strong></span> <span class='ocrx_word' id='word_1_182' title='bbox 1811 2569 1957 2646; x_wconf 81' lang='lat' dir='ltr'><strong>persom</strong></span> 
     </span>
    </p>
   </div>
   <div class='ocr_carea' id='block_1_4' title="bbox 547 2673 1962 4390">
    <p class='ocr_par' dir='ltr' id='par_1_4' title="bbox 547 2673 1962 4390">
     <span class='ocr_line' id='line_1_18' title="bbox 548 2673 1956 2772; baseline -0.003 -20"><span class='ocrx_word' id='word_1_183' title='bbox 548 2679 696 2753; x_wconf 83' lang='lat' dir='ltr'><strong>debeant</strong></span> <span class='ocrx_word' id='word_1_184' title='bbox 720 2676 869 2752; x_wconf 80' lang='lat' dir='ltr'><strong>indurari</strong></span> <span class='ocrx_word' id='word_1_185' title='bbox 894 2697 1009 2771; x_wconf 90' lang='lat' dir='ltr'><strong>neque</strong></span> <span class='ocrx_word' id='word_1_186' title='bbox 1022 2676 1203 2772; x_wconf 86' lang='lat' dir='ltr'><strong>hospitari.</strong></span> <span class='ocrx_word' id='word_1_187' title='bbox 1220 2677 1263 2748; x_wconf 87' lang='lat' dir='ltr'><strong>Et</strong></span> <span class='ocrx_word' id='word_1_188' title='bbox 1279 2674 1394 2748; x_wconf 87' lang='lat' dir='ltr'><strong>Pisani</strong></span> <span class='ocrx_word' id='word_1_189' title='bbox 1418 2683 1619 2772; x_wconf 83' lang='lat' dir='ltr'><strong>potestatem</strong></span> <span class='ocrx_word' id='word_1_190' title='bbox 1634 2673 1786 2748; x_wconf 86' lang='lat' dir='ltr'><strong>babeant</strong></span> <span class='ocrx_word' id='word_1_191' title='bbox 1807 2673 1956 2749; x_wconf 84' lang='lat' dir='ltr'><strong>ducendi</strong></span> 
     </span>
     <span class='ocr_line' id='line_1_19' title="bbox 551 2799 1957 2897; baseline -0.003 -21"><span class='ocrx_word' id='word_1_192' title='bbox 551 2825 611 2876; x_wconf 92' lang='lat' dir='ltr'><strong>eos</strong></span> <span class='ocrx_word' id='word_1_193' title='bbox 632 2803 667 2873; x_wconf 91' lang='lat' dir='ltr'><strong>iu</strong></span> <span class='ocrx_word' id='word_1_194' title='bbox 685 2801 944 2897; x_wconf 85' lang='lat' dir='ltr'><strong>expeditionem</strong></span> <span class='ocrx_word' id='word_1_195' title='bbox 959 2809 993 2873; x_wconf 90' lang='lat' dir='ltr'><strong>et</strong></span> <span class='ocrx_word' id='word_1_196' title='bbox 1013 2799 1060 2873; x_wconf 86' lang='lat' dir='ltr'><strong>ad</strong></span> <span class='ocrx_word' id='word_1_197' title='bbox 1078 2819 1216 2873; x_wconf 90' lang='lat' dir='ltr'><strong>omnem</strong></span> <span class='ocrx_word' id='word_1_198' title='bbox 1233 2799 1425 2873; x_wconf 87' lang='lat' dir='ltr'><strong>districtum</strong></span> <span class='ocrx_word' id='word_1_199' title='bbox 1439 2821 1555 2890; x_wconf 88' lang='lat' dir='ltr'><strong>suum,</strong></span> <span class='ocrx_word' id='word_1_200' title='bbox 1572 2808 1608 2873; x_wconf 92' lang='lat' dir='ltr'><strong>st</strong></span> <span class='ocrx_word' id='word_1_201' title='bbox 1621 2800 1835 2896; x_wconf 83' lang='lat' dir='ltr'><strong>quicumque</strong></span> <span class='ocrx_word' id='word_1_202' title='bbox 1854 2819 1957 2896; x_wconf 76' lang='lat' dir='ltr'><strong>nego·</strong></span> 
     </span>
     <span class='ocr_line' id='line_1_20' title="bbox 550 2924 1958 3022; baseline -0.001 -23"><span class='ocrx_word' id='word_1_203' title='bbox 550 2929 688 3000; x_wconf 87' lang='lat' dir='ltr'><strong>tiatores</strong></span> <span class='ocrx_word' id='word_1_204' title='bbox 707 2926 881 2999; x_wconf 86' lang='lat' dir='ltr'><strong>voluerint</strong></span> <span class='ocrx_word' id='word_1_205' title='bbox 895 2925 1040 2998; x_wconf 85' lang='lat' dir='ltr'><strong>transire</strong></span> <span class='ocrx_word' id='word_1_206' title='bbox 1061 2924 1107 2999; x_wconf 89' lang='lat' dir='ltr'><strong>ad</strong></span> <span class='ocrx_word' id='word_1_207' title='bbox 1130 2947 1190 2999; x_wconf 88' lang='lat' dir='ltr'><strong>eos</strong></span> <span class='ocrx_word' id='word_1_208' title='bbox 1210 2948 1315 3000; x_wconf 85' lang='lat' dir='ltr'><strong>eausa</strong></span> <span class='ocrx_word' id='word_1_209' title='bbox 1339 2925 1540 3022; x_wconf 75' lang='lat' dir='ltr'><strong>negotiandi</strong></span> <span class='ocrx_word' id='word_1_210' title='bbox 1565 2925 1643 3000; x_wconf 83' lang='lat' dir='ltr'><strong>sive</strong></span> <span class='ocrx_word' id='word_1_211' title='bbox 1662 2947 1723 3022; x_wconf 88' lang='lat' dir='ltr'><strong>por</strong></span> <span class='ocrx_word' id='word_1_212' title='bbox 1743 2933 1869 2998; x_wconf 82' lang='lat' dir='ltr'><strong>tomam</strong></span> <span class='ocrx_word' id='word_1_213' title='bbox 1885 2925 1958 2998; x_wconf 85' lang='lat' dir='ltr'><strong>sive</strong></span> 
     </span>
     <span class='ocr_line' id='line_1_21' title="bbox 552 3047 1959 3147; baseline -0.004 -23"><span class='ocrx_word' id='word_1_214' title='bbox 552 3073 614 3146; x_wconf 89' lang='lat' dir='ltr'><strong>per</strong></span> <span class='ocrx_word' id='word_1_215' title='bbox 634 3071 760 3145; x_wconf 87' lang='lat' dir='ltr'><strong>aquarn</strong></span> <span class='ocrx_word' id='word_1_216' title='bbox 775 3071 895 3123; x_wconf 83' lang='lat' dir='ltr'><strong>secure</strong></span> <span class='ocrx_word' id='word_1_217' title='bbox 910 3049 1041 3123; x_wconf 87' lang='lat' dir='ltr'><strong>vadant</strong></span> <span class='ocrx_word' id='word_1_218' title='bbox 1055 3058 1125 3124; x_wconf 89' lang='lat' dir='ltr'><strong>ela</strong></span> <span class='ocrx_word' id='word_1_219' title='bbox 1145 3052 1241 3123; x_wconf 90' lang='lat' dir='ltr'><strong>nullo</strong></span> <span class='ocrx_word' id='word_1_220' title='bbox 1258 3051 1376 3147; x_wconf 84' lang='lat' dir='ltr'><strong>aliquo</strong></span> <span class='ocrx_word' id='word_1_221' title='bbox 1389 3051 1528 3146; x_wconf 82' lang='lat' dir='ltr'><strong>iugenio</strong></span> <span class='ocrx_word' id='word_1_222' title='bbox 1544 3050 1790 3146; x_wconf 85' lang='lat' dir='ltr'><strong>impediantur,</strong></span> <span class='ocrx_word' id='word_1_223' title='bbox 1809 3048 1874 3122; x_wconf 93' lang='lat' dir='ltr'><strong>nisi</strong></span> <span class='ocrx_word' id='word_1_224' title='bbox 1893 3047 1959 3120; x_wconf 89' lang='lat' dir='ltr'><strong>sint</strong></span> 
     </span>
     <span class='ocr_line' id='line_1_22' title="bbox 552 3172 1959 3271; baseline -0.002 -24"><span class='ocrx_word' id='word_1_225' title='bbox 552 3177 587 3247; x_wconf 96' lang='lat' dir='ltr'><strong>in</strong></span> <span class='ocrx_word' id='word_1_226' title='bbox 607 3175 724 3248; x_wconf 88' lang='lat' dir='ltr'><strong>banno</strong></span> <span class='ocrx_word' id='word_1_227' title='bbox 749 3172 882 3247; x_wconf 91' lang='lat' dir='ltr'><strong>domiui</strong></span> <span class='ocrx_word' id='word_1_228' title='bbox 906 3173 1134 3271; x_wconf 84' lang='lat' dir='ltr'><strong>imperatoris.</strong></span> <span class='ocrx_word' id='word_1_229' title='bbox 1154 3175 1387 3271; x_wconf 78' lang='lat' dir='ltr'><strong>Negotiatores</strong></span> <span class='ocrx_word' id='word_1_230' title='bbox 1411 3183 1526 3250; x_wconf 87' lang='lat' dir='ltr'><strong>autem</strong></span> <span class='ocrx_word' id='word_1_231' title='bbox 1547 3174 1661 3248; x_wconf 89' lang='lat' dir='ltr'><strong>Pisani</strong></span> <span class='ocrx_word' id='word_1_232' title='bbox 1686 3197 1749 3271; x_wconf 89' lang='lat' dir='ltr'><strong>pcr</strong></span> <span class='ocrx_word' id='word_1_233' title='bbox 1766 3183 1875 3246; x_wconf 88' lang='lat' dir='ltr'><strong>totum</strong></span> <span class='ocrx_word' id='word_1_234' title='bbox 1896 3173 1959 3244; x_wconf 93' lang='lat' dir='ltr'><strong>im-</strong></span> 
     </span>
     <span class='ocr_line' id='line_1_23' title="bbox 552 3296 1957 3397; baseline -0.001 -27"><span class='ocrx_word' id='word_1_235' title='bbox 552 3297 686 3394; x_wconf 88' lang='lat' dir='ltr'><strong>perium</strong></span> <span class='ocrx_word' id='word_1_236' title='bbox 709 3305 864 3372; x_wconf 91' lang='lat' dir='ltr'><strong>nostrum</strong></span> <span class='ocrx_word' id='word_1_237' title='bbox 882 3297 980 3372; x_wconf 85' lang='lat' dir='ltr'><strong>liberi</strong></span> <span class='ocrx_word' id='word_1_238' title='bbox 999 3299 1068 3371; x_wconf 91' lang='lat' dir='ltr'><strong>siut</strong></span> <span class='ocrx_word' id='word_1_239' title='bbox 1085 3308 1120 3372; x_wconf 87' lang='lat' dir='ltr'><strong>et</strong></span> <span class='ocrx_word' id='word_1_240' title='bbox 1139 3300 1270 3374; x_wconf 88' lang='lat' dir='ltr'><strong>vadant</strong></span> <span class='ocrx_word' id='word_1_241' title='bbox 1287 3322 1348 3397; x_wconf 89' lang='lat' dir='ltr'><strong>per</strong></span> <span class='ocrx_word' id='word_1_242' title='bbox 1367 3309 1493 3374; x_wconf 85' lang='lat' dir='ltr'><strong>terram</strong></span> <span class='ocrx_word' id='word_1_243' title='bbox 1514 3309 1551 3373; x_wconf 88' lang='lat' dir='ltr'><strong>et</strong></span> <span class='ocrx_word' id='word_1_244' title='bbox 1566 3321 1693 3394; x_wconf 87' lang='lat' dir='ltr'><strong>aquam</strong></span> <span class='ocrx_word' id='word_1_245' title='bbox 1715 3297 1848 3394; x_wconf 86' lang='lat' dir='ltr'><strong>absque</strong></span> <span class='ocrx_word' id='word_1_246' title='bbox 1865 3296 1957 3371; x_wconf 92' lang='lat' dir='ltr'><strong>omni</strong></span> 
     </span>
     <span class='ocr_line' id='line_1_24' title="bbox 551 3421 1958 3519; baseline -0.001 -23"><span class='ocrx_word' id='word_1_247' title='bbox 551 3421 700 3519; x_wconf 79' lang='lat' dir='ltr'><strong>pedagio</strong></span> <span class='ocrx_word' id='word_1_248' title='bbox 711 3431 746 3496; x_wconf 91' lang='lat' dir='ltr'><strong>et</strong></span> <span class='ocrx_word' id='word_1_249' title='bbox 760 3422 924 3497; x_wconf 89' lang='lat' dir='ltr'><strong>diriotura</strong></span> <span class='ocrx_word' id='word_1_250' title='bbox 940 3443 1004 3496; x_wconf 89' lang='lat' dir='ltr'><strong>neo</strong></span> <span class='ocrx_word' id='word_1_251' title='bbox 1022 3433 1189 3519; x_wconf 81' lang='lat' dir='ltr'><strong>eoguntur</strong></span> <span class='ocrx_word' id='word_1_252' title='bbox 1202 3446 1317 3498; x_wconf 87' lang='lat' dir='ltr'><strong>emero</strong></span> <span class='ocrx_word' id='word_1_253' title='bbox 1329 3427 1384 3498; x_wconf 90' lang='lat' dir='ltr'><strong>vel</strong></span> <span class='ocrx_word' id='word_1_254' title='bbox 1399 3423 1552 3498; x_wconf 83' lang='lat' dir='ltr'><strong>vendere</strong></span> <span class='ocrx_word' id='word_1_255' title='bbox 1565 3425 1655 3496; x_wconf 87' lang='lat' dir='ltr'><strong>ultra</strong></span> <span class='ocrx_word' id='word_1_256' title='bbox 1667 3445 1770 3496; x_wconf 92' lang='lat' dir='ltr'><strong>suum</strong></span> <span class='ocrx_word' id='word_1_257' title='bbox 1780 3423 1882 3515; x_wconf 84' lang='lat' dir='ltr'><strong>velle,</strong></span> <span class='ocrx_word' id='word_1_258' title='bbox 1897 3441 1958 3494; x_wconf 86' lang='lat' dir='ltr'><strong>neo</strong></span> 
     </span>
     <span class='ocr_line' id='line_1_25' title="bbox 549 3546 1960 3646; baseline -0.002 -26"><span class='ocrx_word' id='word_1_259' title='bbox 549 3549 637 3620; x_wconf 88' lang='lat' dir='ltr'><strong>alius</strong></span> <span class='ocrx_word' id='word_1_260' title='bbox 650 3547 801 3642; x_wconf 72' lang='lat' dir='ltr'><strong>&#39;quilibet</strong></span> <span class='ocrx_word' id='word_1_261' title='bbox 817 3546 934 3642; x_wconf 88' lang='lat' dir='ltr'><strong>aliquo</strong></span> <span class='ocrx_word' id='word_1_262' title='bbox 952 3548 1091 3642; x_wconf 79' lang='lat' dir='ltr'><strong>iugenio</strong></span> <span class='ocrx_word' id='word_1_263' title='bbox 1109 3549 1332 3646; x_wconf 85' lang='lat' dir='ltr'><strong>prohibeatur</strong></span> <span class='ocrx_word' id='word_1_264' title='bbox 1348 3571 1369 3622; x_wconf 87' lang='lat' dir='ltr'><strong>a</strong></span> <span class='ocrx_word' id='word_1_265' title='bbox 1384 3548 1517 3622; x_wconf 85' lang='lat' dir='ltr'><strong>Pisanis</strong></span> <span class='ocrx_word' id='word_1_266' title='bbox 1535 3569 1661 3623; x_wconf 89' lang='lat' dir='ltr'><strong>emere.</strong></span> <span class='ocrx_word' id='word_1_267' title='bbox 1679 3549 1722 3621; x_wconf 85' lang='lat' dir='ltr'><strong>Et</strong></span> <span class='ocrx_word' id='word_1_268' title='bbox 1739 3546 1960 3621; x_wconf 84' lang='lat' dir='ltr'><strong>uouoedimus</strong></span> 
     </span>
     <span class='ocr_line' id='line_1_26' title="bbox 549 3671 1960 3768; baseline 0 -24"><span class='ocrx_word' id='word_1_269' title='bbox 549 3683 583 3744; x_wconf 91' lang='lat' dir='ltr'><strong>et</strong></span> <span class='ocrx_word' id='word_1_270' title='bbox 598 3671 722 3745; x_wconf 87' lang='lat' dir='ltr'><strong>damus</strong></span> <span class='ocrx_word' id='word_1_271' title='bbox 741 3671 843 3745; x_wconf 88' lang='lat' dir='ltr'><strong>vobis</strong></span> <span class='ocrx_word' id='word_1_272' title='bbox 861 3671 898 3743; x_wconf 93' lang='lat' dir='ltr'><strong>in</strong></span> <span class='ocrx_word' id='word_1_273' title='bbox 918 3672 1061 3746; x_wconf 81' lang='lat' dir='ltr'><strong>seudum</strong></span> <span class='ocrx_word' id='word_1_274' title='bbox 1079 3673 1174 3745; x_wconf 78' lang='lat' dir='ltr'><strong>littrm</strong></span> <span class='ocrx_word' id='word_1_275' title='bbox 1193 3673 1299 3748; x_wconf 89' lang='lat' dir='ltr'><strong>maris</strong></span> <span class='ocrx_word' id='word_1_276' title='bbox 1322 3684 1357 3748; x_wconf 90' lang='lat' dir='ltr'><strong>et</strong></span> <span class='ocrx_word' id='word_1_277' title='bbox 1379 3682 1510 3747; x_wconf 85' lang='lat' dir='ltr'><strong>tantum</strong></span> <span class='ocrx_word' id='word_1_278' title='bbox 1530 3673 1634 3766; x_wconf 81' lang='lat' dir='ltr'><strong>juxta</strong></span> <span class='ocrx_word' id='word_1_279' title='bbox 1650 3672 1716 3745; x_wconf 89' lang='lat' dir='ltr'><strong>boc</strong></span> <span class='ocrx_word' id='word_1_280' title='bbox 1737 3671 1834 3768; x_wconf 93' lang='lat' dir='ltr'><strong>quod</strong></span> <span class='ocrx_word' id='word_1_281' title='bbox 1854 3671 1960 3744; x_wconf 90' lang='lat' dir='ltr'><strong>libere</strong></span> 
     </span>
     <span class='ocr_line' id='line_1_27' title="bbox 550 3795 1957 3892; baseline -0.001 -26"><span class='ocrx_word' id='word_1_282' title='bbox 550 3795 664 3867; x_wconf 87' lang='lat' dir='ltr'><strong>Pisani</strong></span> <span class='ocrx_word' id='word_1_283' title='bbox 681 3795 716 3866; x_wconf 93' lang='lat' dir='ltr'><strong>in</strong></span> <span class='ocrx_word' id='word_1_284' title='bbox 737 3815 779 3868; x_wconf 92' lang='lat' dir='ltr'><strong>eo</strong></span> <span class='ocrx_word' id='word_1_285' title='bbox 794 3797 907 3868; x_wconf 82' lang='lat' dir='ltr'><strong>faeere</strong></span> <span class='ocrx_word' id='word_1_286' title='bbox 926 3817 1033 3868; x_wconf 85' lang='lat' dir='ltr'><strong>naves</strong></span> <span class='ocrx_word' id='word_1_287' title='bbox 1049 3807 1083 3869; x_wconf 88' lang='lat' dir='ltr'><strong>et</strong></span> <span class='ocrx_word' id='word_1_288' title='bbox 1102 3797 1219 3892; x_wconf 77' lang='lat' dir='ltr'><strong>galeas</strong></span> <span class='ocrx_word' id='word_1_289' title='bbox 1236 3807 1271 3870; x_wconf 93' lang='lat' dir='ltr'><strong>et</strong></span> <span class='ocrx_word' id='word_1_290' title='bbox 1289 3819 1452 3872; x_wconf 83' lang='lat' dir='ltr'><strong>exeruere</strong></span> <span class='ocrx_word' id='word_1_291' title='bbox 1471 3819 1552 3871; x_wconf 87' lang='lat' dir='ltr'><strong>suas</strong></span> <span class='ocrx_word' id='word_1_292' title='bbox 1571 3797 1797 3872; x_wconf 84' lang='lat' dir='ltr'><strong>mercationes</strong></span> <span class='ocrx_word' id='word_1_293' title='bbox 1813 3795 1957 3892; x_wconf 91' lang='lat' dir='ltr'><strong>possint,</strong></span> 
     </span>
     <span class='ocr_line' id='line_1_28' title="bbox 547 3919 1958 4019; baseline -0.001 -28"><span class='ocrx_word' id='word_1_294' title='bbox 547 3929 583 3991; x_wconf 89' lang='lat' dir='ltr'><strong>et</strong></span> <span class='ocrx_word' id='word_1_295' title='bbox 596 3919 692 4015; x_wconf 90' lang='lat' dir='ltr'><strong>quod</strong></span> <span class='ocrx_word' id='word_1_296' title='bbox 708 3920 744 3992; x_wconf 94' lang='lat' dir='ltr'><strong>in</strong></span> <span class='ocrx_word' id='word_1_297' title='bbox 761 3941 803 3994; x_wconf 89' lang='lat' dir='ltr'><strong>eo</strong></span> <span class='ocrx_word' id='word_1_298' title='bbox 814 3920 915 3994; x_wconf 93' lang='lat' dir='ltr'><strong>nobis</strong></span> <span class='ocrx_word' id='word_1_299' title='bbox 930 3920 1074 4016; x_wconf 90' lang='lat' dir='ltr'><strong>pertinet</strong></span> <span class='ocrx_word' id='word_1_300' title='bbox 1092 3945 1113 3994; x_wconf 89' lang='lat' dir='ltr'><strong>a</strong></span> <span class='ocrx_word' id='word_1_301' title='bbox 1131 3921 1272 3995; x_wconf 83' lang='lat' dir='ltr'><strong>civitate</strong></span> <span class='ocrx_word' id='word_1_302' title='bbox 1282 3923 1386 3996; x_wconf 87' lang='lat' dir='ltr'><strong>Vecla</strong></span> <span class='ocrx_word' id='word_1_303' title='bbox 1399 3920 1451 4019; x_wconf 84' lang='lat' dir='ltr'><strong>(t)</strong></span> <span class='ocrx_word' id='word_1_304' title='bbox 1466 3943 1578 4018; x_wconf 91' lang='lat' dir='ltr'><strong>usque</strong></span> <span class='ocrx_word' id='word_1_305' title='bbox 1591 3921 1638 3997; x_wconf 84' lang='lat' dir='ltr'><strong>ad</strong></span> <span class='ocrx_word' id='word_1_306' title='bbox 1655 3929 1793 4019; x_wconf 89' lang='lat' dir='ltr'><strong>portum</strong></span> <span class='ocrx_word' id='word_1_307' title='bbox 1802 3919 1958 4008; x_wconf 83' lang='lat' dir='ltr'><strong>Veneris,</strong></span> 
     </span>
     <span class='ocr_line' id='line_1_29' title="bbox 549 4045 1962 4142; baseline -0.001 -25"><span class='ocrx_word' id='word_1_308' title='bbox 549 4053 583 4117; x_wconf 87' lang='lat' dir='ltr'><strong>et</strong></span> <span class='ocrx_word' id='word_1_309' title='bbox 600 4045 695 4141; x_wconf 91' lang='lat' dir='ltr'><strong>quod</strong></span> <span class='ocrx_word' id='word_1_310' title='bbox 717 4045 833 4118; x_wconf 91' lang='lat' dir='ltr'><strong>nullus</strong></span> <span class='ocrx_word' id='word_1_311' title='bbox 855 4045 964 4142; x_wconf 92' lang='lat' dir='ltr'><strong>possit</strong></span> <span class='ocrx_word' id='word_1_312' title='bbox 983 4046 1019 4119; x_wconf 94' lang='lat' dir='ltr'><strong>iu</strong></span> <span class='ocrx_word' id='word_1_313' title='bbox 1042 4067 1084 4120; x_wconf 91' lang='lat' dir='ltr'><strong>eo</strong></span> <span class='ocrx_word' id='word_1_314' title='bbox 1102 4046 1159 4120; x_wconf 86' lang='lat' dir='ltr'><strong>vel</strong></span> <span class='ocrx_word' id='word_1_315' title='bbox 1185 4047 1343 4120; x_wconf 77' lang='lat' dir='ltr'><strong>saucibus</strong></span> <span class='ocrx_word' id='word_1_316' title='bbox 1368 4069 1537 4142; x_wconf 87' lang='lat' dir='ltr'><strong>aquarum</strong></span> <span class='ocrx_word' id='word_1_317' title='bbox 1555 4047 1643 4120; x_wconf 86' lang='lat' dir='ltr'><strong>inira</strong></span> <span class='ocrx_word' id='word_1_318' title='bbox 1660 4047 1845 4120; x_wconf 87' lang='lat' dir='ltr'><strong>terminum</strong></span> <span class='ocrx_word' id='word_1_319' title='bbox 1864 4065 1962 4118; x_wconf 92' lang='lat' dir='ltr'><strong>oom-</strong></span> 
     </span>
     <span class='ocr_line' id='line_1_30' title="bbox 551 4169 1961 4268; baseline -0.004 -25"><span class='ocrx_word' id='word_1_320' title='bbox 551 4169 728 4263; x_wconf 85' lang='lat' dir='ltr'><strong>prehensis</strong></span> <span class='ocrx_word' id='word_1_321' title='bbox 746 4170 859 4243; x_wconf 83' lang='lat' dir='ltr'><strong>faeere</strong></span> <span class='ocrx_word' id='word_1_322' title='bbox 880 4179 1016 4265; x_wconf 90' lang='lat' dir='ltr'><strong>portum</strong></span> <span class='ocrx_word' id='word_1_323' title='bbox 1041 4173 1096 4244; x_wconf 86' lang='lat' dir='ltr'><strong>vel</strong></span> <span class='ocrx_word' id='word_1_324' title='bbox 1116 4171 1290 4268; x_wconf 84' lang='lat' dir='ltr'><strong>applicare</strong></span> <span class='ocrx_word' id='word_1_325' title='bbox 1313 4193 1393 4244; x_wconf 89' lang='lat' dir='ltr'><strong>oum</strong></span> <span class='ocrx_word' id='word_1_326' title='bbox 1414 4172 1565 4246; x_wconf 88' lang='lat' dir='ltr'><strong>navibus</strong></span> <span class='ocrx_word' id='word_1_327' title='bbox 1587 4181 1623 4244; x_wconf 90' lang='lat' dir='ltr'><strong>et</strong></span> <span class='ocrx_word' id='word_1_328' title='bbox 1646 4171 1821 4245; x_wconf 86' lang='lat' dir='ltr'><strong>mercibus</strong></span> <span class='ocrx_word' id='word_1_329' title='bbox 1845 4177 1961 4243; x_wconf 82' lang='lat' dir='ltr'><strong>contra</strong></span> 
     </span>
     <span class='ocr_line' id='line_1_31' title="bbox 551 4291 1961 4390; baseline 0.001 -30"><span class='ocrx_word' id='word_1_330' title='bbox 551 4291 761 4365; x_wconf 88' lang='lat' dir='ltr'><strong>voluntatem</strong></span> <span class='ocrx_word' id='word_1_331' title='bbox 779 4292 995 4365; x_wconf 87' lang='lat' dir='ltr'><strong>Pisanorum.</strong></span> <span class='ocrx_word' id='word_1_332' title='bbox 1015 4292 1107 4366; x_wconf 85' lang='lat' dir='ltr'><strong>Etsi</strong></span> <span class='ocrx_word' id='word_1_333' title='bbox 1128 4293 1241 4367; x_wconf 84' lang='lat' dir='ltr'><strong>Pisani</strong></span> <span class='ocrx_word' id='word_1_334' title='bbox 1265 4315 1328 4390; x_wconf 88' lang='lat' dir='ltr'><strong>pro</strong></span> <span class='ocrx_word' id='word_1_335' title='bbox 1348 4295 1403 4368; x_wconf 92' lang='lat' dir='ltr'><strong>bis</strong></span> <span class='ocrx_word' id='word_1_336' title='bbox 1420 4296 1476 4368; x_wconf 87' lang='lat' dir='ltr'><strong>vel</strong></span> <span class='ocrx_word' id='word_1_337' title='bbox 1496 4295 1542 4370; x_wconf 82' lang='lat' dir='ltr'><strong>do</strong></span> <span class='ocrx_word' id='word_1_338' title='bbox 1561 4294 1604 4367; x_wconf 91' lang='lat' dir='ltr'><strong>iis</strong></span> <span class='ocrx_word' id='word_1_339' title='bbox 1626 4293 1908 4369; x_wconf 89' lang='lat' dir='ltr'><strong>eonoessiouibus</strong></span> <span class='ocrx_word' id='word_1_340' title='bbox 1926 4292 1961 4364; x_wconf 93' lang='lat' dir='ltr'><strong>in</strong></span> 
     </span>
    </p>
   </div>
   <div class='ocr_carea' id='block_1_5' title="bbox 590 4663 1074 4737">
    <p class='ocr_par' dir='ltr' id='par_1_5' title="bbox 590 4663 1074 4737">
     <span class='ocr_line' id='line_1_32' title="bbox 590 4663 1074 4737; baseline 0.019 -19"><span class='ocrx_word' id='word_1_341' title='bbox 590 4663 626 4737; x_wconf 76' lang='lat' dir='ltr'><strong>lt)</strong></span> <span class='ocrx_word' id='word_1_342' title='bbox 644 4663 834 4723; x_wconf 76' lang='lat' dir='ltr'><strong>verisimiliter</strong></span> <span class='ocrx_word' id='word_1_343' title='bbox 849 4667 946 4724; x_wconf 79' lang='lat' dir='ltr'><strong>Ciuile</strong></span> <span class='ocrx_word' id='word_1_344' title='bbox 957 4669 1074 4727; x_wconf 78' lang='lat' dir='ltr'><strong>Veoclto.</strong></span> 
     </span>
    </p>
   </div>
   <div class='ocr_carea' id='block_1_6' title="bbox 0 0 2232 5860">
    <p class='ocr_par' dir='ltr' id='par_1_6' title="bbox 0 0 2232 5860">
     <span class='ocr_line' id='line_1_33' title="bbox 0 0 2232 5860; baseline 0 0"><span class='ocrx_word' id='word_1_345' title='bbox 0 0 2232 5860; x_wconf 95' lang='lat' dir='ltr'><strong> </strong></span> 
     </span>
    </p>
   </div>
  </div>
 </body>
</html>
