4436 5870
532 603 572 664 50
1030 607 1245 671 rttuuttct
1271 609 1443 671 secutur
1754 609 1835 688 [Asu.
1855 609 1938 673 1220.

531 734 694 812 videlicet
708 738 914 835 Ysingerum
945 742 991 816 de
1016 744 1223 836 lloreumes,
1250 745 1498 842 blurquardum
1524 767 1604 818 cum
1631 743 1776 818 dimidio
1800 768 1938 836 manso,

531 863 755 938 chunradum
781 864 827 938 de
854 865 1071 958 Porstadele,
1095 870 1319 944 consistentes
1339 869 1375 941 in
1397 869 1550 964 quodam
1576 869 1690 941 novali
1717 869 1764 943 ad
1788 879 1941 944 nostrum

533 987 725 1062 dominium
751 990 953 1086 pertinente.
982 993 1150 1065 Volumus
1172 992 1277 1087 igitur
1303 1001 1408 1088 atque
1432 991 1651 1066 deceruimus
1680 999 1720 1062 nt
1744 992 1886 1066 abbates
1909 1003 1942 1066 et

532 1121 723 1186 conventus
745 1114 889 1210 predicti
905 1116 1038 1188 cenobii
1057 1116 1214 1190 homines
1234 1115 1425 1190 antedictos
1443 1124 1478 1190 et
1497 1117 1628 1202 locum,
1650 1123 1793 1203 terram
1820 1137 1942 1188 nemus

531 1237 605 1310 sive
619 1239 742 1311 novale
766 1240 803 1310 in
825 1259 896 1334 quo
912 1239 1069 1314 habitant
1084 1263 1164 1314 cnm
1179 1243 1274 1314 omui
1289 1244 1369 1335 jure
1388 1251 1423 1316 et
1442 1241 1588 1332 bonore,
1609 1239 1698 1313 sicut
1714 1239 1882 1314 hactenus
1896 1239 1941 1314 ad

530 1384 594 1434 uos
609 1362 844 1458 pertinebant,
860 1365 1018 1438 exomni
1036 1376 1133 1461 parte
1152 1388 1232 1438 cum
1255 1367 1396 1439 introitu
1413 1375 1448 1439 et
1464 1365 1563 1439 exitu
1575 1385 1622 1438 ex
1638 1372 1755 1438 nostra
1773 1364 1941 1460 imperiali

529 1485 710 1559 wilatione
733 1509 795 1560 seu
816 1486 999 1561 donatione
1015 1487 1183 1580 habeant,
1203 1497 1341 1562 teneant
1356 1498 1460 1584 utque
1483 1487 1680 1584 possideant
1699 1487 1776 1560 siue
1797 1488 1941 1582 alicnjrm

529 1609 817 1703 contradictione,
838 1613 887 1686 ita
906 1611 1002 1707 quod
1019 1615 1135 1685 nullus
1150 1614 1299 1686 nuncius
1314 1623 1430 1686 noster
1444 1611 1586 1708 aliquod
1602 1613 1685 1686 inde
1699 1634 1719 1684 a
1734 1612 1940 1686 monasterio

528 1734 709 1806 servitium
731 1735 884 1828 requirat
899 1745 1099 1809 memorato.
1123 1737 1178 1812 Ad
1195 1738 1301 1830 hujus
1319 1739 1424 1832 igitur
1445 1739 1495 1809 rei
1517 1745 1684 1833 perpetuo
1702 1736 1848 1808 valitura
1867 1737 1940 1808 evi-

531 1857 684 1930 dentiam
695 1858 988 1949 majorem,rubur
1004 1870 1109 1956 atque
1123 1861 1322 1934 memoriam
1335 1861 1402 1934 hoc
1415 1863 1581 1958 scriptum
1594 1861 1676 1934 inde
1690 1857 1765 1933 fieri
1772 1861 1940 1954 jussimus

531 1981 646 2075 sigillo
662 1983 849 2075 majestatis
865 1993 981 2057 nostre
994 1985 1253 2058 communitum.

580 2107 697 2178 Testes
716 2106 920 2180 Bertholdus
942 2108 1134 2203 patriarcha
1150 2109 1408 2204 aquilegensis,
1429 2107 1577 2181 Siiridus
1593 2107 1867 2202 Mogontinensis
1881 2129 1939 2181 ar-

532 2228 792 2325 chiepiscopus,
827 2230 976 2304 Siiridus
1011 2232 1259 2327 Augustensis,
1291 2232 1496 2306 bertholdus
1523 2231 1738 2304 Brixineusie
1767 2233 1937 2328 episcopi,

531 2352 690 2426 Albertus
705 2353 926 2428 Tridentinus
939 2356 1081 2446 electus,
1096 2354 1307 2427 Ludewicus
1321 2373 1435 2425 comes
1452 2354 1624 2448 palatinus
1637 2355 1721 2427 lieni
1730 2356 1806 2429 dux
1816 2356 1940 2428 Bavva·

530 2478 593 2572 rie,
610 2477 793 2550 anselmus
813 2479 1036 2569 marscalcus,
1054 2477 1266 2550 Wernheros
1281 2475 1415 2572 dapifer
1428 2483 1463 2548 et
1479 2477 1538 2548 alii
1553 2479 1682 2573 plures.

579 2603 725 2696 Signum
743 2602 874 2677 domini
887 2603 1050 2678 Friderici
1069 2601 1214 2674 meandi
1227 2603 1458 2674 Romanorum
1474 2599 1688 2698 imperatoris
1709 2601 1935 2674 invictissimi.

578 2727 652 2820 Ego
669 2725 897 2840 Chounradps
910 2725 1072 2808 blesensis
1088 2733 1123 2798 et
1139 2725 1309 2822 Spirensis
1322 2725 1519 2820 episcopua,
1545 2725 1732 2822 imperialis
1751 2727 1830 2799 aule
1852 2747 1940 2799 can-

530 2851 708 2939 cellarius,
727 2851 926 2944 recognovi.

580 2975 704 3046 Datum
723 2973 760 3045 in
774 2974 894 3047 castris
910 2996 1016 3070 prope
1029 2985 1181 3048 montem
1197 2975 1361 3048 Rosulum
1380 2973 1433 3074 (l)
1450 2975 1553 3067 juxta
1570 2974 1741 3063 Sutrium,
1760 2995 1852 3047 anno
1868 2975 1939 3046 Do-

531 3097 615 3171 mini
635 3097 783 3172 MCCXX
804 3097 872 3197 (2),
892 3099 1079 3172 indictione
1096 3098 1199 3190 llllll,
1218 3098 1364 3195 septimo
1380 3098 1545 3172 kalendas
1558 3097 1764 3190 deoembris,
1784 3097 1937 3185 feliciter,

531 3243 623 3296 enno
638 3221 774 3319 imperii
791 3222 1007 3296 invictissimi
1028 3223 1159 3298 domini
1174 3223 1281 3296 nostri
1296 3223 1459 3298 Friderici
1475 3223 1598 3320 primo.

747 3543 1303 3553 ——n-ffl———m
1314 3543 1448 3550 ..αα-...φ
1462 3543 1485 3550 .-.

345 3857 511 3955 „haeum
587 3835 823 3942 Friderious,
847 3835 1105 3918 Romanorum
1129 3833 1353 3943 imperator,
1377 3831 1417 3912 in
1449 3829 1617 3915 favorem
1648 3829 1866 3913 monasterii
1892 3829 1940 3910 dc

329 3923 513 4117 ἓξὲξ
535 3969 858 4056 Wezzinsbrunne
875 3966 1184 4051 ministerialibus
1207 3965 1317 4048 aulae
1338 3963 1524 4074 imperiali
1543 3961 1824 4074 subjacentibus
1839 3986 1938 4044 oon-

567 4344 606 4417 (t)
620 4343 651 4400 lu
662 4342 793 4416 impresso
805 4339 947 4412 detulero,
958 4339 1041 4411 male;
1054 4353 1118 4396 nam
1132 4337 1160 4394 in
1171 4337 1298 4394 omnibus
1310 4335 1369 4394 aliis
1383 4335 1513 4392 loculum
1525 4333 1583 4393 sive
1598 4337 1697 4392 liceum
1708 4351 1718 4389 .·
1729 4330 1853 4390 videlicet
1863 4331 1940 4390 troe-

531 4442 626 4511 teroet,
641 4453 713 4495 nuuc
725 4437 805 4496 tertia
817 4443 880 4512 poet
896 4439 1008 4494 Romam
1019 4449 1114 4494 versos
1123 4433 1334 4510 septentrionem
1352 4432 1528 4508 equitantium
1540 4431 1630 4502 sudo,
1646 4431 1675 4488 in
1686 4429 1802 4504 quodam
1813 4427 1881 4487 cliro
1893 4427 1941 4502 qui

531 4553 613 4612 super
628 4535 717 4594 lucum
726 4535 901 4594 dracolenum
914 4534 1023 4592 eminet.

567 4635 603 4708 (2)
622 4633 771 4702 dccxxi,
783 4631 864 4688 molo.
878 4631 1033 4689 indictionis
1044 4630 1118 4688 enirn
1133 4645 1273 4688 camme
1284 4645 1429 4702 numerus,
1442 4643 1529 4686 annus
1542 4625 1661 4701 imperii,
1680 4624 1783 4683 itineris
1797 4623 1862 4682 ordo
1874 4628 1901 4681 et
1913 4623 1939 4678 in

529 4731 624 4808 primis
636 4729 746 4788 nomina
758 4729 867 4787 testium
878 4728 1068 4786 documentum
1080 4726 1115 4785 ad
1128 4743 1191 4785 ann
1208 4731 1277 4786 tiit)
1291 4726 1474 4802 reponendum
1486 4725 1558 4785 clere
1571 4725 1764 4783 demonstrant.
1893 4741 1896 4746 ·
