4272 5886
496 505 557 570 598
997 501 1207 565 lalnnnlcl
1234 503 1409 566 sltcttltbt
1720 504 1801 584 [dxx.
1819 503 1903 566 iffi.

496 643 740 716 consueverint
751 661 904 713 creseere
918 661 964 713 ex
983 639 1146 712 affinitate
1155 644 1344 734 majorum,
1362 638 1427 712 iste
1442 659 1509 713 nou
1524 639 1600 712 sine
1611 639 1799 712 multorum
1810 662 1905 714 scau-

497 766 589 858 dalo,
607 789 675 839 non
691 766 767 838 siue
781 767 884 838 Terre
898 767 1022 838 Sancte
1039 763 1236 860 dispendio,
1246 785 1315 838 nnn
1332 763 1468 836 sinetui
1482 765 1632 838 nominis
1645 765 1777 838 lesione
1789 765 1904 840 decre·

496 893 590 964 visse
604 891 755 965 videtur.
771 891 815 962 Et
835 889 977 984 quidem
997 887 1064 962 biis
1082 889 1207 962 similia
1228 887 1490 984 magnificorum
1507 889 1703 985 principum
1722 900 1820 984 gesta
1841 912 1904 963 uon

497 1001 693 1107 continent,
714 1015 914 1087 sublimium
934 1033 1046 1086 mores
1066 1014 1226 1108 ignorant
1240 1024 1275 1088 et
1289 1013 1482 1086 liberalium
1496 1014 1635 1110 largitas
1652 1037 1721 1088 nou
1740 1027 1903 1112 acceptat.

495 1142 572 1214 Non
592 1141 642 1212 sic
664 1139 757 1212 illius
777 1148 867 1212 terre
883 1149 1086 1234 procuratur
1099 1140 1247 1227 utilitas,
1270 1159 1341 1210 nou
1362 1139 1413 1210 sic
1433 1137 1478 1212 ad
1498 1139 1573 1230 ejus
1590 1139 1788 1213 subsidium
1807 1141 1907 1213 bella·

496 1275 588 1338 tores
606 1264 736 1337 streuui
751 1265 977 1338 advocantur.
995 1239 1193 1358 Superque
1211 1263 1275 1334 tibi
1293 1283 1398 1335 onera
1417 1263 1536 1356 gravia
1552 1272 1587 1335 et
1602 1265 1833 1358 importabilia
1849 1288 1907 1339 uos

496 1390 622 1463 asseris
636 1389 705 1460 tuis
716 1388 869 1460 humeris
881 1388 1021 1482 alligare
1035 1409 1105 1480 que
1121 1386 1230 1480 digito
1246 1394 1362 1459 nostro
1374 1406 1515 1460 movere
1532 1387 1708 1478 nolumus,
1725 1411 1795 1460 nou
1808 1400 1907 1462 atten-

498 1513 584 1588 dens
608 1513 704 1608 quod
719 1513 791 1606 jem
812 1513 969 1608 pluribus
983 1511 1083 1584 anuis
1102 1512 1228 1606 elapsis
1244 1511 1334 1584 ultro
1354 1521 1388 1585 te
1410 1510 1496 1606 ipsis
1515 1513 1680 1585 oneribus
1697 1513 1907 1606 subjugasti,

498 1649 708 1734 spontaneus
725 1638 760 1710 iu
780 1637 967 1710 Tbeotouia
984 1637 1124 1730 siguum
1142 1639 1254 1709 crucis
1267 1658 1463 1724 assumens3
1479 1656 1549 1707 non
1563 1635 1745 1708 attendens
1764 1638 1860 1734 quod
1876 1641 1907 1712 in

500 1761 656 1836 cmcilixi
675 1761 828 1856 gerendo
845 1760 982 1854 negotio
1001 1782 1091 1833 onus
1104 1781 1173 1832 non
1190 1761 1268 1834 leve
1284 1759 1362 1832 tulit
1375 1759 1526 1835 Ecclesia
1547 1759 1584 1830 iu
1602 1760 1908 1834 ecclesiastieorum

501 1889 730 1962 decimatione
742 1895 992 1982 proventuum,
1009 1908 1079 1958 nou
1099 1883 1281 1958 attendens
1295 1883 1391 1978 qnod
1406 1905 1469 1979 per
1484 1883 1605 1958 iratres
1623 1893 1758 1957 nostrus
1778 1895 1814 1957 et
1830 1887 1909 1958 alios

501 2012 734 2110 predicatores
748 2009 847 2081 multi
862 2018 1015 2104 potentes
1029 2018 1065 2080 et
1080 2007 1229 2097 nobiles,
1248 2008 1365 2102 magni
1379 2016 1413 2080 et
1428 2008 1546 2104 parvi,
1563 2029 1601 2082 se
1620 2009 1733 2081 crucis
1747 2009 1910 2105 obsequio

502 2137 730 2209 devoverunt.
756 2135 821 2206 Pro
847 2134 1096 2206 mercatoribus
1113 2143 1228 2206 antem
1247 2133 1409 2205 Romanis
1424 2133 1628 2206 excellentie
1642 2142 1701 2205 tue
1720 2135 1912 2228 frequenter

502 2260 679 2355 scripsisse
698 2258 937 2344 meminimus,
955 2258 1045 2330 sicut
1065 2255 1172 2347 dicis;
1193 2257 1257 2330 sed
1273 2279 1353 2329 curn
1367 2279 1431 2353 per
1447 2256 1514 2330 buc
1525 2259 1584 2350 jus
1600 2279 1703 2329 snum
1726 2281 1798 2331 nou
1823 2281 1911 2332 asse·

500 2392 652 2479 quantur
667 2393 706 2454 ut
721 2391 894 2464 asserunt,
918 2401 988 2453 uon
1012 2380 1115 2452 debet
1140 2381 1208 2451 illis
1227 2379 1262 2452 iu
1286 2401 1350 2452 sua
1361 2381 1500 2472 justicia
1523 2381 1754 2455 ecclesiastica
1772 2403 1912 2455 censura

502 2507 636 2581 deesse.
653 2509 704 2579 De
718 2506 874 2580 vassallis
890 2527 1029 2600 quoque
1044 2504 1242 2577 Patrimouii
1263 2504 1308 2577 de
1326 2505 1455 2600 quibus
1472 2514 1575 2600 prout
1587 2506 1718 2600 placuit
1731 2507 1911 2602 scripsisti,

501 2633 587 2727 quid
603 2633 692 2724 juris
706 2631 874 2727 imperiali
891 2630 1094 2703 excellentie
1113 2638 1286 2725 competat
1298 2639 1435 2702 tuorum
1456 2639 1491 2702 ct
1509 2631 1559 2704 tui
1576 2631 1832 2727 predecessoris
1844 2632 1917 2727 pri-

504 2758 709 2850 vilegiorum
726 2755 894 2850 inspectio
916 2763 1133 2850 protestetur.
1152 2754 1255 2839 Quod
1274 2755 1302 2826 si
1322 2764 1434 2850 preter
1449 2754 1604 2828 debitum
1619 2761 1641 2828 a'
1656 2755 1759 2827 nobis
1776 2755 1813 2826 in
1831 2757 1912 2838 iltis.

505 2881 601 2954 alind
620 2903 680 2976 pro
695 2882 798 2952 Terre
811 2881 933 2951 Sancte
950 2877 1108 2951 subsidio
1124 2879 1298 2974 petiisses,
1317 2879 1406 2951 sicut
1428 2877 1610 2968 decuerat,
1631 2879 1778 2951 lormata
1801 2879 1915 2974 petitio

506 3004 551 3078 ad
569 3003 804 3077 exauditionis
826 3003 971 3094 gratiam
995 3004 1178 3075 introisset.
1207 3001 1392 3075 Providens
1409 3011 1523 3074 mmeu
1549 3010 1588 3074 ut
1604 3001 1789 3075 advocatie
1814 3025 1915 3076 voca·

505 3129 628 3200 bulum
646 3130 840 3221 frequenter
858 3125 927 3198 tuis
945 3125 1066 3198 litteris
1084 3125 1267 3220 repetitum
1291 3133 1351 3196 tua
1369 3126 1398 3196 si
1415 3127 1526 3220 placet
1539 3147 1608 3198 nou
1623 3125 1800 3220 protrahat
1815 3127 1915 3200 inter·

505 3251 649 3349 pretatio
666 3253 702 3322 iu
722 3253 883 3323 abusum.
900 3251 1016 3335 Quum
1037 3249 1129 3323 euim
1147 3249 1337 3322 advocatus
1354 3250 1506 3323 Ecclesie
1522 3249 1616 3322 idem
1633 3251 1779 3344 intelligi
1796 3251 1913 3324 debeat

506 3399 611 3472 quam
641 3377 813 3467 defensor,
839 3376 869 3447 si
893 3374 1083 3447 defensoris
1101 3374 1230 3446 omittis
1248 3375 1419 3464 officium,
1439 3395 1563 3450 nomen
1584 3375 1771 3470 improprie
1795 3378 1914 3449 retines

505 3502 664 3575 advocati
687 3499 809 3595 :quod
835 3499 917 3571 satis
941 3499 977 3570 in
1003 3497 1155 3595 Arquata
1177 3506 1211 3570 et
1231 3499 1351 3570 castris
1371 3499 1448 3572 aliis
1470 3500 1699 3594 quorumdam
1727 3509 1916 3574 nostrornm

506 3627 661 3699 lidelium
685 3624 877 3697 ostendisse
897 3622 1048 3710 videris,
1073 3644 1143 3718 que
1167 3621 1301 3695 detines
1324 3633 1441 3696 contra
1460 3623 1628 3718 justitiam
1653 3635 1823 3722 occupata
1846 3635 1918 3721 post

506 3751 635 3824 illatam
663 3749 882 3833 violentiam,
912 3756 991 3844 post
1019 3746 1240 3820 commodum
1271 3748 1495 3841 possessionis
1522 3748 1708 3843 adeptum,
1738 3750 1851 3821 laetus
1876 3750 1918 3822 dc

506 3875 650 3971 petitore
672 3896 849 3971 possessor
870 3882 905 3946 et
928 3872 1075 3945 offerens
1099 3872 1390 3966 conquerentibus
1406 3872 1450 3946 de
1470 3881 1503 3945 te
1516 3873 1575 3964 jus
1592 3872 1628 3944 iu
1645 3881 1706 3946 tna
1722 3874 1820 3946 curia
1845 3871 1920 3947 red·

507 3997 675 4071 diturum.
688 4001 799 4096 Super
812 4017 882 4092 quo
896 3998 925 4069 si
942 4017 1011 4090 qua
1025 4017 1116 4070 nova
1130 3997 1209 4087 jura
1227 4004 1308 4067 sunt
1324 3995 1477 4086 condita,
1495 3997 1529 4068 in
1546 3997 1724 4092 publicum
1739 3996 1917 4092 prodeant,

507 4144 587 4193 cum
610 4121 703 4194 idem
726 4143 796 4193 non
820 4120 994 4216 patiantur
1019 4117 1173 4212 antiqua.
1198 4117 1288 4202 Quia
1304 4140 1388 4190 vero
1411 4141 1480 4191 nou
1501 4127 1554 4191 est
1574 4119 1775 4192 abbreviata
1799 4143 1922 4194 manus

414 4245 415 4250 ’
508 4245 647 4318 Domini
671 4245 759 4318 adeo
783 4244 881 4338 quod
901 4265 970 4316 nou
991 4243 1100 4336 possit
1122 4241 1367 4315 sublimitatem
1391 4243 1574 4318 incurvare
1590 4253 1771 4340 potentum
1788 4253 1825 4318 et
1842 4247 1923 4318 alti-

510 4370 666 4442 tudinem
692 4368 874 4442 bumiliare
904 4368 1075 4456 virorum,
1097 4387 1191 4438 nunc
1208 4388 1288 4438 cum
1317 4366 1468 4438 lelioinm
1496 4367 1566 4439 tuis
1592 4369 1684 4440 votis
1701 4389 1924 4441 successuum

406 4535 409 4542 -
511 4492 672 4586 splendor
699 4493 871 4585 illuxerit,
892 4493 928 4564 in
959 4512 1080 4565 sereno
1107 4491 1335 4563 bumilitatem
1362 4513 1430 4564 nou
1456 4491 1593 4566 deseras
1609 4513 1713 4587 qnam
1739 4493 1776 4562 in
1805 4493 1924 4564 nubilo

512 4615 752 4710 pretendebas.
782 4621 967 4714 Speramus
997 4617 1114 4714 itaque
1144 4614 1240 4712 quod
1265 4615 1431 4713 principis
1458 4625 1528 4688 tam
1556 4615 1694 4690 discreti
1725 4619 1925 4692 memoriam
