4292 5894
218 518 318 580 larua.
337 515 401 594 11.]
670 510 869 574 HISTORIA
892 503 1186 572 ulrtottttvlca
1572 493 1633 556 315

220 653 308 728 simo
338 649 573 726 ducentesimo
596 647 765 742 vigesimo
795 648 922 741 torcio,
949 667 1069 719 mense
1096 639 1280 732 februarii,
1308 634 1492 714 undecimo
1516 629 1635 705 indic-

219 779 333 852 tionis.
1015 791 1019 799 ·

277 1386 508 1489 Fridericus,
530 1384 790 1468 Romanorum
807 1382 1029 1492 imperator,
1048 1380 1202 1464 Petrum
1221 1376 1440 1486 episcopum
1456 1372 1637 1460 Bibinen-
1660 1393 1842 1497 epm?

225 1545 305 1604 sem
325 1517 507 1630 (Bovino)
526 1527 563 1601 et
580 1517 778 1602 ecclesiam
799 1515 883 1626 ejus
905 1514 945 1596 in
968 1539 1038 1596 sua
1061 1510 1212 1621 speciali
1232 1508 1463 1619 protectione
1484 1507 1635 1617 recipit,
1692 1501 1812 1545 “lm

227 1654 335 1763 eique
353 1652 516 1738 restituit
528 1661 566 1735 et
583 1649 784 1736 coufirmat
801 1648 999 1760 privilegia
1015 1646 1117 1757 regis
1134 1643 1301 1755 Rogerii,
1320 1641 1473 1727 Roberti
1490 1641 1639 1726 comitis
1749 1675 1757 1693 ·

226 1786 399 1871 Loretelli
418 1797 455 1870 et
469 1786 571 1897 regis
591 1784 782 1869 Guillelmi
801 1781 975 1885 secundi,
998 1805 1097 1890 quae
1111 1779 1220 1890 juxta
1236 1778 1458 1860 mandatum
1477 1777 1517 1856 in
1535 1775 1641 1858 curia

228 1919 409 2030 Capuana
425 1918 712 2029 promulgatum
730 1917 779 1999 de
795 1915 1036 2026 resignandis
1052 1912 1259 2023 privilegiis
1278 1911 1350 1994 sibi
1367 1911 1637 2020 resignaverat.
1754 1992 1756 1996 ,

306 2161 407 2240 (sato
422 2159 579 2236 uentu,
594 2157 665 2222 Ital.
680 2177 765 2235 tarn,
782 2159 903 2234 tvm,
916 2175 947 2237 p.
962 2156 1047 2238 260.)

278 2376 463 2450 Federicus
487 2377 549 2448 Dei
573 2377 683 2471 gratia
706 2377 940 2448 Romanorum
961 2373 1156 2466 imperator,
1175 2390 1310 2465 semper
1334 2379 1505 2464 augustus
1526 2377 1562 2442 et
1581 2390 1644 2442 rex

231 2500 358 2574 Sicilie.
384 2500 448 2574 Per
464 2521 606 2596 presens
636 2500 803 2596 scriptum
829 2506 951 2571 notum
974 2496 1120 2569 facimus
1146 2493 1319 2568 universis
1338 2492 1499 2568 fidelibus
1520 2493 1645 2566 nostris

230 2635 300 2697 tam
318 2625 537 2720 presentibus
558 2646 662 2719 quam
681 2623 806 2698 tuturis
829 2621 927 2716 quod
951 2631 1029 2718 post
1053 2621 1239 2694 solemnem
1257 2619 1388 2692 curiam
1407 2629 1558 2692 nostram
1581 2640 1644 2692 no·

229 2751 318 2824 viter
333 2750 448 2846 Capua
466 2750 687 2843 celebratam,
706 2749 768 2824 ubi
789 2750 877 2820 inter
894 2756 1091 2842 ceteraque
1105 2746 1312 2842 generaliter
1327 2745 1511 2838 statuimus
1526 2745 1645 2819 obser-

131 2966 138 2974 .
230 2872 366 2964 venda,
390 2875 571 2972 privilegia
593 2875 710 2948 omnia
737 2873 783 2947 ab
806 2873 904 2947 obitu
929 2872 1021 2966 regis
1044 2868 1207 2944 Gulielmi
1227 2881 1261 2944 et
1283 2871 1359 2963 ejus
1380 2881 1532 2967 tompore
1555 2873 1646 2946 bone

232 2999 396 3105 memorie
417 2998 462 3072 ab
481 3020 523 3072 eo
545 3000 634 3071 lacta
651 3000 708 3073 vel
726 3000 771 3072 ab
790 3000 858 3072 alio
879 3019 1100 3092 quocumque
1115 2997 1283 3091 resignari
1299 2997 1515 3093 precepimus
1531 3019 1647 3071 coram

233 3123 354 3214 nobis,
372 3124 492 3198 Petrus
511 3124 574 3197 Dei
594 3125 705 3218 gratia
727 3123 921 3196 Bibineneis
942 3123 1122 3218 episcopus
1139 3123 1242 3216 juxta
1267 3122 1427 3212 generate
1444 3122 1646 3195 mandatum

234 3256 389 3319 nostrum
404 3245 582 3343 quoddam
597 3247 818 3344 privilegium
837 3247 928 3340 regis
938 3247 1075 3342 Rogerii
1087 3247 1132 3320 de
1143 3247 1364 3321 concessione
1377 3247 1520 3329 ecclesie
1532 3247 1647 3320 Sancti

234 3370 325 3444 Petri
342 3373 379 3443 in
397 3372 551 3447 Sandone
575 3373 621 3446 ab
643 3394 685 3448 co
708 3374 797 3446 lacta
822 3393 903 3445 cum
921 3372 1090 3446 territorio
1115 3381 1150 3445 et
1174 3372 1389 3469 pertinentiis
1411 3372 1501 3464 suis,
1526 3394 1646 3446 eorum

235 3493 364 3569 finibus
381 3496 534 3570 limitetis
550 3497 668 3592 positis
685 3499 723 3569 in
738 3497 907 3598 territorio
929 3497 1054 3570 montis
1069 3495 1196 3589 Ylaris,
1218 3506 1252 3568 ct
1267 3495 1445 3593 quoddam
1465 3496 1563 3572 aliud
1576 3497 1647 3593 pri·

234 3620 403 3716 vilegium
412 3621 550 3694 Roberti
561 3621 738 3716 quondam
747 3620 882 3694 comitis
892 3623 1035 3718 palatini
1045 3620 1200 3695 loretelli
1213 3621 1432 3695 nostrecuria
1444 3622 1647 3716 resignavit,

236 3745 415 3819 continens
440 3745 571 3820 dictum
590 3747 749 3821 comitem
768 3746 815 3820 ad
832 3748 894 3822 Dei
911 3746 1076 3820 honorem
1097 3755 1131 3818 et
1152 3747 1253 3818 beate
1269 3746 1376 3819 lllarie
1401 3746 1552 3840 Virginis
1573 3747 1647 3820 lau-

237 3867 317 3940 dem
334 3877 370 3940 et
383 3868 480 3964 quod
502 3869 595 3942 Deus
612 3880 794 3943 conservet
815 3871 924 3943 vitam
948 3870 1040 3964 regis
1060 3868 1238 3961 Gulielmi,
1263 3890 1326 3965 pro
1350 3870 1465 3943 anima
1489 3870 1597 3966 patris
1615 3879 1649 3942 et

236 3991 356 4064 matris
377 4013 441 4066 sue
464 3993 604 4068 dedisse
627 4002 733 4089 atque
754 3993 903 4068 donasse
925 3993 1113 4066 venerabili
1138 3993 1228 4090 patri
1256 3992 1397 4067 domino
1423 3995 1540 4068 Gisoni
1569 4016 1648 4092 pro·

237 4117 303 4187 suli
325 4116 501 4191 Bibinensi
525 4120 665 4192 nomine
686 4128 721 4192 et
744 4141 806 4215 pro
827 4128 926 4216 parte
947 4121 1070 4192 Sancte
1094 4115 1201 4192 Maris
1228 4119 1424 4192 Bibinensis
1446 4120 1590 4194 ecclesie
1614 4130 1649 4194 et

238 4240 303 4335 ipsi
320 4242 477 4335 ecclesie,
495 4242 531 4314 in
546 4267 617 4339 qua
633 4266 733 4316 suam
746 4247 894 4340 elegerat
909 4245 1134 4340 sepulturam,
1146 4245 1258 4338 casale
1275 4245 1390 4317 Sancti
1404 4247 1493 4318 Petri
1507 4245 1543 4317 in
1559 4248 1648 4319 Dru·

237 4385 369 4459 gazano
386 4368 508 4464 paucis
526 4368 726 4441 hominibus
742 4369 935 4442 habitatum
960 4377 995 4442 et
1015 4370 1166 4465 quedam
1183 4369 1253 4442 alia
1274 4369 1465 4443 inhabitata
1485 4392 1548 4444 seu
1572 4371 1650 4444 des·

237 4499 350 4564 tracta
368 4501 405 4564 et
421 4493 535 4566 casale
554 4493 691 4586 Balnei,
717 4493 831 4567 casale
846 4493 977 4567 castelli
996 4493 1041 4568 de
1056 4494 1198 4583 Solaria,
1219 4495 1331 4568 casale
1346 4493 1490 4591 dompni
1512 4496 1647 4588 Leonis,

238 4614 352 4688 casale
374 4618 498 4691 Sancte
520 4618 629 4693 Maria
652 4619 689 4690 in
706 4618 820 4692 Ebula
841 4620 953 4716 posita
973 4619 1010 4690 in
1026 4618 1194 4692 territorio
1212 4628 1249 4694 et
1266 4619 1481 4716 pertinemiis
1503 4620 1652 4694 civitatis
