4368 5876
249 576 347 638 lunser.
363 574 408 653 9.]
696 570 895 632 HISTORIA
918 565 1210 631 clancularius.
1608 571 1662 634 131

251 719 343 785 totns
358 710 435 784 sive
448 707 589 804 poderis
599 729 661 781 sen
678 716 846 783 terrarum
862 707 907 780 ab
922 707 1005 801 ipsis
1021 705 1188 801 possessis
1204 705 1298 800 regia
1316 708 1484 780 sententia
1500 717 1667 805 perpetuo

251 857 327 910 esse
350 834 516 932 privatos.
534 833 693 906 Preteres
715 831 870 924 injunxit
894 828 1036 903 firmiter
1060 840 1095 902 et
1112 828 1293 902 mandavit
1315 831 1561 925 potestatibus,
1586 853 1670 906 con·

252 961 385 1036 salibus
399 967 434 1032 et
456 957 646 1032 rectoribus
661 956 842 1034 civitatum
856 956 924 1030 snb
947 975 1037 1051 pena
1056 955 1151 1027 mille
1168 954 1386 1028 marchamm
1400 963 1440 1028 nt
1453 977 1573 1030 omnes
1591 979 1672 1053 pos·

252 1085 422 1160 mmiones
445 1083 629 1156 comitatus
653 1081 801 1178 predicti
826 1081 983 1155 detentas
1007 1078 1051 1151 ab
1075 1079 1160 1175 ipsis
1185 1080 1260 1152 sine
1284 1079 1485 1154 difficultate
1510 1102 1552 1154 ac
1576 1102 1672 1156 mora

252 1209 407 1306 qnalibet
424 1208 660 1297 restituerent,
673 1217 709 1281 et
727 1207 948 1279 absolverent
961 1225 1081 1276 omnes
1097 1203 1142 1276 de
1160 1204 1324 1277 comitatu
1342 1213 1377 1276 et
1394 1205 1492 1278 terris
1508 1206 1674 1301 predictis

251 1336 298 1409 ub
325 1333 421 1408 omni
439 1335 654 1426 juramento,
680 1332 839 1405 districtu
863 1342 898 1403 et
921 1330 1193 1425 obligationibus
1216 1330 1347 1425 quibus
1370 1329 1502 1403 ratione
1525 1331 1674 1424 alicujus

249 1457 500 1552 jurisdictionis
516 1479 621 1552 qnam
640 1457 676 1528 in
695 1455 747 1528 eis
762 1457 930 1528 hactenus
949 1465 1176 1529 exercuerant
1194 1463 1392 1528 tenerentur
1409 1455 1540 1528 eisdem
1562 1465 1597 1529 et
1617 1477 1672 1530 rc·

253 1591 432 1656 moverent
455 1583 616 1655 consules
633 1590 667 1653 et
683 1591 850 1670 rectores,
871 1580 1007 1673 bajulos
1029 1590 1064 1652 et
1086 1581 1117 1651 si
1143 1602 1232 1674 quos
1258 1580 1422 1653 officiales
1445 1581 1530 1676 ipsis
1555 1583 1673 1678 prele-

253 1717 370 1780 cernnt
385 1716 420 1779 et
437 1705 659 1779 extraherent
682 1727 911 1801 quoscunque
928 1715 1115 1801 posuerant
1138 1705 1182 1778 de
1208 1705 1307 1777 terris
1330 1706 1414 1800 ipsis
1437 1716 1472 1778 et
1488 1707 1534 1780 de
1559 1717 1673 1781 celem

254 1832 452 1905 memoratis
469 1832 654 1926 capellanis
673 1831 730 1903 vel
749 1851 871 1903 eornm
892 1831 989 1902 alteri
1012 1852 1076 1903 seu
1094 1830 1237 1902 cuilibet
1258 1829 1318 1902 alii
1338 1853 1358 1903 a
1378 1829 1467 1904 Sede
1486 1833 1672 1926 apostolica

255 1956 426 2030 destinato
440 1955 485 2028 ad
501 1954 717 2027 retinendam
732 1955 983 2050 possessionem
997 1975 1103 2049 quam
1117 1953 1222 2025 habet
1234 1961 1269 2034 et
1283 1954 1555 2048 recuperandam
1565 1977 1671 2050 quam

255 2081 448 2154 nonhabet
468 2089 658 2176 prostarent
679 2079 881 2170 consilium,
901 2079 1073 2152 auxilium
1097 2087 1131 2149 et
1153 2079 1318 2152 levorem.
1340 2079 1381 2149 Et
1403 2077 1453 2151 sic
1473 2080 1601 2151 iactum
1619 2089 1672 2154 est

253 2206 349 2300 quod
369 2206 470 2279 multi
489 2207 656 2295 barones,
677 2204 802 2276 milites
821 2215 856 2276 et
875 2204 934 2276 alii
961 2214 1127 2276 terrarum
1150 2203 1303 2298 ipsarum
1329 2203 1460 2276 eisdem
1485 2207 1672 2300 capellanis

255 2331 395 2404 nomine
419 2339 536 2402 nostru
565 2327 742 2403 fidelitatis
761 2331 958 2420 juramenta
982 2335 1173 2423 prestantes
1195 2337 1470 2417 recognoverunt
1494 2349 1532 2400 se
1556 2329 1672 2401 omnia

254 2477 324 2549 que
346 2455 393 2528 de
421 2454 585 2528 comitatu
609 2453 766 2550 predicto
791 2453 953 2526 tenebant
978 2475 1040 2547 per
1061 2453 1249 2524 Romanam
1271 2451 1459 2524 Ecclesiam
1481 2453 1670 2547 possidere.

255 2581 385 2653 llernm
401 2579 487 2674 quia
505 2579 638 2652 nobiles
656 2579 722 2650 viri
739 2578 800 2650 mii
816 2577 980 2651 comitum
995 2576 1126 2648 Albsrti
1144 2585 1178 2648 et
1194 2575 1324 2649 Nerusii
1347 2585 1497 2648 castrum
1515 2578 1675 2672 Gonzage

256 2728 336 2778 cum
352 2705 566 2802 pertinentiis
586 2705 660 2777 suis
679 2703 882 2777 detinebant
895 2703 1069 2794 invasum,
1086 2701 1263 2797 predictus
1284 2701 1511 2774 cancellarius
1532 2703 1583 2775 eis
1606 2704 1674 2776 sub

256 2851 346 2926 pena
370 2829 464 2902 mille
488 2829 705 2901 marcharum
726 2828 878 2921 injunxit
902 2836 941 2900 ut
959 2837 1110 2900 castrum
1127 2827 1243 2922 ipsum
1269 2825 1345 2898 sine
1368 2825 1570 2900 difficultate
1586 2851 1674 2923 qna·

256 2956 340 3028 libet
357 2955 584 3049 resignarent.
605 2954 695 3038 Quia
717 2953 754 3026 id
776 2952 911 3025 efficere
924 2962 1113 3025 renuerunt
1136 2973 1201 3024 nec
1224 2951 1409 3024 voluerunt
1428 2951 1464 3023 in
1483 2953 1575 3046 regis
1596 2975 1675 3049 pre-

257 3081 402 3154 sentiam
419 3099 636 3174 comparere,
654 3077 748 3152 idem
766 3099 831 3149 rex
849 3077 895 3151 de
915 3077 1059 3150 consilio
1077 3097 1218 3149 suornm
1235 3076 1431 3172 principum
1445 3056 1600 3150 bannum
1622 3079 1675 3175 ip·

258 3205 330 3278 sins
359 3203 553 3276 cancellarii
587 3201 803 3275 confirmavit
831 3211 865 3274 et
900 3222 1065 3297 personas
1103 3220 1222 3273 eorum
1254 3200 1320 3272 sub
1349 3210 1516 3296 perpetuo
1539 3203 1675 3298 imperii

257 3329 375 3403 banno
390 3350 524 3426 ponens
538 3329 631 3401 bons
646 3349 766 3400 eorum
787 3327 1000 3422 ubicumque
1016 3327 1159 3400 inuenta
1180 3327 1292 3424 iurent
1311 3325 1489 3400 confiscari
1506 3331 1673 3426 precepit,

260 3453 326 3525 nisi
355 3473 468 3547 nsque
486 3450 533 3525 ad
557 3452 649 3525 diem
669 3451 883 3524 dominicum
905 3452 1067 3548 pmximo
1093 3461 1176 3524 tuuc
1197 3459 1384 3524 venturum
1404 3451 1618 3547 resignarent
1639 3455 1676 3526 in

259 3575 423 3648 manibus
440 3578 695 3674 capellanorum
718 3577 873 3672 ipsorum
892 3577 948 3648 vel
967 3598 1088 3650 eorum
1108 3575 1250 3648 alterius
1273 3583 1422 3648 castrum
1445 3577 1579 3672 ipsum,
1601 3601 1679 3676 pre-

259 3701 352 3797 cepit
367 3701 832 3798 quoque‘Cremonensibus,
852 3701 1115 3791 Parmensibus,
1138 3700 1295 3795 Reginis,
1315 3701 1588 3796 Mutinensibus,
1613 3705 1681 3780 Bu·

259 3826 486 3898 noniensibns
506 3834 541 3899 et
558 3826 763 3921 generaliter
782 3826 957 3902 universis
972 3825 1135 3900 fidelibus
1153 3825 1227 3899 suis
1247 3834 1286 3898 nt
1309 3825 1473 3921 predictis
1488 3829 1677 3923 nobilibus,

259 3951 480 4043 adjutoribus
507 3960 544 4024 et
567 3951 760 4024 fautoribus
787 3953 844 4025 vel
872 3952 950 4024 aliis
972 3951 1211 4026 detentoribus
1234 3951 1336 4024 castri
1359 3951 1505 4047 predicti
1531 3955 1681 4028 lacerent

261 4075 380 4149 viuum
407 4096 589 4168 guerram
620 4076 774 4150 inhibuit
800 4077 904 4150 etiam
929 4077 1147 4169 Mantuanis,
1176 4076 1456 4164 Veronensibus,
1485 4078 1680 4152 Ferrarien·

146 4278 150 4284 ,
261 4200 375 4288 sibus,
397 4199 637 4273 brixiensibus
658 4210 694 4273 et
716 4202 794 4274 aliis
811 4200 973 4275 fidelibus
993 4203 1067 4276 suis
1088 4201 1155 4275 sub
1171 4201 1314 4273 obtentu
1337 4199 1511 4276 fidelitatis
1531 4214 1566 4276 et
1588 4215 1680 4278 certa

261 4345 353 4422 pena
374 4346 419 4397 ns
435 4325 519 4420 ipsis
535 4324 773 4422 impenderent
786 4327 989 4418 consilium,
1006 4327 1178 4400 auxilium
1198 4327 1256 4399 vel
1278 4327 1450 4410 favorem,
1466 4327 1556 4402 sicut
1571 4330 1607 4401 in
1626 4331 1681 4403 lit·

263 4448 345 4520 teris
372 4448 469 4544 regio
492 4449 605 4545 sigillo
632 4451 774 4524 munitis
801 4451 1045 4548 prospeximus
1067 4451 1205 4549 plenius
1231 4449 1418 4542 contineri;
1440 4461 1476 4524 et
1496 4454 1580 4548 qnia
1605 4479 1680 4532 cas·

261 4582 354 4646 trum
383 4574 588 4648 bondenum
614 4586 716 4650 vetus
743 4574 898 4649 dirutum
923 4587 1016 4668 erat,
1044 4597 1154 4672 nnper
1181 4574 1442 4648 rebedilicatum
1465 4581 1546 4669 [est]
1573 4588 1609 4652 et
1634 4583 1680 4655 ub

262 4696 417 4771 Ecclesie
425 4699 577 4774 llomnne
587 4700 749 4774 fidelibus
759 4701 903 4798 pacifice
913 4703 1104 4796 habitatur,
1114 4702 1259 4776 dilectus
1269 4723 1410 4796 quoque
1421 4701 1512 4776 lilius
1520 4703 1680 4780 Albertus
