4368 5876
251 565 347 628 {amca
365 566 408 646 9.]
699 561 899 624 HISTORIA
924 561 1216 626 nlenonarlca
1609 563 1667 626 135

328 727 447 803 (lnedlt.
462 727 495 787 in
517 724 640 788 Archiv.
661 742 724 805 reg.
745 725 777 788 S.
797 713 997 804 Sevedmiap.
1011 727 1180 804 Neapolim,
1202 743 1241 788 ex
1259 725 1396 806 originali
1414 727 1569 805 paululum
1590 734 1665 790 tem-

367 836 448 912 porls
460 835 569 914 injuria
586 831 776 914 oblitterato.)

295 1057 493 1132 Friden'eue
512 1058 631 1132 divina
646 1059 784 1134 lavante
800 1058 985 1132 clementia
994 1058 1226 1131 Romanorum
1244 1058 1441 1154 imperator,
1453 1079 1589 1154 semper
1605 1081 1669 1132 au·

247 1192 372 1278 gustus
388 1193 424 1257 et
438 1204 502 1258 rex
514 1183 641 1257 Sicilie.
660 1183 732 1256 Etsi
751 1182 868 1255 omnia
889 1182 1023 1258 caduca
1037 1182 1111 1255 sint
1125 1181 1305 1256 hominum
1326 1192 1360 1254 et
1379 1191 1571 1278 temporum
1588 1183 1667 1257 diu·

248 1310 411 1384 turnitate
433 1309 606 1402 labantur,
634 1316 717 1381 sunt
737 1318 854 1382 minen
876 1330 923 1382 ex
943 1306 1143 1382 bominibus
1164 1308 1282 1400 aliqua
1305 1316 1470 1404 perpetue
1492 1307 1669 1382 stabilitati

248 1453 426 1525 connexa,
445 1434 504 1506 iila
528 1432 691 1508 videlicet
708 1455 778 1528 que
798 1431 927 1508 divinis
953 1431 1071 1507 dedita
1096 1432 1248 1506 cultibus
1268 1431 1468 1506 hereditatis
1491 1432 1554 1505 Dei
1576 1433 1669 1505 iuni·

247 1560 366 1632 culum
392 1559 481 1632 inter
504 1558 662 1634 homines
681 1559 867 1654 ampliant,
897 1566 982 1631 tunc
1005 1557 1171 1634 videlicet
1189 1580 1269 1630 cum
1294 1558 1372 1632 loca
1394 1557 1607 1632 venerabilia
1632 1559 1669 1630 in

247 1684 377 1779 quibus
395 1683 536 1778 placens
551 1683 692 1758 domino
710 1682 832 1778 religio
850 1683 972 1758 militat
991 1683 1163 1780 imperiali
1181 1686 1300 1756 favore
1316 1684 1521 1756 muniuntur
1536 1691 1571 1757 et
1586 1706 1669 1756 mu-

249 1807 402 1884 nimenta
416 1831 486 1904 que
497 1817 652 1884 vetustas
665 1829 734 1882 non
746 1809 849 1882 diluit
858 1809 977 1882 votive
991 1809 1206 1883 liberalitatis
1221 1807 1458 1904 indulgentur.
1474 1810 1546 1882 Hac
1562 1808 1669 1902 igitur

249 1933 345 2008 ducti
369 1934 644 2008 consideratione
661 1935 847 2028 laudabili,
875 1932 1093 2008 attendentes
1117 1936 1410 2009 conversationem
1429 1936 1610 2008 honestam
1633 1944 1668 2008 et

249 2059 356 2132 sitam
382 2060 578 2154 religiosam
602 2060 809 2134 venerabilis
831 2060 956 2157 prioris
981 2061 1182 2133 monasterii
1204 2060 1320 2134 Sancti
1343 2059 1489 2158 Spiritus
1512 2060 1557 2134 de
1572 2061 1666 2133 Silva

249 2183 370 2258 Oreole
388 2185 536 2258 diocesis
548 2188 673 2260 Sancte
684 2185 832 2282 Agathe,
845 2183 1079 2260 Cistorciensis
1092 2185 1242 2278 ordinis,
1258 2195 1292 2258 et
1304 2187 1447 2259 fratrum
1459 2185 1591 2259 ibidem
1604 2184 1666 2258 do·

250 2311 345 2383 mino
366 2311 603 2403 militantium,
623 2332 686 2407 pm
709 2312 821 2384 sainte
842 2319 958 2385 nostm
976 2322 1011 2384 et
1029 2310 1184 2384 remedio
1207 2310 1401 2383 animarum
1420 2308 1581 2384 divorum
1601 2331 1666 2382 au-

249 2445 429 2530 gustorum
445 2443 628 2532 parentum
646 2445 840 2509 nostrorum
859 2435 1024 2509 memorie
1047 2433 1244 2524 recolende,
1270 2434 1516 2508 monasterium
1528 2435 1662 2529 ipsum,

250 2559 399 2655 priorem
422 2568 457 2632 et
479 2562 601 2633 iratres
620 2569 656 2634 et
678 2562 839 2656 grangias
862 2582 944 2636 snas
972 2583 1053 2634 oum
1079 2560 1241 2634 omnibus
1264 2560 1337 2632 suis
1364 2560 1577 2655 pertinentiis
1600 2559 1666 2631 sub

250 2692 366 2756 nostra
390 2685 531 2780 speciali
559 2685 771 2782 protectione
795 2685 1008 2782 recepimus,
1038 2686 1268 2759 concodentes
1292 2693 1327 2759 et
1348 2685 1591 2758 confirmantes
1615 2686 1666 2758 eis

250 2809 408 2881 starciam
431 2832 501 2904 que
519 2810 697 2905 quondam
720 2811 786 2884 init
809 2812 948 2886 lioberti
974 2810 1020 2884 de
1045 2808 1228 2884 Antiochia
1252 2832 1323 2906 que
1343 2818 1395 2884 est
1411 2812 1513 2904 mata
1537 2811 1667 2884 flumen

252 2935 410 3006 Vulturni
434 2943 468 3006 et
492 2945 545 3008 est
565 2936 687 3027 juncta
711 2958 791 3009 cum
818 2936 944 3010 starcia
963 2935 1093 3008 Nicolai
1112 2933 1157 3008 de
1182 2934 1342 3024 Bevalro,
1367 2943 1402 3008 et
1429 2933 1666 3007 molendinum

247 3059 348 3155 quod
362 3061 427 3132 luit
443 3061 489 3134 de
504 3062 691 3136 tenimento
708 3063 843 3135 Puliani
858 3061 958 3159 quod
974 3062 1185 3135 Humbertus
1197 3060 1243 3134 de
1247 3113 1660 3132 ...........

250 3183 321 3258 iilic
337 3207 402 3258 suo
416 3185 509 3259 dicto
527 3188 734 3261 monasterio
753 3188 868 3261 Sancti
883 3187 1031 3282 Spiritus
1052 3186 1226 3278 vendidit,
1242 3196 1277 3261 et
1293 3195 1403 3259 totum
1406 3237 1661 3258 .......

255 3363 263 3380 .
294 3363 303 3380 .
336 3363 345 3381 .
377 3364 387 3380 .
414 3309 555 3385 Goionis
572 3311 618 3386 de
639 3313 779 3406 Pagano
795 3320 830 3386 et
848 3313 955 3386 Maria
971 3335 1063 3384 uxor
1080 3315 1158 3405 ejus
1180 3313 1217 3383 in
1239 3311 1406 3386 territerio
1411 3363 1663 3383 .......

254 3489 263 3505 .
295 3489 303 3506 .
336 3489 345 3506 .
373 3435 469 3530 quod
494 3437 607 3511 eidem
639 3438 844 3512 monasterio
871 3439 1092 3525 obtulerunt,
1121 3445 1157 3510 et
1182 3447 1292 3509 totum
1314 3435 1402 3508 illud
1428 3435 1525 3531 quod
1554 3457 1668 3508 comes

250 3558 419 3633 iiobertus
436 3561 482 3636 de
499 3561 638 3636 Caserta
656 3563 693 3634 in
709 3563 877 3638 territorio
892 3563 1041 3656 Caserte,
1057 3563 1174 3636 illecte
1193 3571 1228 3635 et
1249 3561 1419 3634 limatulo
1440 3560 1533 3635 dicte
1550 3581 1670 3633 mona·-

250 3685 354 3758 sterio
367 3683 482 3779 dedit,
499 3696 534 3760 et
545 3687 713 3762 olivetum
730 3687 827 3784 quod
845 3697 897 3762 est
914 3689 951 3761 in
967 3697 1078 3761 castro
1094 3687 1266 3762 biilicsoni
1284 3685 1381 3782 qnod
1397 3683 1559 3760 vendidit
1574 3684 1669 3758 Guil-

252 3809 377 3884 lolmue
398 3813 443 3887 de
460 3813 618 3887 Precioso
638 3813 684 3886 de
702 3817 827 3888 &ncta
850 3811 985 3909 Agatha
1006 3822 1042 3886 et
1058 3811 1129 3885 filie
1145 3814 1222 3904 ejus
1243 3833 1414 3885 consensu
1437 3819 1472 3885 et
1497 3811 1588 3884 bona
1606 3831 1669 3884 vo·

249 3935 383 4010 luntate
403 3937 576 4010 Guiilelmi
598 3939 743 4012 Burrelli
768 3949 804 4012 et
825 3937 967 4012 Rcberti
994 3939 1129 4035 nepotis
1153 3941 1229 4032 ejus
1253 3938 1366 4012 eidem
1390 3937 1616 4023 monasterio,
1637 3944 1672 4008 et

250 4059 412 4134 starciam
433 4061 548 4134 Sancti
564 4061 662 4135 Pauli
682 4071 717 4136 et
734 4062 893 4135 starciam
912 4062 957 4136 de
978 4061 1148 4134 Monacha
1171 4070 1206 4138 ot
1221 4069 1346 4134 terram
1361 4081 1425 4157 pro
1446 4081 1510 4133 sex
1532 4057 1671 4156 periclis

251 4184 357 4258 boum
383 4185 420 4257 in
440 4187 608 4259 territorio
630 4187 747 4260 Turris
769 4188 903 4261 Palatii.
928 4189 1058 4260 Damus
1081 4186 1184 4260 etiarn
1206 4195 1242 4260 et
1259 4183 1502 4259 confirmamus
1526 4183 1670 4257 ecclesie

249 4311 366 4384 Sancti
388 4311 537 4407 Spiritus
558 4311 603 4385 de
624 4314 731 4386 Ponte
752 4315 876 4386 Tnlaro
893 4313 1032 4386 Ysciam
1053 4333 1162 4407 quam
1184 4311 1266 4384 oiim
1286 4311 1398 4384 tenuit
1413 4309 1569 4383 Andrean
1583 4309 1671 4404 Cep·

252 4434 365 4528 pellas
385 4434 423 4504 in
447 4436 613 4509 territorio
638 4437 753 4510 Sancti
783 4437 920 4511 Martini
943 4447 978 4510 et
999 4438 1123 4510 Pelnso
1155 4446 1190 4508 et
1213 4435 1422 4532 Copparnnis
1449 4444 1519 4506 tam
1543 4434 1588 4507 de
1610 4432 1671 4507 de·

253 4558 369 4631 manio
385 4581 491 4652 quam
508 4558 552 4633 de
568 4561 678 4635 leodis
691 4570 727 4635 et
740 4562 953 4652 tenimentis,
973 4572 1007 4634 et
1026 4561 1265 4636 molendinum
1286 4571 1321 4634 et
1341 4569 1450 4633 totum
1464 4558 1560 4654 quod
1580 4561 1671 4632 bias·

254 4683 414 4756 taiellone
427 4685 538 4757 tenuit
550 4685 586 4757 in
602 4687 768 4760 territorio
781 4687 904 4762 Arenio
914 4687 1011 4783 quod
1023 4688 1142 4761 eidem
1156 4686 1300 4760 ecclesie
1312 4685 1427 4759 dictus
1438 4686 1670 4760 Mastaiollone
