4368 5876
274 588 373 650 norm.
388 583 432 664 9.]
721 577 917 640 HISTORIA
940 580 1236 644 bfuborfarlcll.
1630 581 1687 642 115

273 722 400 798 ualdus
416 723 493 796 dux
506 718 635 817 Spoleti
652 724 687 792 et
703 715 860 792 Andreas
877 719 975 812 regni
990 719 1103 790 Sicilie
1122 717 1310 813 logotheta,
1331 717 1516 790 familiares
1530 717 1635 789 nostri
1651 727 1685 788 et

275 848 406 923 fideles.

321 977 447 1046 Datum
473 970 590 1067 Capue
613 980 690 1068 post
717 969 849 1042 cauam
876 970 1100 1058 celebratum,
1125 987 1217 1042 anno
1241 967 1414 1042 dominice
1441 966 1686 1040 incarnationis

273 1097 436 1188 lllCCXX,
456 1117 575 1168 mense
592 1095 772 1186 februarii,
796 1093 986 1167 indictione
1011 1093 1070 1182 lX,
1093 1094 1227 1189 imperii
1246 1092 1376 1166 domini
1394 1092 1500 1165 nostri
1523 1091 1684 1165 Friderici

272 1225 336 1298 Dei
349 1222 460 1318 gratia
471 1222 700 1294 Romanorum
713 1219 939 1315 imperatoris,
947 1239 1082 1316 semper
1093 1220 1245 1314 augusti,
1255 1241 1347 1292 anno
1356 1220 1481 1315 primo,
1492 1219 1588 1314 regni
1600 1239 1684 1290 vero

273 1349 388 1424 Sicilie
404 1347 540 1436 auur,
558 1345 712 1420 feliciter.
729 1343 853 1418 Amen.

484 1639 1467 1652 ffl-——tn—-n—-ffl—-n-n-

329 1911 526 1997 Conradus
539 1909 715 1996 Metensis
737 1918 775 1994 et
797 1908 984 2020 Spirensis
1007 1909 1221 2019 episcopus,
1235 1909 1442 2018 imperialis
1465 1911 1575 1996 aulae
1598 1939 1687 1996 cau-

274 2045 450 2130 cellarius
476 2053 515 2129 et
540 2045 657 2128 totius
683 2043 813 2128 ltaliae
830 2040 1001 2153 legatae,
1021 2043 1206 2126 universis
1238 2043 1387 2152 imperii
1414 2043 1589 2128 fidelibus
1619 2073 1687 2156 per

275 2181 451 2263 Tusciam
477 2176 690 2261 constitutis
719 2187 854 2260 notum
885 2175 976 2259 facit
1003 2201 1044 2259 se
1071 2177 1250 2260 nuntium
1279 2203 1393 2260 suum
1420 2178 1461 2259 in
1488 2178 1561 2262 hac
1586 2207 1686 2290 pro·-

274 2313 397 2396 vincia
417 2310 657 2396 constituisse
678 2309 913 2395 Ereraulum
934 2311 983 2394 de
1008 2309 1125 2393 Lutra
1146 2310 1375 2394 familiarem
1401 2337 1514 2396 suum
1538 2323 1581 2398 ut
1607 2315 1687 2398 viee

274 2472 346 2530 sna
359 2445 490 2532 omnia
506 2444 660 2556 negotia
676 2444 824 2553 imperii
840 2443 1019 2554 disponat
1035 2452 1114 2526 tam
1131 2444 1171 2526 iu
1181 2443 1335 2554 judiciis
1347 2471 1465 2557 quam
1480 2446 1520 2528 in
1532 2445 1685 2530 bannis.

355 2662 450 2741 (Edlt.
466 2677 515 2741 ap.
531 2663 708 2741 chmru,
721 2657 827 2722 ama
844 2657 918 2723 med.
933 2661 1012 2735 aeni,
1031 2677 1063 2739 p.
1080 2670 1135 2732 28,
1154 2677 1193 2721 ex
1213 2659 1287 2722 lfbro
1308 2678 1464 2738 oensnum,
1488 2662 1542 2725 fol.
1562 2674 1629 2727 for.
1644 2699 1685 2714 -

393 2769 521 2844 mmo,
534 2765 678 2849 suppum
692 2765 802 2831 aeto.
821 2768 911 2844 Tora,
924 2775 948 2830 t.
964 2767 1021 2844 v1,
1034 2785 1066 2847 p.
1081 2763 1143 2849 18.)

322 2959 499 3036 Conradus
523 2960 585 3033 Dei
612 2960 721 3055 gratia
741 2959 905 3032 Metensis
932 2967 967 3032 et
990 2958 1160 3055 Spirensis
1184 2959 1388 3056 episcopus,
1408 2959 1594 3056 imperialis
1609 2964 1688 3038 aule

273 3086 497 3162 cancellarius
513 3095 618 3179 atque
632 3084 737 3158 totius
751 3084 846 3158 ltalie
862 3084 1298 3181 legatus,arcbiepiscopis,
1310 3083 1493 3181 episcopis,
1503 3086 1688 3161 abbatibus

273 3213 463 3307 ceterisque
480 3209 704 3286 ecclesiarum
722 3209 861 3306 prelatis
882 3230 1030 3282 necnon
1051 3208 1321 3296 marchionibus,
1338 3209 1536 3304 comitibus,
1553 3213 1688 3308 capita-

272 3337 360 3428 neis,
380 3335 625 3410 vavassoribus
643 3344 678 3407 et
699 3333 874 3409 nobilibus
889 3343 995 3428 atque
1013 3335 1254 3430 potestatibus,
1274 3334 1476 3407 consulibus
1494 3356 1555 3410 seu
1574 3345 1689 3410 recto·

272 3463 368 3536 ribus
388 3471 424 3536 el
448 3459 749 3534 communitatibus
771 3459 927 3532 omnium
950 3459 1130 3534 civitatum
1149 3470 1184 3534 et
1206 3459 1435 3557 oppidorum,
1451 3462 1554 3536 simul
1575 3472 1684 3538 recto·

271 3587 369 3660 ribus
386 3595 491 3682 atque
508 3585 638 3682 populo
658 3592 693 3658 et
710 3583 883 3656 universis
899 3604 960 3678 per
976 3583 1134 3658 Tusciam
1153 3584 1346 3658 constitutis
1367 3585 1503 3683 imperii
1526 3585 1687 3662 fidelibus

272 3711 417 3786 saulem
442 3720 478 3785 61
505 3731 609 3784 omne
633 3709 776 3782 bonnm.
800 3706 1022 3780 Universitati
1050 3719 1165 3782 vestre
1199 3708 1350 3806 presenti
1378 3711 1506 3805 pagina
1539 3711 1685 3787 facimus

271 3836 490 3909 manifestum
507 3833 603 3930 quod
621 3855 684 3906 nos
709 3833 754 3906 de
774 3831 939 3906 fidelitate
965 3833 1161 3928 pariterque
1181 3833 1351 3908 industrie
1368 3833 1481 3908 fidelis
1498 3836 1633 3932 imperii
1650 3848 1685 3912 et

272 3960 387 4035 dilecti
407 3959 585 4033 familiaris
608 3957 714 4031 nostri
739 3955 906 4030 Everordi
929 3955 976 4030 de
1001 3958 1105 4030 Lutra
1129 3957 1317 4052 plurimum
1344 3953 1575 4053 confidentes,
1600 3962 1684 4056 quia

270 4093 410 4182 propter
422 4083 531 4156 multa
542 4081 676 4178 imperii
695 4082 831 4177 negotia
845 4082 881 4152 in
892 4081 1071 4178 provincia
1081 4080 1204 4154 Tuscia
1215 4080 1261 4155 ad
1270 4101 1411 4177 presens
1424 4104 1556 4157 moram
1571 4085 1684 4160 facere

271 4230 339 4282 non
348 4209 520 4296 valemus,
537 4207 652 4303 ipsum
663 4205 875 4280 Everardum
895 4205 932 4279 in
948 4213 1019 4280 tota
1027 4203 1336 4301 eademprovincia
1355 4207 1515 4280 nuntium
1527 4219 1681 4286 nostrum

269 4333 510 4408 constituimus
524 4331 726 4428 specialem,
744 4331 996 4404 committentes
1011 4329 1124 4404 eidem
1146 4330 1183 4402 in
1199 4330 1362 4404 omnibus
1378 4332 1524 4426 agendis
1546 4333 1683 4431 imperii

270 4455 364 4530 vices
385 4465 519 4530 nostras
537 4453 730 4528 secundnm
752 4454 846 4548 qnod
869 4453 968 4527 nobis
984 4453 1167 4527 commissa
1184 4463 1266 4526 sunt
1281 4477 1302 4528 a
1319 4455 1459 4529 domino
1477 4467 1593 4532 nostro
1613 4459 1683 4533 im·

269 4589 445 4678 peratore,
467 4602 509 4654 eo
531 4579 635 4654 modo
654 4587 693 4654 ut
715 4581 832 4654 omnia
850 4579 988 4674 negotia
1010 4577 1145 4676 imperii
1165 4578 1320 4653 faciatet
1337 4580 1497 4678 disponat
1518 4593 1681 4680 tanquam
1762 4607 1773 4616 ·

269 4727 333 4780 nos
354 4707 468 4782 faeere
483 4725 687 4804 possumus,
709 4702 904 4778 secundum
928 4703 1025 4800 qnod
1050 4705 1084 4778 ei
1110 4703 1287 4778 ridebitur
1310 4705 1495 4803 expedire3
1515 4719 1551 4784 et
1573 4720 1612 4784 ut
1637 4713 1684 4787 de
