4296 5898
202 557 309 622 ,terrm
327 552 391 628 ln]
665 551 863 614 HISTORIA
889 551 1182 615 olrnonnrrcn.
1572 557 1632 620 245

211 685 438 798 praepositis
457 693 496 768 et
517 682 690 768 officiatis
713 685 793 768 suis
817 695 861 770 ut
883 711 969 769 eam
996 695 1243 770 manutenere
1266 697 1305 772 el
1325 686 1528 773 defendere
1553 716 1630 774 nou

212 820 412 926 omittant,
430 817 550 900 alium
567 817 642 901 nisi
656 844 697 902 se
715 818 756 900 in
774 845 820 902 ee
833 819 1059 904 advocatum
1071 845 1156 904 esse
1167 819 1389 930 prohibens.

295 1027 386 1109 (Edit.
401 1029 433 1087 ln
445 1025 574 1087 Moratur
585 1025 677 1097 sorr..
689 1031 713 1088 t.
724 1027 808 1101 VIII,
818 1043 850 1105 p.
863 1035 913 1102 21,
924 1037 958 1089 u⁰
970 1035 1065 1090 ls.-
1075 1027 1236 1106 apllunn,
1247 1022 1412 1107 Metropol,
1423 1027 1477 1102 111,
1490 1036 1629 1092 leo-loo.

332 1165 373 1180 -
383 1133 510 1208 Scurm,
526 1131 638 1214 Orr'pirr
650 1128 754 1215 daed,
766 1132 809 1207 ll,
823 1139 892 1193 oso.
904 1163 945 1180 -
953 1132 1101 1194 Insertum
1113 1138 1144 1194 ut
1157 1131 1365 1194 confirmatum
1377 1134 1410 1193 ln
1422 1133 1633 1210 diplomatibus

332 1239 454 1302 liudolfi
465 1237 564 1315 l,dct.
575 1239 675 1314 Ulmo,
689 1248 726 1302 1⁵
739 1239 825 1318 april.
840 1247 928 1315 llll,
939 1238 1103 1314 otAlburtl,
1112 1239 1176 1301 dat.
1187 1240 1375 1320 Emollngau,
1385 1249 1423 1302 rt
1434 1242 1514 1318 Junll
1528 1239 1630 1320 tres.)

260 1428 457 1504 Fridericus
483 1426 659 1502 secundus
683 1426 806 1502 dimna
828 1428 967 1502 fovente
983 1428 1165 1502 clementia
1180 1429 1412 1502 Romanorum
1428 1429 1629 1526 imperator,

212 1573 351 1650 semper
366 1562 536 1649 augustus
551 1561 588 1627 et
605 1574 670 1628 rex
684 1551 811 1626 Sicilie.
830 1552 894 1628 Per
911 1573 1053 1649 presens
1068 1553 1235 1650 scriptum
1246 1561 1367 1626 notum
1383 1551 1457 1626 lieri
1470 1555 1633 1627 volumus

213 1677 387 1752 universis
407 1678 544 1775 imperii
560 1676 724 1752 fidelibus
739 1684 808 1751 tum
826 1678 1044 1774 presentibus
1062 1699 1169 1772 quam
1184 1678 1310 1751 iuturIs
1328 1677 1424 1772 quod
1440 1699 1503 1752 nos
1517 1688 1633 1752 atten-

212 1800 335 1876 dentes
352 1800 457 1876 Iidem
477 1823 623 1898 puram,
640 1801 860 1876 devotionem
877 1802 1047 1876 siuceram
1071 1824 1206 1875 necnon
1226 1803 1435 1876 laudabilem
1452 1815 1487 1876 et
1507 1803 1633 1878 hones-

212 1936 284 1998 tam
306 1926 603 2001 conversationem
630 1925 748 2000 dilecti
774 1924 887 2000 fidelis
912 1927 1018 2000 nostri
1041 1926 1225 2022 Witigonis
1251 1927 1416 2023 prepositi
1439 1928 1475 1998 in
1493 1927 1632 2002 Bait-en·

212 2049 347 2143 buecb,
374 2051 489 2147 Ipsum
514 2061 550 2124 et
569 2051 750 2126 ecclesiam
769 2072 868 2126 suam
887 2073 969 2124 cum
994 2052 1157 2125 omnibus
1171 2052 1274 2125 bonis
1296 2051 1370 2126 suis
1387 2053 1575 2126 mobilibus
1598 2063 1633 2127 et

212 2176 469 2270 immobilibus,
488 2175 601 2269 agris,
619 2177 780 2273 pascuis,
800 2176 1002 2272 piscaturis,
1021 2177 1222 2250 nemoribus
1239 2185 1275 2251 et
1291 2178 1462 2250 montanis
1485 2178 1521 2249 in
1544 2199 1632 2252 nos-

212 2313 298 2376 tram
318 2301 504 2398 specialem
520 2309 556 2375 et
576 2300 713 2397 Imperii
733 2301 919 2397 recipimus
938 2301 1202 2396 protectionem,
1219 2309 1408 2374 statuentes
1425 2310 1460 2374 et
1475 2302 1632 2375 auctori-

211 2433 282 2499 tate
298 2427 467 2522 presentis
481 2425 600 2522 scripti
621 2423 863 2499 confirmantes
887 2434 927 2500 ut
951 2427 1043 2500 nulla
1066 2427 1208 2500 omniuo
1230 2447 1378 2522 persona
1393 2429 1632 2522 cujuscunque

212 2549 316 2624 luerit
331 2550 560 2642 conditionis,
583 2549 652 2624 elta
668 2551 727 2624 rel
742 2550 904 2644 humilis,
929 2549 1159 2624 ecclesiastica
1182 2551 1238 2623 rel
1264 2551 1450 2641 secularis,
1472 2550 1632 2624 antedic-

211 2683 287 2746 tum
299 2673 468 2770 Witigaw
488 2675 704 2771 prepositum
728 2673 892 2749 dilectum
912 2673 1050 2749 fidelem
1072 2681 1228 2746 nostrum
1242 2675 1300 2748 vel
1319 2675 1471 2772 aliquem
1489 2697 1633 2750 succes-

212 2819 330 2872 sorum
349 2821 490 2873 suornm
512 2799 549 2872 in
569 2799 671 2873 bouis
685 2800 830 2874 ecclesIe
847 2821 911 2874 sue
934 2808 1112 2896 presumat
1126 2799 1326 2895 perturbare
1344 2821 1410 2874 nec
1431 2800 1483 2874 eis
1504 2799 1630 2898 damp-

212 2946 297 2996 num
312 2923 453 3017 aliquod
467 2923 631 3020 irrogare.
645 2921 748 3011 Quod
758 2923 820 3019 qui
835 2923 1081 3022 presumpserit
1096 2923 1133 2995 iu
1148 2945 1212 2997 sue
1229 2923 1429 2998 temeritatis
1441 2923 1630 2999 vindictam

211 3046 487 3143 indignationem
513 3049 621 3123 nostri
647 3049 809 3122 culminis
835 3071 874 3122 se
898 3047 1033 3122 nouerit
1047 3029 1210 3144 ‘graviter
1234 3048 1466 3122 incursurum.
1499 3051 1630 3124 Damus

210 3182 366 3268 preterea
384 3173 555 3248 universis
575 3173 759 3272 prepositIs
774 3183 809 3249 et
825 3173 981 3248 officiatis
1003 3173 1129 3246 nostris
1146 3173 1238 3248 circa
1258 3175 1491 3270 possessiones
1504 3197 1628 3271 preno-

210 3298 341 3373 minata
350 3297 494 3373 ecclesie
506 3299 542 3372 in
554 3299 788 3374 llaitenbuech
800 3299 1092 3374 commorantibus
1104 3297 1246 3374 firmiter
1261 3299 1298 3372 in
1314 3300 1487 3374 mandatis
1499 3310 1537 3374 ut
1550 3301 1628 3398 qui·

211 3444 363 3519 cumque
377 3425 569 3520 sepefatum
585 3425 799 3523 prepositum
818 3421 982 3498 dilectum
1001 3421 1139 3497 fidelem
1157 3433 1312 3496 nostrum
1324 3422 1361 3496 in
1373 3423 1629 3499 bonisecclcsie

210 3568 275 3622 sue
292 3547 446 3622 indebite
462 3557 497 3622 et
510 3558 629 3623 contra
641 3549 811 3642 justitiam
835 3549 1010 3623 offendere
1023 3549 1288 3646 presumpserit,
1307 3548 1375 3621 sibi
1392 3549 1575 3623 consilium
1594 3561 1630 3624 et

211 3673 336 3747 efficax
349 3671 522 3747 auxilium
535 3672 583 3748 ad
597 3672 834 3750 defensionem
846 3681 882 3748 et
893 3673 1073 3748 tuitionem
1085 3674 1229 3748 ecclesie
1244 3695 1307 3747 suc
1319 3674 1521 3770 impendere
1534 3673 1630 3748 nullo

209 3798 317 3873 modo
344 3798 581 3874 contradicant
597 3809 632 3872 et
654 3821 731 3874 eam
754 3807 979 3873 manutenere
1003 3807 1108 3895 atque
1133 3797 1320 3872 defendere
1348 3819 1419 3871 non
1448 3798 1626 3891 omittant,

209 3923 295 4020 quia
317 3925 442 3998 totiens
458 3925 586 4000 dicum
607 3924 786 3999 ecclesiam
811 3924 846 3996 in
867 3944 933 3998 suo
946 3925 1025 4018 jure
1042 3933 1077 3997 et
1094 3923 1252 3996 libertate
1275 3933 1381 4019 atque
1402 3921 1533 3996 bonore
1554 3921 1630 4015 ejus

209 4069 411 4144 permanere
432 4050 607 4144 rolumus,
634 4051 724 4124 sicut
747 4058 903 4146 tempore
925 4048 1139 4145 imperatoris
1160 4048 1298 4121 Henrici
1322 4047 1431 4144 putris
1453 4044 1561 4119 nostri
1579 4046 1629 4117 iu·

211 4173 292 4247 clito
307 4173 555 4248 recordationis
572 4174 764 4250 dinoscitur
780 4174 1027 4271 permansisse,
1044 4173 1142 4247 salvo
1162 4192 1303 4269 quoque
1325 4171 1420 4245 omni
1432 4173 1511 4265 jure
1531 4169 1629 4266 quod

210 4317 274 4370 nos
288 4308 322 4371 et
337 4296 483 4372 heredes
496 4298 603 4372 nostri
621 4297 752 4373 ibidem
767 4295 896 4370 habere
914 4297 1093 4370 debemus.
1112 4297 1280 4370 Volumus
1294 4294 1398 4369 etiam
1421 4303 1457 4368 et
1477 4293 1629 4368 districte

209 4420 437 4518 prohibemus
459 4431 500 4496 ut
521 4422 656 4496 nullum
675 4423 781 4497 alium
797 4433 1018 4519 preterquam
1031 4443 1095 4496 nos
1107 4430 1142 4495 et
1160 4419 1397 4494 charissImum
1413 4418 1523 4492 filium
1542 4441 1628 4492 nos-

210 4555 303 4620 trum
321 4547 520 4621 Heiancum
537 4549 769 4624 Romanorum
788 4569 906 4645 regem
923 4569 1028 4646 super
1041 4547 1277 4645 possessIones
1295 4569 1377 4620 suas
1392 4548 1449 4621 vel
1464 4547 1526 4642 qui
1546 4545 1628 4618 insi·

209 4670 296 4766 guia
311 4671 695 4773 imperialiatenuerirrt
710 4673 1096 4776 babeantadvocatum.
