4272 5886
570 597 631 662 530
1072 597 1287 660 salnsalcl
1311 597 1485 660 deiilllll
1797 598 1892 678 [sus
1912 596 1995 659 iffi

573 729 689 808 minus
710 732 825 807 eidcm
847 733 1044 808 Pistoriensi
1067 736 1249 832 episcopo,
1275 735 1533 808 successoribus
1553 733 1626 807 suis
1649 742 1685 807 ot
1700 733 1913 808 Pistoriensi
1936 755 1999 806 cc-

572 856 679 934 clesie
708 861 909 955 omniaque
926 861 1139 956 temporibus
1165 861 1446 956 predecessorum
1470 869 1663 934 nostrorum
1684 859 1917 933 dominorum
1930 879 1997 932 au-

573 995 753 1082 gustorum
779 995 814 1060 et
850 986 1004 1059 maximo
1033 987 1278 1082 imperatorum
1309 985 1469 1060 Friderici
1497 994 1533 1058 et
1559 985 1698 1058 llanrici
1723 985 1781 1060 avi
1808 994 1849 1057 et
1891 984 1997 1080 patris

572 1111 681 1184 nostri
699 1111 863 1185 memorie
882 1110 1064 1185 recolende
1082 1112 1175 1204 juste
1192 1111 1303 1185 tonuit
1318 1121 1354 1184 et
1373 1110 1528 1206 possedit
1543 1119 1578 1184 et
1598 1131 1693 1182 nuno
1714 1110 1820 1184 dmm
1845 1111 1996 1183 rationa-

572 1237 687 1309 biliter
711 1237 926 1328 dignoscitur
954 1235 1154 1333 possidere,
1183 1237 1279 1310 salva
1308 1235 1344 1308 iu
1373 1235 1534 1310 omnibus
1560 1235 1728 1332 imperiali
1754 1237 1913 1329 justitia.
1948 1236 1995 1306 Dc

571 1360 817 1436 abundantiori
844 1382 927 1456 ergo
951 1360 1186 1436 munificentie
1209 1370 1326 1435 nostre
1352 1361 1461 1456 gratia
1484 1383 1555 1456 qua
1579 1359 1830 1433 consuevimus
1849 1361 1919 1433 Dei
1942 1381 1995 1432 ec·

572 1487 694 1560 oleeias
712 1487 769 1582 pio
794 1486 1002 1582 pmvisionis
1026 1487 1158 1588 solatiis
1181 1488 1354 1576 relevere,
1377 1485 1470 1560 dicto
1490 1485 1687 1560 Pistoriensi
1707 1486 1897 1582 episcopo,
1921 1507 1995 1558 suc·

572 1611 768 1685 caesoribus
785 1615 862 1704 ejus
880 1633 1014 1686 necnon
1032 1613 1176 1686 ecclesio
1190 1612 1388 1686 Pistoriensi
1408 1611 1604 1706 adjiciendo
1619 1610 1849 1684 conoedimus
1867 1611 1917 1684 ob
1936 1610 1993 1684 de·

573 1737 750 1810 actionem
764 1736 874 1832 ipsius
890 1735 1063 1812 Gratiadei
1080 1737 1295 1811 Pistorieusis
1315 1736 1469 1833 episcopi
1490 1737 1536 1812 do
1551 1757 1644 1810 mera
1661 1737 1873 1810 liberalitate
1894 1745 1931 1810 et
1949 1759 1992 1809 ex

573 1871 666 1934 cortu
679 1862 821 1936 scientia
837 1871 877 1934 ut
894 1863 989 1936 nulla
1007 1863 1209 1960 prescriptio
1224 1863 1291 1936 nisi
1311 1872 1450 1936 centum
1468 1884 1637 1935 annorum
1651 1861 1703 1934 eis
1716 1862 1829 1958 possit
1846 1861 1986 1958 opponi,

574 2009 644 2060 non
666 1987 824 2062 obstante
840 1989 918 2084 lege
939 2009 1031 2062 nova
1048 2009 1118 2084 quc
1138 1988 1387 2085 proscriptione
1407 1985 1684 2082 quadragenaria
1702 1987 1862 2061 excludit
1883 1988 1990 2060 ecclo-

572 2113 659 2186 siam
674 2123 709 2186 et
721 2113 780 2205 jus
796 2114 947 2186 alienum
967 2113 1147 2205 absorbet;
1168 2113 1265 2208 quod
1283 2112 1439 2188 obtinere
1452 2113 1616 2186 volumus
1636 2121 1705 2184 tam
1723 2111 1759 2183 in
1781 2111 1989 2186 inchoandis

572 2238 877 2336 prescriptionibus
898 2250 1016 2312 contra
1033 2235 1146 2336 ipsam
1161 2237 1342 2312 ecclesiam
1358 2259 1465 2333 quam
1481 2238 1585 2311 etiam
1604 2239 1641 2308 in
1658 2235 1831 2310 inchoatis
1845 2239 1906 2311 rel
1923 2257 1987 2332 quo

568 2369 641 2472 jam
657 2365 762 2438 etiam
777 2375 859 2438 suut
876 2365 1078 2460 prescripto,
1091 2365 1157 2437 nisi
1171 2365 1287 2457 justus
1304 2365 1424 2436 titulus
1440 2372 1621 2460 appareret
1634 2385 1739 2459 super
1753 2363 1911 2456 juribus,
1930 2384 1988 2435 ac·

572 2491 725 2564 tionibus
738 2500 774 2563 et
787 2491 892 2563 rebus
907 2489 1063 2581 ejusdem
1077 2489 1223 2564 ecclesie
1235 2491 1307 2583 jam
1326 2488 1542 2585 prescriptis;
1559 2496 1748 2562 statuentes
1767 2499 1802 2561 et
1820 2487 1987 2584 presentis

571 2615 745 2714 privilegii
773 2615 974 2689 auctoritate
999 2613 1142 2688 tirmiter
1162 2614 1381 2710 injungentes
1402 2614 1558 2688 utnulla
1585 2613 1728 2686 omniuo
1747 2634 1900 2709 persona
1923 2613 1984 2686 alta

571 2743 627 2816 vel
645 2741 798 2832 humilis,
821 2740 1052 2814 ecclesiastica
1070 2741 1126 2812 vel
1142 2739 1325 2830 secularis,
1345 2739 1552 2834 jamdictum
1570 2739 1771 2836 episcopum
1796 2748 1831 2812 et
1853 2718 1984 2812 succes·

571 2889 667 2942 sores
687 2887 769 2940 auos
788 2885 923 2940 necnon
941 2867 1120 2940 ecclesiam
1140 2865 1350 2942 antedictam
1370 2887 1476 2962 super
1498 2865 1663 2962 predictis
1680 2865 1844 2939 omnibus
1863 2875 1981 2938 murem

574 2991 745 3088 impedire
762 3013 824 3064 seu
841 2992 1022 3065 molestare
1043 3001 1220 3088 presumat
1234 2992 1291 3066 vel
1306 2991 1357 3066 eia
1378 3013 1467 3064 ausu
1485 2991 1666 3065 temerario
1685 2990 1868 3064 contraire.
1888 2986 1980 3075 Quod
2110 2981 2111 3016 ¹

573 3117 635 3212 qui
653 3116 899 3212 presumpserit
917 3115 1190 3211 indignationem
1206 3125 1358 3190 nostram
1375 3126 1411 3189 et
1427 3137 1554 3212 penam
1575 3124 1714 3190 centum
1732 3116 1900 3189 librarum
1914 3111 1980 3188 auri

572 3263 611 3314 se
625 3242 761 3316 noverit
778 3243 1017 3330 incursurum,
1033 3240 1252 3314 medietatem
1275 3263 1410 3314 camere
1428 3250 1561 3326 nostre,
1584 3240 1752 3336 reliquam
1769 3241 1980 3313 medietatem

573 3367 685 3467 passis
704 3367 867 3461 injuriam
886 3367 1162 3462 persolvendam.
1181 3367 1226 3440 Ut
1245 3376 1361 3440 autem
1381 3365 1447 3439 hec
1465 3377 1582 3440 nostre
1604 3366 1780 3439 concessio
1802 3377 1837 3439 ct
1863 3361 1981 3439 contir-

573 3495 680 3566 matio
701 3502 776 3566 rate
797 3511 933 3587 semper
959 3500 995 3564 ot
1018 3492 1223 3566 inconcussa
1246 3500 1462 3588 permaneat,
1492 3511 1635 3586 presens
1659 3490 1883 3586 privilegium
1907 3486 1980 3562 inde

572 3617 647 3691 deri
661 3628 696 3692 ct
713 3618 826 3712 sigillo
843 3615 1059 3690 celsitudinis
1076 3626 1193 3690 nostre
1203 3617 1372 3711 jussimus
1387 3615 1606 3690 communiri.

620 3743 732 3834 Hujus
758 3741 808 3814 roi
832 3751 936 3816 testes
966 3750 1049 3814 sunt
1071 3741 1191 3815 laudo
1218 3739 1426 3815 venerabilis
1451 3739 1657 3836 Regincnsis
1684 3739 1973 3836 archiepiscopus,

572 3867 731 3942 Julianus
756 3865 963 3940 Macareusis
989 3864 1040 3964 (a)
1070 3874 1105 3939 et
1133 3865 1306 3940 lohannes
1334 3865 1536 3958 Bojenonsis
1564 3865 1738 3961 episcopi,
1771 3865 1878 3938 irater
1898 3863 1975 3935 ller-

570 4013 721 4064 mannus
749 3991 958 4066 venerahilis
982 3990 1146 4085 magister
1173 3991 1299 4065 domus
1320 3989 1500 4086 hospitalis
1522 3991 1647 4062 Sancte
1673 3988 1782 4062 Maris
1801 3985 1976 4062 Theotoni-

571 4138 691 4191 eorum
716 4115 752 4188 in
781 4113 989 4205 Jerusalem,
1017 4111 1207 4187 Rainaldus
1237 4114 1313 4188 dux
1335 4113 1464 4210 Spoleti
1491 4122 1526 4186 et
1551 4113 1738 4187 Brittoldns
1764 4115 1870 4187 frater
1893 4114 1973 4206 ejus,

572 4239 721 4314 Sitridus
737 4259 853 4312 comes
870 4237 916 4312 de
934 4238 1086 4331 Vienna,
1108 4237 1227 4311 Simon
1248 4258 1365 4311 comes
1384 4237 1590 4332 Theatinus,
1615 4236 1778 4312 Albertus
1803 4259 1917 4313 comes
1940 4233 1976 4308 dc

572 4365 677 4438 Stalel
696 4361 744 4462 (d)
760 4374 796 4439 et
810 4364 871 4438 alii
885 4365 1122 4460 quamplures.

615 4644 652 4728 (a)
673 4647 709 4709 ln
721 4649 864 4726 lmpresso
878 4645 1070 4731 lassamus,
1085 4649 1175 4710 male.

614 4752 656 4836 (d)
677 4755 728 4819 Sic
743 4774 752 4818 a
767 4757 964 4820 rartalmllltcr
976 4765 1076 4820 actam
1089 4753 1125 4818 da
1137 4755 1249 4839 Stcasa.
