4298 5898
178 617 276 680 norm.
295 613 356 700 ra]
629 610 825 674 ursronrn
850 609 1144 673 nrrnounrrcr.
1533 604 1595 668 ma

178 751 305 828 debitis
325 749 476 825 seruitiis
494 747 539 823 de
557 747 685 844 quibus
701 748 859 821 homines
884 749 975 821 soliti
997 757 1080 820 sunt
1102 747 1310 842 respondere
1326 745 1478 819 dominis
1500 746 1586 818 suis.

178 875 358 970 [Sequitur
382 871 552 969 depositio
577 871 678 944 istius
700 871 885 960 Iohannis,
904 872 1073 968 Raynaldi
1092 870 1285 964 Sagnoretti
1307 879 1590 963 caeterorumque

178 999 317 1072 testim
339 997 402 1093 qni
425 1018 495 1069 una
515 1017 636 1069 omnes
652 998 712 1089 jus
735 996 900 1070 ecclesiae
921 998 1065 1068 Sanctae
1087 996 1216 1068 Mariae
1240 1016 1345 1091 super
1368 994 1481 1067 casale
1508 995 1591 1066 Luci

178 1123 406 1219 producunt]
422 1123 512 1194 Sane
538 1143 618 1192 cum
638 1121 752 1195 dictus
767 1121 962 1217 prepositus
983 1121 1063 1194 lerri
1092 1143 1172 1192 cum
1197 1121 1359 1192 instantia
1385 1120 1588 1192 sententiam

178 1249 380 1342 postularet,
403 1246 567 1336 magister
580 1246 788 1338 justitiarius
811 1246 933 1319 nolens
958 1246 1135 1337 negotium
1159 1246 1234 1317 sine
1257 1245 1398 1340 speciali
1417 1266 1588 1317 consensu

178 1371 343 1467 principis
362 1370 562 1460 terminare,
583 1371 699 1442 omnia
717 1392 798 1442 cum
819 1371 985 1444 relatione
1008 1379 1043 1443 et
1064 1369 1337 1466 depositionibus
1360 1369 1498 1441 testium
1522 1370 1589 1441 sub

178 1495 293 1589 sigillo
325 1517 390 1568 suo
415 1493 462 1568 ad
489 1495 696 1590 presentiam
724 1495 891 1592 principis
918 1494 1118 1568 destinavit.
1149 1495 1226 1579 Quo
1251 1516 1413 1590 processu
1448 1493 1588 1566 domino

180 1629 295 1693 nostro
309 1620 506 1715 imperatori
523 1640 584 1713 per
598 1639 661 1691 nos
673 1618 847 1692 Simonem
862 1617 907 1691 de
924 1620 1047 1708 Tocco,
1068 1619 1204 1690 Petrum
1220 1618 1265 1690 de
1278 1620 1403 1690 Sancto
1420 1616 1590 1690 Germano

178 1751 214 1816 et
234 1745 420 1816 Henricum
439 1743 485 1817 de
503 1745 614 1816 'lacco
634 1765 758 1836 magne
781 1743 968 1838 imperialis
992 1744 1086 1815 curie
1105 1743 1241 1836 judices
1260 1741 1405 1816 fideliter
1428 1741 1586 1832 recitato,

180 1869 333 1964 precepit
353 1866 530 1962 negotium
559 1868 673 1963 ipsum
700 1867 857 1960 judiciali
880 1868 1050 1941 sententia
1078 1867 1266 1939 terminari.
1292 1868 1361 1939 Nos
1384 1866 1492 1960 igitur
1514 1888 1591 1959 pre·

179 1992 263 2066 dicti
281 1992 436 2086 judices,
456 1992 618 2088 inspectis
636 1992 766 2064 meritis
781 2001 955 2083 actorum,
975 2002 1008 2064 et
1032 1991 1304 2088 depositionibus
1319 1991 1457 2064 testium
1476 1991 1590 2063 consi-

180 2117 309 2190 deratis
334 2138 404 2191 non
427 2117 543 2190 minus
562 2115 709 2190 fideliter
732 2140 837 2211 qnam
864 2117 1064 2213 prudenter,
1091 2117 1276 2189 constituto
1296 2138 1437 2211 quoque
1458 2137 1591 2212 pmcn-

178 2248 291 2314 ratore
319 2263 382 2337 pre
410 2252 507 2338 parte
532 2239 628 2314 curie
654 2243 819 2336 magistro
846 2242 993 2315 Rolredo
1019 2241 1065 2315 de
1090 2242 1287 2312 Benevento
1315 2240 1360 2313 ad
1386 2241 1589 2312 sententiam

178 2366 409 2457 audiendam,
432 2367 547 2462 ipsum
566 2366 767 2462 magistrum
792 2367 971 2440 Rolridum
995 2390 1058 2463 pro
1073 2375 1170 2461 parte
1194 2366 1332 2439 curiea
1360 2365 1591 2461 percipiendis

179 2491 332 2585 angariis
352 2500 387 2563 et
405 2491 618 2587 perangariis
636 2500 672 2564 et
688 2491 734 2564 ab
752 2491 969 2587 impositione
988 2491 1096 2585 bajuli
1116 2512 1221 2586 super
1237 2489 1322 2587 ipsis
1341 2489 1541 2562 hominibus
1557 2499 1593 2561 et

179 2635 201 2686 a
215 2613 491 2709 constringendis
503 2615 702 2688 bominibus
716 2615 752 2687 in
768 2617 841 2690 loro
855 2617 965 2704 curie,
981 2639 1002 2690 a
1020 2616 1243 2713 percipiendo
1262 2615 1444 2711 plateatico
1461 2623 1591 2709 preter·

178 2759 285 2832 quam
308 2739 352 2813 de
371 2740 536 2828 torsellis,
566 2740 611 2812 ab
633 2741 815 2813 exactione
832 2741 1055 2813 collectarum
1074 2747 1109 2812 et
1131 2738 1328 2832 adjutorum
1351 2735 1432 2835 (sic)
1454 2745 1592 2810 senten-

178 2862 305 2936 tialiter
319 2863 538 2938 decrevimus
551 2864 739 2958 abstinere,
761 2865 828 2938 nisi
844 2868 929 2938 forte
948 2864 1112 2938 dominus
1130 2865 1315 2960 imperator
1329 2860 1375 2935 dc
1396 2861 1589 2955 adjutoriis,

179 2987 269 3059 sicot
288 2988 372 3063 uiua
390 3010 475 3062 voce
498 2990 639 3084 protulit
666 3011 781 3062 coram
803 2990 923 3078 nobis,
942 2988 1123 3062 mandaret
1145 2999 1276 3061 certum
1299 2986 1386 3082 quid
1409 2986 1501 3081 exigi
1528 3008 1591 3082 pro

178 3111 351 3206 capitibus
368 3113 524 3186 omnium
544 3114 778 3208 singulorum,
804 3114 957 3209 predicta
974 3115 1091 3188 omnia
1107 3112 1307 3208 supradicto
1328 3111 1504 3209 preposito
1526 3111 1592 3185 lou

179 3233 418 3326 adjudicantes
441 3258 503 3332 pro
523 3246 621 3334 parte
641 3238 839 3312 monasterii
863 3238 1088 3312 Cassinensis.
1111 3236 1167 3312 Ad
1191 3242 1292 3330 cujus
1315 3237 1365 3310 rei
1391 3236 1593 3308 memoriam

179 3379 323 3452 presens
347 3361 513 3457 scriptum
532 3382 594 3456 per
614 3383 738 3434 manus
761 3363 884 3435 notarii
906 3363 1083 3438 Nicodemi
1109 3361 1155 3436 de
1177 3362 1293 3435 Monte
1313 3359 1465 3434 Caveosu
1487 3359 1592 3432 scribi

179 3483 324 3556 lecimus
345 3485 469 3557 nostris
489 3485 796 3560 sublestationibus
817 3489 1085 3582 communitum,
1109 3463 1215 3576 anno,
1243 3507 1374 3576 mense,
1402 3483 1592 3558 indictione

178 3607 395 3700 pretitulatis.
406 3609 534 3703 -llsso
550 3611 612 3706 qui
625 3632 730 3707 supra
743 3613 862 3686 Simon
879 3635 1003 3708 magne
1018 3613 1204 3708 imperialis
1218 3611 1314 3684 curie
1323 3609 1449 3702 judex.
1466 3609 1592 3704 -Ego

179 3731 299 3804 Petrus
317 3732 363 3806 de
377 3733 502 3809 Sancto
516 3732 685 3809 Germano
702 3759 828 3832 magne
845 3737 1033 3834 imperialis
1047 3738 1143 3810 curie
1154 3735 1267 3830 judex
1280 3732 1345 3831 (l).
1358 3735 1484 3828 -Ego
1501 3735 1594 3807 Heus

140 3937 145 3944 ⁶
178 3855 273 3928 ricus
294 3856 338 3930 de
356 3859 466 3931 Tocco
481 3873 609 3952 magne
627 3860 815 3956 imperialis
829 3863 927 3934 curie
939 3861 1065 3954 judex.

214 4161 252 4238 (t)
271 4163 325 4222 lste
333 4165 416 4238 judex
429 4181 500 4224 anno
513 4167 700 4241 praecedente,
713 4169 778 4226 dum
791 4169 924 4228 ilenricus
937 4170 972 4228 de
983 4169 1072 4228 blorra
1083 4183 1195 4242 magnae
1206 4166 1350 4242 imperialis
1364 4165 1454 4222 curiae
1465 4164 1594 4238 magister

174 4261 355 4336 justiciarius,
368 4280 418 4338 pro
430 4265 551 4324 'servitiis
568 4265 753 4341 imperialibus
770 4267 891 4339 abesset,
907 4267 1112 4325 conventionem
1128 4265 1225 4324 iactam
1244 4265 1314 4322 inter
1326 4263 1498 4322 Thomasium
1514 4277 1594 4335 pras-

178 4357 298 4432 positum
305 4359 419 4418 Sanctae
427 4362 528 4421 llariae
535 4362 570 4421 de
581 4364 653 4422 Luco
662 4370 690 4422 et
697 4366 827 4424 loannem
837 4366 955 4439 pn'orem
963 4363 1141 4436 Castellianis,
1152 4369 1337 4438 procuratores
1348 4357 1595 4419 conventuscassi·

178 4456 285 4528 nensis,
298 4473 332 4514 ex
352 4474 405 4515 una
425 4466 517 4533 parta,
530 4461 732 4536 lobennemque
745 4462 780 4520 dc
795 4461 1003 4537 archiepiscopo
1016 4460 1104 4520 ciuem
1117 4461 1213 4534 trojae
1232 4475 1266 4517 ex
1281 4459 1364 4516 altera
1377 4455 1460 4515 scribi
1476 4455 1590 4525 lecerat,

178 4569 228 4627 pcr
239 4554 449 4614 instrumentum
462 4564 552 4615 actum
566 4559 692 4634 Foggiae‚
705 4575 798 4618 meuse
813 4560 966 4618 novembris
975 4563 1055 4631 tlte,
1069 4558 1243 4617 duodecimae
1256 4554 1424 4626 indictionis;
1438 4553 1482 4611 cui
1493 4568 1523 4611 se
1535 4552 1594 4626 ipse

178 4651 341 4726 subscripsit
349 4670 403 4713 una
410 4671 473 4713 cum
481 4657 589 4716 Simone
598 4657 643 4732 [de
649 4659 746 4734 Tocoo]
755 4665 784 4716 et
790 4659 929 4718 Guisando
938 4659 973 4718 de
979 4658 1067 4732 ltubo,
1078 4673 1190 4732 magnae
1198 4652 1343 4731 imperialis
1349 4649 1592 4726 curiaejudicibus.

179 4749 275 4808 lnedit.
289 4751 318 4807 in
329 4751 405 4810 orcle.
417 4755 521 4816 Montis
533 4755 644 4814 destini
651 4798 659 4829 ,
672 4772 733 4832 cap.
749 4761 794 4830 98,
808 4757 874 4816 lasc.
889 4759 913 4831 l,
925 4774 954 4815 n.
968 4759 997 4818 7.

260 4850 303 4912 Π.
1396 4859 1434 4913 55
