4368 5876
227 531 325 592 tntu.
341 530 385 610 9.]
678 527 879 589 lllS'l'Ollltl
904 527 1198 589 DlPLOMA'l'lCll.
1590 527 1649 589 143

225 667 380 765 oportuit
397 686 462 740 nos
474 664 603 759 eligere
617 663 679 759 qui
693 664 805 737 zelum
818 663 882 738 Dei
897 663 1030 738 babens
1043 663 1237 738 secuudum
1254 660 1437 735 scientiam
1450 682 1520 734 non
1534 661 1651 735 minus

225 791 349 866 merito
382 789 573 866 sanctitatis
599 797 633 863 et
662 810 807 885 operum
838 788 1030 884 exemplari
1055 810 1162 884 qnam
1190 787 1320 860 virtute
1347 785 1443 859 vocis
1470 785 1517 860 ad
1545 785 1652 860 obse·

225 916 407 1014 quendum
422 913 570 988 Domino
586 914 756 1010 populum
781 913 964 988 efficacitu
980 913 1167 1006 excitaret;
1186 922 1221 987 et
1234 933 1316 986 ecoe
1333 934 1355 985 a
1377 909 1511 985 dextris
1527 921 1580 985 est
1596 911 1652 986 vir

227 1040 372 1116 dextere
394 1039 603 1114 venerabilis
626 1041 729 1112 frater
753 1049 880 1116 noster.
912 1093 922 1114 .
953 1095 962 1114 .
990 1040 1175 1135 episcopus
1199 1037 1389 1112 llostiensis
1413 1036 1476 1134 qui
1507 1036 1652 1112 dextera

227 1165 349 1242 divina
367 1177 531 1262 tauquam
554 1165 680 1240 cedrus
702 1166 826 1240 Libani
850 1167 1005 1260 prelatus
1027 1166 1064 1238 in
1087 1164 1240 1238 Ecclesie
1263 1162 1444 1259 paradiso,
1469 1161 1652 1236 altitudine

226 1292 526 1388 contemplationis
539 1302 688 1382 erectus,
711 1293 878 1366 vimulum
896 1291 1004 1366 odore
1025 1293 1159 1384 suavis,
1183 1291 1275 1363 inme
1293 1287 1489 1362 sinceritate
1512 1288 1651 1384 penitus

226 1415 462 1511 imputribilis,
480 1417 677 1490 nouaclum
694 1437 758 1490 sua
778 1416 980 1491 fortitudine
999 1416 1047 1491 ad
1063 1414 1347 1490 sustentationem
1372 1414 1497 1487 domus
1513 1412 1650 1486 Domini

226 1550 402 1635 operatur,
419 1562 542 1614 verum
557 1541 663 1614 etiam
681 1540 871 1614 honestatis
883 1539 1034 1614 candore
1047 1539 1158 1636 ipsius
1174 1537 1392 1635 superficiem
1407 1545 1647 1612 convenustat.

226 1663 295 1738 Sed
312 1665 391 1738 licet
406 1664 517 1760 ipsius
532 1665 705 1760 presentia
725 1685 804 1737 cara
821 1665 923 1738 uobis
943 1662 1049 1737 valde
1071 1684 1268 1736 careremus
1282 1661 1396 1752 inviti,
1412 1670 1531 1756 utpote
1550 1664 1651 1756 cnjus

227 1789 374 1863 oonsilio
391 1798 428 1862 et
445 1789 579 1864 auxilio
592 1790 782 1886 plurimum
798 1786 1011 1882 indigemus,
1035 1811 1081 1862 ne
1101 1798 1217 1862 tamen
1239 1797 1372 1860 tantum
1395 1786 1518 1858 Christi
1536 1807 1651 1880 nego-

228 1913 315 1988 tium
333 1915 461 1987 nostris
474 1922 682 2011 postponere
696 1913 889 1988 commodis
903 1915 1100 2005 videamur,
1116 1935 1196 1986 eum
1211 1911 1259 1986 ad
1272 1913 1339 1986 hoc
1356 1909 1573 2006 providimus
1586 1908 1650 1983 de·

226 2037 423 2133 putandum
448 2047 488 2110 ut
503 2039 652 2134 iungens
668 2037 771 2134 plene
788 2038 968 2132 legationis
984 2037 1098 2110 officio
1116 2059 1180 2134 pro
1199 2036 1333 2110 Christo
1350 2034 1563 2128 evangelizet
1581 2055 1647 2130 po-

227 2159 321 2258 pulis
337 2162 483 2236 verbum
499 2163 632 2248 mucis,
648 2173 684 2236 et
700 2163 787 2237 alius
810 2173 903 2237 recta
925 2184 1045 2259 regere
1065 2172 1100 2237 et
1124 2162 1293 2237 indirecta
1316 2161 1466 2254 dirigere
1488 2169 1648 2254 saugeus

227 2307 348 2382 aspera
368 2296 548 2362 convertat
563 2288 600 2360 in
615 2289 719 2384 plana
737 2287 948 2384 extirpando
964 2286 1051 2361 vitia
1064 2298 1100 2359 et
1120 2284 1311 2383 plantando
1329 2286 1491 2376 virtutes3
1513 2283 1648 2358 firmam

228 2431 325 2508 spem
349 2409 585 2507 fiduciamque
604 2421 759 2486 tenentes
776 2411 875 2508 quod
894 2412 1062 2486 Dominus
1082 2411 1143 2506 qni
1168 2411 1201 2483 ei
1222 2412 1376 2506 linguam
1403 2410 1547 2482 contulit
1568 2433 1648 2484 eru·

230 2532 337 2608 ditum
353 2535 443 2610 dans
458 2537 537 2610 voci
554 2539 632 2630 ejus
648 2558 771 2611 vocem
789 2537 927 2610 virtutis
940 2557 1022 2628 sue,
1044 2535 1080 2608 in
1101 2535 1318 2630 beneplacito
1341 2556 1406 2608 suo
1424 2534 1551 2630 diriget
1571 2534 1648 2608 viee

229 2661 318 2754 ejus,
341 2662 451 2758 ipsius
472 2661 638 2736 facundia
661 2671 794 2735 mentes
819 2661 1036 2736 audientium
1055 2660 1278 2734 fecundando
1296 2656 1363 2754 (l).
1387 2657 1544 2732 Ceterum
1563 2659 1645 2750 etsi,

267 3013 305 3088 (tl
323 3014 430 3074 Adsunt
441 3016 469 3073 iu
480 3015 574 3074 codiee
587 3031 671 3090 supra
688 3021 836 3074 memorato
855 3022 884 3072 at
903 3015 960 3073 lere
981 3015 1015 3073 ad
1036 3016 1170 3089 integrum
1192 3013 1294 3072 inedito
1315 3020 1375 3072 acta
1392 3014 1531 3089 legationis
1545 3015 1647 3090 Ugolini

229 3111 319 3170 omnia
332 3112 513 3170 authenticata
519 3128 568 3170 seu
580 3113 669 3188 potius
677 3111 824 3186 originalia.
838 3113 915 3172 Unde
928 3111 1045 3186 primum
1055 3111 1259 3170 uamubimns
1267 3113 1469 3184 documentum,
1484 3128 1538 3186 quo
1548 3112 1648 3170 scilicet

230 3214 349 3284 potestas
361 3209 488 3268 Senensis
500 3210 587 3284 legato
598 3210 733 3283 promittit
744 3225 773 3268 se
785 3226 836 3284 per
847 3225 969 3268 mensem
979 3212 1079 3268 mairuu
1090 3209 1234 3284 pecuniam
1248 3209 1347 3267 Terrae
1358 3211 1472 3268 Sanctae
1482 3211 1589 3284 negotio
1602 3210 1649 3268 de

230 3313 353 3381 putatam
366 3307 480 3366 fideliter
491 3308 676 3379 collecturum,
690 3307 855 3382 utsequitur
866 3325 895 3364 :r
908 3309 938 3365 ln
953 3307 1063 3366 nomine
1074 3308 1160 3366 Patris
1171 3313 1201 3366 et
1213 3307 1270 3365 Filii
1285 3297 1313 3365 et
1323 3307 1440 3383 Spiritus
1448 3309 1548 3380 Sancti,
1560 3325 1647 3366 amen.

232 3424 247 3458 ι
260 3405 340 3464 Anno
353 3405 457 3464 Domini
471 3405 611 3464 millesimo
623 3406 679 3465 CC⁰
692 3406 821 3479 vigesimo
834 3405 936 3480 prirno,
951 3405 1098 3464 indictione
1111 3405 1197 3478 llllll,
1213 3405 1256 3463 die
1269 3405 1318 3465 llll
1330 3405 1460 3464 kalendas
1474 3407 1580 3480 aprelis.
1594 3407 1651 3480 Ego

232 3521 248 3555 a
262 3502 379 3561 Peneius
389 3503 478 3559 durati
486 3501 683 3572 Cremonensis,
692 3507 812 3576 potestas
820 3502 959 3575 Senensis,
971 3503 1007 3560 de
1020 3503 1100 3578 plana
1111 3519 1143 3561 an
1155 3501 1241 3560 libera
1252 3503 1390 3564 voluntate
1402 3511 1431 3562 et
1438 3520 1568 3579 expresso
1582 3519 1651 3562 con-

232 3615 345 3659 scensu
356 3599 441 3656 totiru
449 3599 555 3658 consilii
566 3599 693 3660 &uenus
702 3598 737 3656 ad
746 3613 903 3674 campanam
911 3600 1064 3673 coadunati,
1075 3601 1273 3660 doetooncedo
1285 3603 1334 3660 tibi
1345 3603 1453 3660 domino
1462 3601 1651 3676 llugolinoOs·

232 3717 247 3751 ι
263 3697 343 3758 tieusi
353 3697 544 3758 etllelletreusi
554 3698 692 3772 episcopo,
705 3698 850 3772 apostolice
859 3698 933 3757 sedis
943 3699 1042 3774 legato,
1054 3699 1091 3757 ob
1102 3700 1280 3758 reuerentiam
1289 3701 1338 3758 Dei
1349 3707 1377 3758 et
1392 3701 1577 3760 remissionem
1589 3717 1653 3775 pec·

234 3815 247 3848 u
258 3801 379 3854 cetorum
388 3795 593 3866 nostromm,ad
600 3809 695 3868 preces
701 3793 803 3853 domiui
812 3795 924 3854 bononi
933 3797 1032 3854 summi
1041 3796 1176 3871 pontilicis
1182 3803 1210 3854 et
1217 3797 1319 3855 domini
1328 3797 1463 3856 Frederici
1471 3797 1651 3872 imperatoris,

233 3912 247 3946 ι
262 3909 314 3968 pro
326 3893 462 3950 communi
476 3899 570 3952 nostru
583 3908 631 3950 sex
643 3891 734 3951 soldos
747 3893 881 3951 &nenses
893 3909 943 3968 per
955 3893 1094 3968 quodlibet
1106 3894 1222 3954 ioculare
1235 3895 1270 3953 ud
1280 3894 1431 3952 subsidium
1445 3896 1529 3952 Terre
1542 3897 1650 3968 mnu,

232 4009 246 4044 s
262 3997 292 4048 et
304 3992 433 4065 promitto
447 3996 476 4049 et
488 3989 579 4064 obligo
591 4005 635 4047 me
645 3991 754 4048 nomine
768 3990 850 4048 totius
864 3991 1064 4050 communitatis
1077 3992 1193 4050 civitatis
1207 3991 1328 4066 eiusdm
1340 3991 1413 4064 quod
1425 3991 1557 4065 prolatam
1570 4007 1653 4067 pecu-

232 4109 246 4142 »
262 4089 335 4147 niam
349 4089 463 4146 fideliter
476 4089 598 4162 colligam
621 4104 671 4163 per
686 4095 774 4146 totum
790 4089 946 4162 proximum
964 4104 1088 4148 mensem
1102 4089 1184 4148 madii
1199 4105 1313 4164 eamque
1326 4087 1375 4146 tibi
1387 4089 1496 4147 domino
1509 4090 1596 4164 legato
1608 4089 1652 4147 rel

233 4204 247 4239 s
262 4187 362 4246 nuncio
375 4193 422 4244 tuo
436 4187 479 4244 cui
491 4186 541 4243 tibi
559 4184 689 4260 placuerit
700 4186 729 4243 in
742 4187 869 4244 eumdem
883 4187 1030 4244 terminum
1047 4187 1145 4245 faciam
1158 4187 1285 4261 assignem
1301 4185 1513 4245 distribuendam
1524 4187 1653 4246 militibus

232 4303 247 4336 s
263 4282 431 4342 Senensbus
443 4283 645 4357 cmceeignatis,
658 4285 683 4340 si
695 4288 736 4342 tot
748 4289 777 4341 et
788 4283 855 4341 tales
863 4283 964 4342 muniat
972 4285 1149 4359 crucesignati
1160 4284 1261 4359 quibus
1271 4290 1328 4342 tota
1335 4299 1440 4342 summu
1451 4285 1566 4359 pecunie
1574 4285 1651 4360 juxta

232 4387 353 4441 »venue
368 4381 537 4440 dbcmDonis
553 4380 696 4439 arbitrium
714 4381 795 4440 luerit
813 4381 1011 4456 dispensanda,
1029 4382 1074 4440 vel
1095 4381 1155 4441 aliis
1178 4383 1250 4441 sicut
1266 4381 1413 4457 paternitas
1434 4388 1524 4441 umba
1544 4384 1650 4441 duxerb

233 4497 246 4532 ι
262 4477 472 4553 disponendum.
488 4477 555 4536 tcta
573 4477 703 4536 Senensis
716 4479 748 4553 (it
761 4479 789 4536 in
802 4479 901 4553 palutio
911 4479 1014 4538 domini
1026 4480 1146 4555 episcopi
1162 4481 1303 4551 Senensis,
1318 4485 1347 4538 et
1357 4480 1499 4554 llegiuensi
1511 4481 1648 4557 episcopo,

233 4597 247 4630 ι
261 4576 350 4636 ltusso
363 4575 476 4634 Melinos
485 4575 577 4649 judice
589 4577 743 4635 communis
755 4575 885 4636 Senensis
898 4585 926 4635 et
938 4577 1050 4636 llcdullo
1062 4578 1153 4652 judice
1163 4586 1193 4636 et
1206 4577 1354 4636 causano
1365 4577 1517 4637 llostieusis
1529 4580 1650 4654 episcopi

235 4694 248 4728 ι
261 4679 290 4733 et
300 4673 412 4735 domino
425 4674 554 4750 episcopo
566 4673 682 4733 &aenei
695 4680 724 4733 et
737 4674 902 4733 &nardino
914 4675 1037 4734 tesu'bus.
1050 4677 1107 4751 Ego
1119 4675 1246 4736 Forensis
1264 4676 1384 4736 notarius
1400 4677 1532 4751 predictis
1543 4677 1650 4736 interld
