4298 5898
542 577 604 640 436
1045 577 1258 642 ttttoflluct
1284 578 1458 642 saeuum
1765 574 1843 654 [Au.
1863 573 1952 636 tm

597 711 801 788 Fredericus
822 713 885 786 Dei
907 713 1017 806 gratia
1032 714 1263 790 Romanorum
1284 715 1481 813 imperator,
1504 733 1639 809 semper
1657 721 1825 806 angusms
1841 719 1878 783 et
1890 732 1957 782 rex

548 837 676 911 Sicilie.
697 838 783 910 Cum
800 837 890 910 inter
908 847 1021 910 cetera
1040 837 1179 935 pietatis
1197 860 1301 935 opera
1322 841 1452 936 quibus
1467 859 1653 935 supernum
1672 857 1817 928 reguum
1833 834 1956 929 acqui-

548 962 648 1055 ritur,
668 962 780 1036 virtus
801 963 1008 1036 eleemosina
1028 963 1142 1036 locum
1163 965 1317 1039 obtineat
1332 967 1521 1054 celsiorem,
1541 963 1710 1057 religiosis
1727 961 1956 1056 quibuscum·

547 1109 618 1182 que
640 1087 795 1162 ecclesiis
822 1088 1035 1184 imperialem
1060 1091 1222 1163 convenit
1244 1092 1366 1166 adesse
1391 1094 1541 1166 favorem
1558 1089 1723 1185 aquibus
1747 1109 1809 1182 pro
1835 1086 1955 1181 populi

547 1213 763 1308 indulgentia
784 1214 1008 1308 omnipotenti
1027 1215 1176 1288 Domino
1189 1217 1318 1310 jugiter
1321 1268 1654 1288 .........
1676 1215 1748 1285 Hac
1770 1211 1874 1306 igitur
1890 1231 1955 1280 uos

548 1335 644 1410 ducti
661 1336 937 1410 consideratione
956 1337 1140 1430 laudabili,
1157 1340 1371 1414 attendentes
1389 1340 1493 1414 otiam
1512 1359 1608 1412 sucro
1628 1336 1802 1430 roligionis
1822 1336 1954 1406 cultum

546 1463 756 1536 venerabilis
780 1463 979 1536 monasterii
1003 1465 1128 1536 &note
1152 1465 1258 1539 blarie
1281 1465 1408 1538 blontis
1426 1463 1579 1558 Virginis
1607 1471 1643 1534 et
1667 1471 1783 1534 eterne
1805 1460 1955 1532 retribu-

547 1586 653 1661 tionis
671 1588 819 1675 intuitu,
838 1608 902 1683 pro
917 1586 1072 1661 remedio
1087 1609 1229 1683 quoque
1246 1590 1440 1662 animarum
1464 1589 1624 1662 divorum
1641 1595 1864 1680 augustorum
1882 1605 1955 1679 pa-

546 1722 682 1784 rentum
718 1721 914 1785 nostrorum
947 1734 988 1786 ac
1024 1734 1088 1808 pro
1118 1715 1229 1786 salute
1256 1725 1372 1786 nostra
1377 1761 1949 1786 ...............

545 1835 770 1910 concedimus
786 1845 821 1908 ot
840 1834 1085 1909 confirmamus
1105 1837 1218 1910 eidem
1241 1839 1448 1912 monasterio
1466 1837 1502 1908 in
1525 1843 1731 1931 perpetuum
1748 1832 1903 1906 homines
1919 1841 1954 1902 et

547 1961 783 2056 possessiones
803 1969 969 2034 terrarum
987 1983 1076 2056 quas
1094 1961 1131 2033 in
1153 1961 1341 2035 tenimento
1359 1961 1573 2056 blagdulouis
1577 2010 1949 2032 ..........

550 2136 807 2157 .......
832 2085 922 2158 sicut
942 2085 978 2156 in
1000 2085 1191 2182 privilegiis
1211 2108 1232 2159 a
1250 2089 1426 2181 majestate
1445 2097 1559 2159 nostra
1576 2084 1643 2156 sibi
1661 2082 1804 2157 indultis
1817 2081 1952 2176 plenius

548 2208 754 2298 continetur,
783 2261 793 2279 .
825 2261 834 2280 .
865 2261 874 2279 .
907 2261 916 2279 .
951 2209 988 2280 in
1018 2209 1297 2304 quibuscumque
1333 2208 1495 2283 videlicet
1526 2217 1693 2281 terrarum
1727 2205 1953 2300 possomioni·

546 2332 614 2405 bus
618 2385 952 2405 .........
978 2332 1205 2408 adhonorem
1210 2386 1504 2407 ........
1532 2332 1792 2426 llariesemper
1809 2329 1952 2422 virginis

546 2465 598 2530 est
616 2465 825 2530 constructa.
846 2455 1096 2531 Conlirmamus
1114 2458 1220 2531 ‘etiam
1246 2457 1361 2531 eidem
1382 2456 1572 2532 venorabili
1596 2453 1805 2529 monasterio
1820 2453 1857 2525 iu
1877 2475 1952 2548 per·

544 2589 690 2678 petuum
709 2581 880 2678 hospitale
902 2603 1094 2678 pauperum
1118 2581 1164 2656 do
1184 2582 1332 2656 Nuceria
1335 2631 1948 2654 ................

546 2756 1004 2778 ............
1036 2713 1072 2778 et
1095 2706 1296 2780 molendina
1322 2705 1360 2780 iu
1387 2705 1556 2779 territorio
1578 2701 1735 2796 ejusdem
1759 2699 1862 2774 castri
1881 2701 1952 2772 Nu·

546 2827 637 2901 oeric
661 2835 696 2900 et
726 2835 835 2900 totum
839 2880 1298 2902 ............
1329 2828 1574 2903 rationabiliter
1602 2824 1759 2924 possidet
1785 2825 1822 2896 in
1852 2821 1952 2896 caedi

547 2953 664 3027 Sancti
678 2952 844 3026 Marciani
858 2951 954 3047 quod
971 2961 1024 3027 est
1037 2953 1074 3025 in
1089 2954 1259 3027 territorio
1275 2955 1387 3048 Sarni,
1403 2955 1502 3027 salvo
1519 2951 1683 3026 mandato
1696 2959 1731 3022 et
1743 2947 1953 3022 ordinatione

548 3086 677 3150 nostra
698 3076 755 3150 Ad
778 3077 883 3170 hujus
900 3086 1016 3150 autem
1037 3078 1268 3153 concessionis
1285 3087 1321 3152 et
1339 3077 1606 3152 confirmationis
1622 3084 1739 3149 nostro
1755 3071 1951 3145 memoriam

548 3208 584 3272 et
599 3199 706 3272 robur
724 3210 892 3297 perpetuo
905 3203 1112 3294 valiturum,
1134 3225 1276 3300 presens
1294 3201 1517 3299 privilegium
1533 3223 1596 3298 per
1612 3221 1738 3274 manus
1751 3196 1899 3292 Philippi
1912 3195 1954 3268 de

548 3325 690 3398 salerno
703 3325 826 3399 notarii
840 3335 876 3398 ot
890 3325 1003 3400 tidelis
1017 3327 1125 3400 nostri
1139 3329 1243 3400 scribi
1254 3337 1289 3401 et
1300 3329 1416 3423 sigillo
1430 3339 1547 3402 nostro
1555 3326 1725 3418 iussimus
1737 3319 1951 3408 communiri,

549 3468 660 3541 anno,
682 3470 800 3522 mense
818 3458 852 3523 et
870 3449 1059 3524 indictione
1079 3451 1293 3547 subscriptis.
1313 3454 1441 3524 Datum
1463 3450 1499 3522 in
1517 3449 1656 3523 civitate
1673 3450 1851 3540 Messene,
1868 3464 1954 3519 anno

549 3572 723 3648 dominice
754 3575 999 3648 incarnationis
1024 3575 1206 3649 millesimo
1230 3575 1466 3650 ducentesimo
1493 3574 1660 3648 vioesimo
1685 3572 1817 3669 primo,
1843 3589 1956 3644 mense

549 3694 675 3788 madii,
696 3695 886 3772 indictione
901 3720 1012 3788 nona,
1030 3698 1168 3796 imperii
1183 3698 1315 3772 domini
1328 3699 1500 3774 Frederici
1521 3699 1584 3772 Dei
1602 3697 1712 3792 gratia
1725 3691 1955 3792 gloriosissimi

550 3819 781 3893 Romanorum
810 3822 1045 3919 imperatoris,
1072 3845 1209 3920 semper
1233 3824 1372 3918 augusti
1394 3833 1428 3898 et
1454 3823 1547 3917 regis
1573 3822 1690 3896 Sicilie
1709 3841 1803 3895 anno
1826 3821 1954 3918 primo,

549 3943 647 4039 regni
665 3965 750 4019 vero
767 3945 881 4019 Sicilie
896 3946 1062 4020 vicesimo
1079 3947 1198 4041 tercio,
1218 3946 1374 4022 feliciter.
1393 3946 1504 4020 Amen
1523 3946 1587 4044 (t).

597 4069 749 4144 Secundi
764 4071 973 4143 continentia
988 4071 1068 4143 talis
1084 4083 1137 4144 cst
1154 4097 1163 4142 ε

598 4193 784 4268 Federicus
802 4195 866 4266 Dei
889 4195 1000 4290 gratia
1021 4197 1252 4268 Romanorum
1279 4193 1484 4292 imperator,
1508 4213 1646 4289 semper
1663 4199 1835 4284 augustus
1852 4196 1887 4261 et
1900 4208 1959 4260 rex

551 4317 679 4391 Sicilie.
705 4320 770 4391 Per
790 4340 932 4416 presens
957 4319 1124 4416 scriptum
1146 4330 1266 4395 uotum
1289 4321 1437 4393 tacimus
1457 4317 1631 4393 universis
1655 4313 1820 4388 fidelibus
1840 4312 1959 4386 nostris

589 4689 624 4764 (a)
642 4689 683 4750 ct.
696 4707 791 4768 supra,
807 4698 910 4770 prat.
