4368 5876
226 635 323 700 lanum.
338 631 383 712 9.]
670 626 869 691 HISTORIA
891 623 1181 690 mammantes.
1578 627 1636 690 18⁸!

226 780 261 844 et
275 775 482 857 constanter,
503 764 759 840 considerantes
782 787 922 860 quoque
937 762 1140 838 multimoda
1160 771 1195 834 ct
1206 761 1359 856 pmclara
1379 761 1546 858 obsequia
1565 785 1636 859 que

227 895 308 970 olim
342 891 444 966 nobis
476 889 635 964 exhibuit
667 898 702 964 ot
729 889 873 964 exhibet
902 889 1112 960 incessanter
1136 895 1240 980 atque
1263 885 1301 956 in
1334 893 1435 960 antea
1463 897 1636 983 prestante

228 1018 374 1092 Domino
390 1025 506 1092 nostre
523 1014 698 1088 serenitati
723 1013 846 1110 poterit
863 1011 1049 1099 exhibere,
1071 1011 1225 1084 volentes
1245 1009 1311 1084 sibi
1330 1010 1375 1086 dc
1393 1012 1496 1086 tantis
1513 1022 1549 1087 et
1567 1023 1636 1088 tam

229 1143 336 1238 gratis
361 1141 512 1216 servitiis
533 1140 640 1234 digna
666 1138 906 1214 vicissitudine
933 1137 1159 1234 respondere,
1188 1135 1388 1210 comitatum
1413 1138 1639 1213 Romandiols

229 1269 440 1365 integraliter
454 1291 535 1342 cum
556 1266 717 1341 omnibus
741 1265 815 1338 suis
837 1262 996 1338 confiniis
1014 1273 1049 1337 st
1068 1262 1283 1359 pertinentiis
1303 1262 1418 1336 eidem
1436 1260 1552 1336 comiti
1571 1263 1639 1338 da-

229 1415 321 1486 mus,
338 1393 562 1470 concedimus
574 1401 610 1466 st
625 1391 793 1488 largimur
806 1399 912 1486 atque
930 1389 1095 1486 imperiali
1115 1387 1315 1462 auctoritato
1328 1409 1374 1461 ex
1389 1397 1480 1463 certa
1496 1386 1640 1466 scientia

228 1518 472 1593 confirmamus
488 1540 569 1592 cum
586 1519 689 1614 plana
712 1526 747 1590 ct
770 1517 903 1612 integra
915 1515 1168 1609 Jurisdictione,
1192 1536 1271 1587 cum
1292 1522 1458 1610 potestate
1474 1516 1637 1590 animad-

233 1644 390 1718 vertendi
409 1643 525 1740 gladio
545 1643 582 1716 in
605 1643 833 1732 facinorosos,
857 1663 937 1715 cum
955 1639 1082 1729 fodris,
1104 1639 1270 1730 collectis,
1291 1640 1459 1735 passagiis
1476 1643 1640 1724 cttbolo·

232 1767 325 1856 nsis,
351 1791 431 1842 cum
455 1769 603 1857 honore,
629 1765 786 1842 districtu
811 1774 847 1840 et
870 1766 1069 1857 dominatu,
1093 1787 1172 1837 cum
1196 1763 1346 1858 angariis
1372 1774 1407 1838 et
1430 1768 1642 1861 perangariis

233 1904 302 1966 tam
320 1895 356 1966 in
373 1893 572 1966 civitatibus
587 1913 692 1988 quam
707 1891 743 1964 in
760 1891 893 1981 castris,
913 1890 1047 1984 burgis,
1064 1889 1168 1982 villis,
1188 1899 1258 1962 tam
1272 1889 1376 1964 stiam
1392 1890 1428 1962 in
1443 1891 1643 1966 bominibus

232 2041 339 2115 quam
356 2019 394 2091 in
417 2020 515 2092 terris
531 2017 633 2092 nobis
650 2026 686 2091 et
702 2017 849 2112 imperio
871 2017 907 2088 in
926 2017 1001 2113 ipso
1018 2017 1179 2089 comitatu
1197 2015 1447 2112 pertinentibus
1466 2039 1545 2090 cum
1561 2041 1642 2114 pro-

233 2144 395 2218 ventibus
420 2144 545 2217 nostris
568 2154 602 2217 et
628 2142 822 2216 redditibus
849 2142 1031 2216 universis.
1061 2143 1188 2216 Dentes
1216 2141 1330 2215 eidem
1353 2151 1387 2214 et
1414 2143 1643 2219 concedentes

233 2270 371 2365 plenam
390 2277 424 2342 et
442 2268 583 2340 liberam
604 2275 804 2363 potestatem
826 2275 866 2338 ut
889 2267 964 2363 ipse
988 2266 1096 2362 possit
1113 2266 1269 2339 homines
1288 2265 1442 2358 ejusdem
1461 2269 1641 2343 comitatus

232 2393 377 2467 bannire
392 2403 425 2466 et
437 2393 616 2466 absolvere
633 2391 805 2482 abannis,
821 2391 1054 2487 possessiones
1070 2390 1153 2463 dare
1169 2400 1202 2463 st
1220 2390 1355 2462 suisne
1376 2400 1445 2464 tam
1462 2391 1498 2462 in
1515 2393 1639 2466 civita·

236 2518 329 2591 tibus
344 2541 451 2614 quam
466 2519 503 2591 in
518 2517 650 2610 castris,
668 2517 788 2612 burgis
802 2526 836 2590 et
852 2517 957 2608 villis,
974 2527 1010 2589 et
1030 2515 1148 2589 omnia
1168 2515 1235 2588 alia
1252 2516 1363 2589 lacero
1384 2524 1418 2588 ct
1430 2536 1592 2592 exercere
1605 2518 1642 2590 in

236 2643 312 2738 ipso
338 2643 597 2740 comitatuque
624 2665 689 2717 nos
716 2652 749 2716 et
771 2642 954 2740 imperium
981 2661 1142 2713 exercere
1163 2662 1365 2736 possemus,
1395 2639 1505 2715 donec
1529 2655 1645 2718 nostro

236 2770 405 2864 placuerit
421 2769 636 2866 beneplacito
652 2778 686 2842 et
700 2768 882 2860 voluntati,
897 2765 971 2840 sine
987 2766 1256 2840 contradictione
1268 2776 1303 2838 et
1314 2766 1469 2840 molestia
1481 2769 1640 2864 alicujus.

237 2895 427 2968 Statuimus
451 2894 555 2990 igitur
576 2903 610 2966 st
626 2894 795 2990 imperiali
817 2894 930 2967 edicto
949 2891 1093 2965 firmiter
1109 2893 1281 2966 sancimus
1306 2901 1344 2964 ut
1361 2892 1406 2966 de
1424 2903 1536 2968 cetero
1551 2898 1645 2972 nulla

238 3019 372 3109 civitae,
389 3020 524 3092 nullum
544 3041 738 3112 commune,
756 3021 850 3091 nulla
873 3028 1040 3116 potestas,
1058 3020 1173 3110 nullus
1198 3019 1332 3115 imperii
1356 3019 1509 3114 legatuS,
1529 3024 1646 3096 nullus

239 3164 366 3236 comes,
383 3144 593 3236 vicecomes,
613 3145 709 3217 nulla
726 3166 879 3238 unquam
897 3165 1041 3240 persons
1055 3165 1182 3238 magna
1202 3144 1256 3216 vel
1275 3166 1399 3240 parva,
1418 3145 1648 3222 ecclesiastica

238 3269 295 3340 vel
314 3269 496 3355 secularis,
515 3268 646 3342 dictum
665 3268 824 3341 comitem
848 3289 952 3363 super
968 3268 1124 3363 predicto
1146 3268 1312 3340 comitatu
1334 3269 1401 3341 sibi
1419 3293 1438 3342 a
1458 3280 1572 3344 nostra
1594 3295 1648 3344 se·

240 3392 384 3466 recitate
404 3415 566 3467 concesso
594 3393 704 3466 donec
734 3404 849 3466 nostre
871 3393 1038 3489 placuerit
1059 3392 1228 3465 voluntati
1259 3401 1377 3466 contra
1405 3395 1510 3487 hujus
1534 3408 1648 3470 nostre

240 3518 469 3590 concessionis
490 3527 524 3590 et
547 3518 718 3614 privilegii
741 3519 903 3613 paginam
929 3518 1135 3612 inquietare,
1163 3519 1365 3614 perturbare
1390 3520 1447 3592 vel
1469 3523 1649 3595 molestare

241 3641 368 3716 andero
390 3642 426 3714 in
452 3643 569 3738 aliquo
592 3645 649 3716 vel
673 3651 861 3740 presumat.
881 3642 1099 3737 Quicumque
1121 3652 1235 3716 autem
1256 3643 1321 3716 boc
1343 3653 1543 3741 attemptare
1566 3668 1649 3742 pre-

241 3769 425 3864 sumpserit
428 3822 836 3841 ...........
858 3819 878 3840 =.
896 3767 1076 3862 [gra]viter
1093 3767 1312 3841 incursurum
1335 3779 1370 3842 et
1390 3791 1454 3865 pro
1476 3793 1565 3866 pena
1586 3793 1650 3846 sue

242 3893 441 3966 temeritatis
466 3891 560 3965 mille
587 3893 693 3966 libras
711 3892 787 3966 anri
801 3892 921 3989 optimi
940 3893 1233 3987 compositurum,
1264 3891 1483 3967 medietatem
1516 3915 1651 3968 camere

240 4028 366 4112 nostre,
385 4018 489 4092 aliam
503 4019 723 4092 medietatem
744 4017 861 4092 comiti
879 4027 1078 4092 memorato.
1098 4019 1140 4090 Et
1156 4031 1196 4090 ut
1212 4019 1276 4092 hec
1292 4027 1408 4092 nostra
1426 4018 1601 4093 concessio
1615 4029 1650 4094 et

242 4143 453 4217 confirmatio
477 4144 583 4218 robur
607 4143 761 4218 obtineat
788 4153 824 4216 st
849 4143 1048 4218 inviolabile
1073 4141 1328 4216 firmamentum
1349 4163 1490 4238 presens
1510 4143 1650 4240 privile-

242 4267 338 4362 gium
355 4268 460 4342 scribi
477 4277 513 4342 et
526 4281 643 4342 nostre
657 4267 845 4362 maJestatis
860 4269 973 4363 sigillo
988 4267 1157 4362 jussimus
1173 4267 1316 4342 interius
1329 4268 1496 4360 roborari,
1512 4269 1650 4343 nonob-

242 4586 381 4655 appareat;
394 4597 448 4656 qua
468 4581 502 4639 de
520 4597 550 4639 re
572 4579 700 4657 epistolas
713 4580 833 4657 epistolis
844 4597 906 4639 cum
921 4581 1076 4640 doctissimo
1088 4580 1233 4640 liuratcrio
1249 4580 1374 4639 mnevit.
1389 4581 1550 4643 lluratorius
1560 4589 1649 4646 autem

242 4677 344 4735 nnllam
354 4679 379 4736 si
388 4679 423 4736 de
434 4679 486 4738 hac
499 4677 687 4754 disquisitione
701 4685 888 4755 argumentum
900 4679 994 4739 afferro
1003 4680 1099 4756 potuit,
1110 4679 1175 4738 dum
1191 4678 1235 4737 isti
1251 4680 1305 4737 duc
1325 4677 1451 4754 Gotlridi,
1465 4679 1529 4741 licet
1541 4685 1649 4744 nominc

241 4775 357 4850 similes,
369 4789 501 4850 pancras
513 4775 622 4836 ommno
632 4776 755 4838 divense
770 4776 835 4836 sint.
