4298 5898
204 525 300 586 lauret.
320 521 381 600 12]
650 517 848 579 tttstolttrt
874 511 1167 577 otetottrttlctt.
1385 528 1386 532 ’
1556 505 1617 568 409

252 663 377 733 Datum
400 653 512 729 llelfie
530 653 601 751 (l),
624 675 716 727 anno
737 654 908 728 dominice
930 649 1176 726 mcarnationis
1196 645 1404 737 MCCXXlV,
1423 664 1542 716 mense
1563 643 1615 716 ie-

203 783 347 874 bruarii,
370 781 432 852 llll
456 778 662 868 indictione,
683 779 819 873 imperii
841 776 975 852 domini
993 773 1100 848 nostri
1118 769 1272 844 Federioi
1289 769 1353 840 Dei
1373 767 1483 859 gratia
1505 765 1617 839 invic-

206 907 325 980 tissimi
355 906 587 978 Romanorum
611 903 844 997 imperatoris,
872 921 1008 997 semper
1034 896 1174 992 augusti
1200 903 1236 966 et
1256 892 1492 988 gloriosissimi
1522 891 1616 984 regis

204 1031 319 1104 Sicilie
331 1050 422 1103 anno
435 1029 493 1121 lll,
510 1029 608 1123 regni
622 1049 705 1102 vero
722 1029 838 1104 Sicilie
852 1028 976 1117 XXVI,
991 1025 1146 1098 feliciter.
1163 1021 1286 1093 Amen.

257 1623 489 1731 Friderious,
521 1625 782 1707 Romanorum
816 1623 1041 1732 imperator,
1069 1622 1236 1704 Honorio
1265 1646 1387 1729 papae
1416 1619 1546 1704 scribit
1577 1646 1618 1704 se

204 1768 357 1841 centum
375 1757 504 1868 galeas
521 1766 559 1840 et
576 1757 856 1867 quinquaginta
877 1757 1023 1840 usserio
1048 1755 1088 1836 in
1116 1780 1235 1864 regno
1258 1780 1329 1838 suo
1356 1781 1425 1864 pro
1447 1753 1620 1838 subsidio

206 1893 342 1975 Terrae
356 1891 516 1976 Sanctae
531 1893 658 2002 pareri
672 1891 848 2002 jussisse,
863 1902 1003 1975 etcum
1021 1891 1061 1972 in
1079 1889 1207 1972 Sicilie
1219 1889 1432 1973 detineatur
1450 1892 1499 1972 ad
1512 1891 1617 1972 reci-

205 2025 383 2134 piendam
409 2026 704 2108 Sarraccnorum
727 2025 978 2128 deditionem,
999 2024 1040 2104 in
1059 2023 1326 2106 Alemanniam
1356 2023 1405 2104 ad
1431 2023 1619 2131 principes

207 2157 354 2266 imperii
370 2157 633 2242 Hermennum
656 2158 884 2268 magistrum
907 2156 1228 2240 Tbeutonicorum
1250 2155 1411 2238 misisse.
1434 2155 1620 2266 Conque-

206 2289 304 2372 ritur
331 2290 446 2372 etiam
471 2291 575 2401 quod
603 2291 717 2372 nimis
744 2293 902 2375 remisse
928 2293 1050 2372 crucis
1076 2289 1354 2398 praedicatores
1380 2289 1420 2370 in
1447 2287 1620 2398 partibus

209 2422 473 2529 Alemanniae,
494 2423 675 2507 Franciao
695 2431 732 2507 et
755 2423 916 2534 Angliae
939 2432 1057 2532 agant
1078 2451 1087 2502 z
1109 2423 1274 2532 denique
1300 2421 1450 2505 nuntiat
1473 2448 1513 2505 se
1539 2422 1619 2503 ha-

208 2556 297 2639 bere
313 2557 352 2638 in
371 2557 565 2668 proposito
582 2557 766 2642 Jacobum
786 2559 1005 2641 Paetensem
1029 2557 1250 2666 episcopum
1269 2555 1394 2640 Ancon
1414 2556 1619 2640 destinan-

207 2691 317 2798 dum,
338 2692 405 2802 qui
419 2717 648 2775 consensum
666 2691 817 2774 futurae
834 2690 1020 2774 consortis
1039 2716 1130 2774 suae
1147 2690 1313 2799 recipiat.

291 2931 395 3010 (Edld.
409 2935 518 3011 partlm
530 2933 705 3014 murnum,
719 2931 827 2994 dcccl.
843 2929 1007 3003 credebat,
1021 2939 1092 2995 tom.
1111 2934 1143 3008 l,
1158 2933 1197 2994 ed
1211 2950 1282 2994 ann.
1300 2942 1387 3012 1224,
1403 2930 1567 3014 §IV—llll,
1583 2951 1620 2993 rx

328 3047 434 3119 regnet.
449 3042 573 3115 Honor„
582 3041 631 3102 lib
643 3040 731 3116 Vlll,
745 3049 779 3102 n·
790 3039 871 3118 tot.)

260 3254 502 3354 [Sanctissimo
520 3255 609 3350 patri
625 3254 767 3328 domino
783 3277 848 3329 suo
868 3257 1030 3347 Honorio,
1048 3267 1115 3329 etc.
1136 3256 1355 3346 Fredericus,
1373 3259 1455 3351 eto]
1472 3258 1558 3330 Cum
1575 3259 1620 3330 ab

209 3401 251 3452 eo
273 3400 334 3476 per
360 3401 464 3474 quem
486 3401 585 3474 reges
608 3388 754 3474 regnent
770 3390 805 3452 et
829 3381 1002 3477 principes
1026 3380 1249 3454 dominantur
1272 3382 1308 3454 id
1326 3381 1422 3476 quod
1444 3403 1566 3454 sumus
1586 3391 1621 3454 et

211 3527 395 3599 possumus
416 3504 536 3578 divino
560 3526 703 3577 munere
724 3526 990 3598 cognoscamus,
1010 3506 1179 3602 assumpti
1201 3505 1361 3579 beneficii
1386 3528 1454 3579 non
1473 3507 1617 3600 ingrati,

210 3630 401 3700 nescientes
412 3626 499 3722 quid
516 3627 775 3699 exsolveremus
788 3626 963 3700 ditissimo
975 3650 1038 3723 pro
1056 3629 1301 3722 omnibusque
1315 3629 1457 3701 contulit
1473 3639 1507 3700 et
1522 3631 1620 3701 retri-

210 3751 287 3823 buit
303 3751 376 3846 ipse
397 3750 517 3840 nobis,
537 3773 616 3822 cum
636 3751 736 3823 bonis
760 3752 885 3823 nostris
909 3773 978 3824 non
1003 3762 1104 3845 egeat
1127 3775 1149 3826 a
1170 3775 1242 3846 quo
1271 3753 1428 3847 procedit
1450 3754 1619 3826 bonorum

210 3875 365 3949 omnium
382 3873 582 3969 plenitudo,
604 3875 641 3945 in
663 3875 903 3948 holocaustum
921 3885 1035 3948 tamen
1062 3877 1283 3969 gratitudinis
1307 3877 1474 3970 obsequio
1498 3881 1621 3951 Sancte

211 3999 330 4072 Crucis
347 3997 536 4072 obtulimus
554 3999 809 4093 nosmetipsos,
829 4021 1024 4095 personam,
1046 3999 1272 4072 substantiam
1286 4009 1321 4070 et
1337 4023 1424 4093 quas
1445 4003 1519 4096 ipse
1538 4023 1620 4073 oon·

210 4123 314 4198 cessit
331 4145 414 4219 opes
434 4135 467 4196 et
486 4145 592 4217 regna
614 4123 680 4196 sibi
702 4132 737 4195 et
753 4125 856 4197 Terre
874 4125 998 4197 Sancte
1019 4123 1208 4196 ministerio
1228 4125 1444 4220 deputantes.
1466 4125 1521 4198 Ad
1542 4147 1620 4221 per·

209 4247 407 4321 suasionem
420 4269 560 4342 quoque
580 4255 739 4336 vestram,
759 4259 900 4343 paterne
915 4248 1115 4321 monitionis
1133 4249 1331 4320 instantiam
1349 4259 1384 4320 et
1402 4249 1616 4338 mandatum,

248 4560 285 4632 lt)
305 4559 391 4614 Locus
409 4557 518 4615 omnino
534 4557 646 4630 dubius,
659 4571 742 4630 quum
757 4557 902 4632 imperator
920 4558 993 4616 bunc
1012 4573 1112 4616 annum
1131 4558 1160 4616 in
1177 4557 1266 4616 Sicilia
1279 4558 1437 4616 continuum
1449 4560 1543 4634 egerit.
1559 4562 1620 4620 Vid.

212 4673 295 4732 supra
312 4673 339 4730 p.
355 4658 417 4726 ³97,
430 4661 486 4712 not.
503 4657 527 4710 t.
1477 4687 1478 4690 =

312 4757 353 4818 ll·
1428 4767 1466 4820 52

1676 1651 1784 1704 munes,

1677 1706 1691 1749 t
1701 1707 1783 1750 mantt.
