4436 5870
244 603 341 662 lucrm
357 597 400 682 9.]
691 593 886 656 HISTORIA
910 590 1205 655 platonitatem
1614 593 1655 655 49

244 735 405 825 chalcus,
429 729 685 820 seneschalcus,
710 729 855 823 dapifer,
882 727 959 801 dux
979 727 1144 814 Bavarie,
1168 725 1322 800 marchio
1339 725 1385 798 de
1403 725 1573 800 Andecbs'
1586 728 1650 825 (o),

246 858 321 932 dux
336 857 552 953 spoletanus.
575 854 646 926 Heu
659 852 800 947 quidem
822 851 939 926 omnia
961 851 1182 947 solempniter
1202 850 1295 924 dicta
1308 859 1344 922 et
1359 857 1436 924 acte
1457 852 1596 924 luerunt
1617 853 1653 924 in

245 980 413 1077 imperiali
437 980 647 1076 parlamento
668 985 705 1050 et
728 977 883 1050 exercitu
908 997 1022 1050 coram
1043 975 1284 1072 suprascriptis
1311 975 1473 1050 omnibus
1493 976 1530 1048 in
1555 986 1654 1072 prato

245 1102 336 1176 circa
352 1101 496 1191 Urbem,
516 1097 734 1195 presentibus
750 1097 900 1172 dominis
920 1097 1137 1188 Taurinensi,
1157 1097 1392 1190 Cremonensi,
1415 1097 1655 1172 Aucbonitano

243 1207 429 1322 episcopis,
447 1224 572 1298 abbate
584 1223 699 1296 Sancti
716 1221 892 1296 Benedicti
913 1222 1038 1295 montis
1061 1220 1212 1309 (lamini,
1229 1221 1380 1316 Opimne
1401 1221 1566 1294 canonico
1584 1223 1658 1294 Lu-

246 1371 350 1436 cano,
375 1347 534 1422 Gnidone
552 1355 588 1420 et
609 1347 760 1442 Tigrimo
781 1345 965 1418 comitibus
987 1345 1166 1441 palatinis,
1189 1344 1371 1441 Redulpho
1387 1345 1518 1419 Gemite
1542 1357 1657 1442 potee-

246 1483 314 1546 tate
329 1475 483 1556 Lucano,
506 1470 653 1544 Conado
673 1470 871 1544 marchione
887 1470 1077 1565 Malaspina
1097 1470 1296 1542 stallorum
1317 1471 1503 1544 multorum
1522 1469 1656 1543 infinita

246 1595 484 1686 multitudine;
505 1605 540 1667 ct
555 1593 730 1690 publicata
747 1615 808 1688 per
827 1591 1029 1687 magistrum
1049 1593 1170 1666 militie
1188 1593 1319 1688 Templi
1334 1592 1591 1666 Alamaniorum
1612 1595 1658 1668 de

247 1722 335 1794 ultra
350 1741 457 1792 mare.

293 1845 367 1938 Ego
381 1843 583 1916 Gnillelmue
598 1841 686 1916 sacri
705 1841 823 1938 palatii
844 1818 997 1914 notarius
1024 1839 1189 1936 predictis
1211 1841 1349 1914 interfui
1367 1849 1403 1915 et
1419 1840 1509 1914 banc
1525 1849 1653 1913 oarmm

247 1977 386 2062 rogatus
399 1967 535 2063 scripsi,

299 2557 536 2660 Fnidericus,
565 2555 824 2638 Romanorum
862 2552 1089 2662 imperator,
1119 2553 1349 2636 monasterio
1380 2553 1428 2636 de
1459 2554 1657 2638 Wenzins-
1682 2593 1862 2742 &eamn

248 2693 396 2776 brunne
409 2692 491 2794 dat,
500 2689 618 2772 tradit
629 2697 667 2772 et
678 2696 880 2797 perpetuae
893 2687 1143 2796 possessionis
1155 2687 1266 2770 titulo
1279 2686 1657 2772 confirmattresho-
1719 2700 1863 2804 ἔξω·

248 2825 370 2908 mines
383 2823 628 2907 consistentes
641 2822 681 2904 in
695 2821 862 2932 quodam
877 2819 1003 2904 novali
1017 2821 1067 2904 ad
1080 2846 1194 2904 snum
1207 2812 1421 2904 dominium
1433 2821 1655 2930 pertinente.

1691 2805 1855 2852 tonorembrte.

328 3037 417 3118 [ΕΔΗ.
432 3054 478 3116 ap.
493 3039 655 3110 Laurum,
670 3035 747 3098 diet.
765 3051 841 3098 roca
859 3035 1037 3120 Wmtpoat,
1049 3053 1081 3114 p.
1097 3045 1155 3098 att
1167 3043 1198 3097 et
1210 3038 1241 3097 ln
1252 3035 1380 3098 Monam.
1395 3037 1488 3112 Boia,
1500 3044 1574 3100 tonn
1589 3039 1658 3113 vlt,

367 3161 399 3222 p.
416 3153 651 3219 tet-tamum.
669 3152 713 3204 tt.
725 3143 770 3206 Gl.
785 3141 872 3219 idid,
886 3149 958 3204 tom.
976 3141 1089 3218 xxxt,
1104 3160 1135 3221 p.
1152 3143 1499 3223 5⁰⁰.-Autographum
1512 3161 1661 3222 nusquam

368 3258 532 3330 comparem
545 3251 622 3312 nlbll
639 3265 711 3311 uero
728 3248 840 3326 prebet
851 3249 932 3310 unde
944 3251 1072 3326 susplclc
1083 3252 1207 3329 ortatur,
1221 3265 1289 3310 cnm
1301 3251 1332 3310 ln
1346 3251 1456 3328 dupltul
1469 3250 1544 3312 llbro
1556 3253 1661 3330 coplall

366 3357 547 3420 Weuaotuut.
561 3354 751 3434 eLeopoldar
763 3371 834 3416 uun.
852 3363 924 3416 15²1
941 3357 1107 3434 conscripto
1121 3351 1316 3435 exhibeatur.)

296 3540 489 3616 Fridericns
513 3539 688 3614 sccundus
710 3538 832 3614 divina
851 3539 988 3613 lavante
1008 3539 1189 3613 clementia
1212 3541 1443 3613 Romanorum
1462 3541 1659 3638 imperator,

248 3687 384 3761 semper
399 3675 567 3760 augustos
583 3674 619 3737 et
632 3687 697 3738 rex
708 3664 834 3756 Sicilie,
850 3664 1013 3737 omnibus
1030 3665 1176 3738 salntem
1191 3665 1226 3735 in
1243 3672 1459 3762 perpetuum.
1474 3665 1528 3738 Ex
1545 3665 1662 3742 innata

249 3789 350 3861 nobis
363 3789 531 3884 imperiali
546 3788 780 3862 munificentia
794 3787 1096 3862 communitatibus
1107 3787 1328 3862 ecelesiarum
1340 3789 1532 3884 specialiter
1541 3787 1660 3863 eurum

249 3935 318 4008 que
338 3911 384 3985 ad
406 3935 470 3986 nos
491 3913 664 4008 pertinent
681 3935 870 4008 earumque
888 3913 1080 4009 paupertati
1102 3913 1253 4008 benigna
1274 3935 1380 3986 mann
1403 3914 1589 3988 subvenire
1608 3917 1660 3986 in·

249 4037 447 4129 tendentes,
475 4039 685 4134 presentium
707 4039 901 4112 testimonio
918 4039 964 4112 ad
986 4039 1142 4112 notitiam
1162 4039 1373 4135 presentium
1398 4049 1502 4134 atque
1522 4040 1569 4113 ad
1587 4063 1661 4114 me·

248 4162 392 4235 moriam
414 4163 596 4259 pervenire
612 4163 774 4236 volumus
797 4163 991 4236 futurorum
1008 4162 1104 4258 quod
1123 4185 1186 4236 nos
1206 4185 1268 4258 pro
1291 4161 1445 4235 remedio
1466 4163 1658 4238 animarum

248 4284 409 4358 divorum
436 4285 692 4381 progenitorum
727 4295 918 4360 nostrarum
947 4297 1130 4380 nostreque
1155 4287 1274 4358 salutis
1306 4307 1466 4358 successu
1488 4286 1659 4362 donamus

247 4419 353 4504 atque
375 4407 543 4482 tradimus
565 4419 600 4483 et
628 4410 727 4483 titulo
749 4421 914 4507 perpetue
943 4411 1166 4508 possessionis
1190 4407 1435 4484 confirmamus
1457 4413 1600 4486 ecclesie
1623 4412 1657 4486 in
1728 4459 1730 4468 =

246 4533 553 4622 Werninsbrunen,
565 4534 749 4608 abbatibus
760 4545 864 4630 atqrm
875 4537 1057 4609 conventui
1073 4535 1200 4608 ibidem
1218 4534 1264 4607 de
1274 4543 1387 4608 cetero
1399 4537 1470 4610 Deo
1482 4539 1658 4610 servituris

291 4709 331 4790 (a)
353 4711 389 4772 In
399 4712 541 4789 impresso
552 4707 684 4790 nude,
698 4714 787 4776 mule.

349 4819 391 4880 ll.
1504 4832 1518 4880 t
