4272 5886
566 553 627 616 578
1065 555 1280 618 lalnuulcl
1307 555 1479 619 sttcttttbt
1790 557 1873 643 [An.
1893 559 1980 622 lm
2121 509 2123 566 ¹

568 691 748 786 prevenire
765 703 896 786 quanto
916 693 1114 767 celsitudini
1136 703 1250 768 nostre
1273 703 1370 788 gratu
1387 695 1598 768 exhibentur
1614 693 1742 790 pariter
1763 705 1800 768 et
1821 705 1976 791 accepta.

566 816 733 888 Nolumus
759 817 853 889 enim
877 839 898 889 a
922 818 1082 892 mercede
1104 821 1269 914 repellere
1295 843 1316 893 a
1339 820 1468 914 qnibns
1495 819 1636 892 servitia
1658 819 1855 914 recepimus
1878 822 1978 892 irue-
2121 811 2122 818 '

565 950 664 1014 tnosa
683 963 748 1014 nec
762 941 990 1016 benemeritos
1007 943 1083 1016 sine
1099 942 1272 1038 condigne
1292 943 1525 1018 retributionis
1539 942 1779 1016 vicissitudine
1795 945 1973 1037 preterire.

565 1066 741 1139 Universis
766 1067 872 1160 igitur
896 1068 1032 1164 imperii
1059 1067 1166 1142 nostri
1194 1067 1355 1142 fidelibus
1379 1077 1449 1140 tam
1475 1068 1692 1164 presentibus
1716 1089 1824 1162 qnam
1850 1068 1976 1140 futuris

565 1189 727 1262 volumus
743 1211 820 1264 esse
836 1201 956 1264 notum
977 1191 1073 1286 quod
1096 1190 1216 1264 fideles
1236 1191 1343 1265 nostri
1368 1191 1557 1284 burgenses
1575 1191 1621 1264 de
1635 1191 1777 1263 Lnbeke
1794 1167 1974 1285 quoddam

562 1313 800 1408 privilegium,
816 1315 867 1389 eis
883 1337 904 1388 a
921 1315 1063 1390 domino
1078 1315 1254 1411 quondam
1274 1315 1481 1412 imperatore
1491 1314 1667 1389 Friderico
1681 1338 1749 1389 avo
1763 1327 1881 1388 nostro
1893 1337 1974 1388 me-

560 1437 668 1510 morie
693 1439 874 1514 recolende
900 1440 1097 1530 indultum,
1122 1464 1183 1536 per
1206 1441 1395 1516 Iohannem
1421 1441 1530 1514 filium
1547 1441 1738 1536 Volqnardi
1765 1443 1972 1514 canonicum

560 1563 799 1656 lubicensem,
820 1565 1040 1639 Willielmum
1057 1565 1167 1639 filium
1184 1566 1358 1640 Bertboidi
1374 1575 1410 1640 et
1427 1567 1616 1640 lobannem
1636 1567 1767 1640 dictum
1786 1565 1833 1638 de
1850 1566 1972 1638 Brema

558 1687 748 1782 burgenses
763 1689 984 1782 Lubicenses,
998 1689 1117 1763 fideles
1130 1702 1277 1782 nostros,
1292 1701 1407 1764 nostre
1421 1689 1617 1764 celsitudini
1632 1699 1886 1785 presentarunt,
1899 1687 1969 1760 bu-

559 1812 684 1884 militer
702 1814 936 1910 supplicantes
953 1825 993 1886 nt
1013 1815 1232 1910 privilegium
1255 1815 1370 1910 ipsum
1390 1822 1426 1886 et
1441 1835 1483 1887 eu
1502 1835 1573 1908 que
1591 1815 1810 1887 continentur
1831 1814 1868 1884 in
1893 1813 1969 1907 ipso

558 1937 624 2008 sibi
644 1937 786 2032 suisque
800 1939 1056 2012 successoribus
1072 1939 1276 2012 confirmare
1288 1939 1335 2012 de
1349 1947 1465 2012 nostru
1483 1937 1594 2032 gratis
1612 1938 1846 2032 dignoremur.
1862 1935 1968 2028 Cujus

558 2061 730 2159 privilegii
749 2071 846 2136 tenor
864 2065 940 2137 talis
956 2073 1008 2136 est
1027 2091 1036 2136 τ
1150 2097 1157 2112 ’

607 2187 647 2258 ln
670 2187 810 2261 nomine
834 2197 952 2262 sancte
973 2197 1009 2261 et
1031 2187 1213 2262 individue
1239 2187 1425 2261 Trinitatis.
1453 2186 1655 2261 Fredericus
1680 2185 1803 2259 divine
1830 2188 1967 2258 iacente

558 2312 737 2385 clementia
762 2313 993 2387 Romanorum
1019 2314 1203 2409 imperator
1230 2323 1411 2408 augustus.
1438 2313 1621 2408 Dignitatis
1647 2321 1762 2384 nostre
1785 2312 1873 2383 ratio
1896 2309 1966 2383 de-

555 2437 666 2532 poscit
687 2445 726 2507 nt
750 2437 910 2531 quotiens
937 2447 1045 2512 ortam
1072 2438 1161 2511 inter
1185 2437 1306 2512 fideles
1328 2447 1461 2512 nostros
1484 2436 1694 2511 discordiam
1722 2437 1961 2528 intelligimus,

556 2569 672 2634 nostra
693 2583 770 2634 cam
798 2561 1007 2636 mediatione
1034 2563 1271 2658 precidamus,
1290 2584 1336 2634 ne
1352 2563 1414 2657 qui
1430 2561 1536 2634 nnius
1553 2567 1676 2657 parent
1693 2559 1881 2650 voluntati,
1906 2579 1965 2630 eos

554 2685 732 2780 contingat
755 2707 817 2782 per
843 2685 1092 2759 dissentionum
1116 2689 1266 2760 fomenta
1295 2686 1452 2760 distrahi.
1480 2685 1567 2758 Cum
1588 2684 1694 2778 igitur
1710 2683 1832 2757 fideles
1857 2683 1963 2754 nostri

553 2832 668 2884 comes
685 2809 831 2883 Adolius
849 2811 894 2884 de
908 2811 1166 2884 Scowenburob
1182 2821 1216 2884 et
1234 2831 1348 2884 comes
1364 2808 1559 2883 Bernardns
1576 2810 1622 2883 de
1639 2807 1857 2882 llacesburch
1877 2829 1962 2880 can-

553 2958 627 3010 sam
645 2943 787 3030 agerent
803 2934 972 3009 adversus
987 2937 1178 3031 burgenses
1195 2945 1328 3008 nostros
1343 2933 1388 3010 de
1400 2934 1540 3008 Lubelre
1557 2955 1662 3029 super
1679 2932 1834 3006 terminis
1847 2939 1882 3004 et
1895 2952 1961 3002 nsn

553 3058 675 3131 linium
696 3082 856 3144 suorum,
881 3083 944 3132 nos
960 3069 1074 3155 partes
1094 3061 1130 3132 in
1148 3060 1320 3156 presentia
1336 3068 1451 3133 nostra
1469 3059 1672 3134 constitutas
1695 3057 1878 3152 diligenter
1900 3079 1960 3128 au·

553 3185 706 3258 divimus
718 3193 753 3257 et
770 3185 940 3259 intellecta
954 3186 1024 3258 litis
1040 3184 1201 3276 materia,
1219 3205 1282 3281 pro
1295 3185 1388 3258 bono
1404 3183 1501 3278 pacis
1520 3183 1608 3256 inter
1630 3203 1690 3255 eos
1711 3181 1860 3255 fideliter
1876 3201 1960 3253 con-

553 3312 741 3404 servando,
759 3311 933 3407 predictos
949 3311 1091 3386 comites
1104 3309 1298 3384 reverentie
1318 3307 1473 3383 veritatis
1488 3316 1524 3381 et
1539 3316 1613 3380 rata
1626 3306 1718 3402 pacti
1734 3305 1960 3380 conventione

553 3437 758 3510 induximus
770 3435 867 3531 quod
877 3445 1022 3532 uterque
1028 3437 1086 3528 jus
1098 3433 1194 3531 quod
1205 3435 1278 3531 ipse
1294 3435 1432 3530 petebat
1447 3434 1484 3504 in
1498 3454 1604 3505 manu
1618 3439 1735 3503 nostra
1751 3428 1955 3524 roeignarit3

554 3573 588 3636 et
607 3585 669 3635 nos
687 3561 774 3634 illud
799 3583 969 3634 consensu
993 3583 1112 3635 eornm
1136 3559 1289 3657 predicte
1314 3559 1464 3632 civitatis
1486 3556 1737 3631 habitatoribus
1758 3553 1959 3628 tradidimus

553 3687 628 3759 sino
649 3687 766 3781 aliqua
784 3682 947 3782 deinceps
973 3686 1227 3782 perturbatione
1244 3684 1506 3780 possidendum.
1524 3685 1612 3756 Sunt
1631 3681 1738 3775 igitur
1755 3680 1807 3752 bii
1827 3677 1959 3752 termini

553 3811 676 3884 usibus
700 3809 857 3903 ejusdem
886 3810 1034 3883 civitatis
1059 3815 1175 3883 nostre
1200 3809 1412 3882 auctoritatis
1440 3806 1534 3881 dono
1558 3804 1722 3901 assignati
1746 3829 1755 3877 :
1781 3803 1960 3878 asinitate

554 3957 677 4010 versus
694 3934 859 4009 orientem
882 3955 994 4029 usque
1010 3933 1056 4007 ad
1074 3935 1203 4006 llnmen
1221 3934 1397 4006 Stnbinize
1419 3941 1455 4006 et
1470 3931 1648 4005 Stnbinize
1666 3951 1774 4026 snpra
1798 3927 1959 4023 usquein

554 4059 746 4154 Radagost;
766 4082 788 4133 a
806 4060 945 4133 civitate
966 4067 1083 4131 contra
1108 4057 1288 4132 meridiem
1311 4080 1424 4154 usqne
1438 4056 1485 4131 ad
1503 4065 1665 4151 stagnum
1686 4053 1961 4146 Raoesburgenso

555 4193 590 4257 et
617 4193 777 4279 stagnum
801 4205 907 4280 snpra
936 4204 1048 4277 usqne
1078 4181 1124 4255 ud
1148 4183 1383 4272 Recesbnrch3
1404 4205 1426 4255 a
1451 4181 1591 4254 civitate
1610 4187 1730 4252 contra
1753 4177 1961 4250 occidentem

556 4330 669 4404 usque
686 4305 732 4382 ud
758 4309 887 4380 flumen
912 4307 1063 4379 Cilrinize
1088 4317 1123 4379 et
1139 4307 1290 4379 Cilrinize
1309 4329 1414 4403 supra
1439 4327 1553 4402 nsque
1576 4302 1624 4378 ad
1646 4311 1809 4398 stagnum
1835 4300 1960 4374 blnlne.

558 4433 649 4506 lntra
671 4431 734 4505 bos
758 4431 922 4504 terminos
945 4431 1124 4503 habebunt
1149 4452 1269 4504 omnes
1296 4431 1470 4505 civitatem
1492 4438 1643 4503 nostrum
1664 4427 1807 4500 Lubeke
1829 4422 1964 4496 inhabi-

558 4563 681 4647 tantes,
697 4557 947 4651 cujuscumque
962 4556 1091 4628 inerint
1104 4555 1324 4648 conditionis,
1345 4554 1585 4629 omnimodum
1597 4573 1702 4626 usam
1715 4551 1784 4624 viis
1797 4557 1832 4622 et
1849 4547 1959 4636 inviis,

558 4675 658 4747 cultis
675 4685 710 4748 et
730 4677 884 4768 incultis,
909 4678 1009 4775 aquis
1029 4687 1064 4752 et
1086 4678 1253 4776 piscibus,
1273 4679 1369 4752 silvis
1386 4688 1421 4753 et
1446 4678 1604 4776 pascuis,
1624 4677 1701 4752 sive
1717 4673 1869 4748 navibus
1891 4669 1961 4742 siue
