4298 5898
527 541 589 604 450
1034 550 1245 612 rnlnnlltcl
1272 549 1446 614 sttctlllnt
1757 553 1836 633 [llus.
1854 555 1937 618 lm.

530 679 774 772 invitandum
802 681 958 757 fidelitati
987 695 1046 758 tuo
1071 687 1295 784 precipiendo
1324 687 1529 762 mandantes
1556 697 1730 784 quatenus
1756 691 1801 764 do
1825 693 1939 765 lavore

530 815 565 878 et
583 806 691 902 gratia
713 818 828 882 nostra
853 829 1009 903 securus,
1028 809 1075 884 ad
1099 811 1274 884 civitatem
1298 811 1423 908 ipsam,
1447 813 1492 886 ob
1508 813 1736 886 reverentiam
1759 816 1939 908 majestatis

530 939 662 1022 nostre,
682 932 906 1026 personaliter
928 943 1086 1008 recturus
1110 935 1269 1010 accedas.
1293 939 1336 1010 Et
1356 946 1395 1010 ut
1416 947 1544 1012 oerum
1565 939 1738 1035 concipias
1762 937 1808 1012 de
1828 949 1938 1012 nosue

530 1055 640 1147 gratie
660 1055 862 1130 liberalitate
880 1054 1064 1153 fiduciam,
1084 1059 1224 1133 firmiter
1245 1069 1279 1135 ts
1298 1071 1415 1136 tenere
1431 1063 1593 1136 volumus
1613 1061 1710 1158 quod
1731 1063 1768 1136 in
1788 1063 1937 1137 adventu

529 1185 609 1270 tuo,
639 1177 676 1250 in
704 1179 842 1275 signum
872 1183 1088 1257 secundioris
1119 1185 1287 1282 auspicii,
1315 1187 1361 1261 de
1385 1188 1502 1262 valore
1528 1209 1647 1262 annuo
1674 1189 1737 1262 XII
1760 1189 1936 1262 unciarum

526 1303 602 1375 auri
619 1303 667 1400 (o)
687 1305 749 1378 tibi
768 1308 871 1380 iaciat
888 1318 1004 1382 nostra
1021 1308 1262 1384 munificentia
1276 1308 1463 1408 provideri.

1193 1625 1262 1698 lll.

609 1825 701 1910 (Edlt.
719 1845 765 1907 ap.
781 1829 873 1892 Pm.
889 1845 930 1888 nr
942 1829 1030 1904 Vns„
1043 1827 1139 1908 Epist.
1152 1871 1161 1907 ,
1172 1827 1222 1888 llb.
1238 1829 1298 1906 Ill,
1313 1845 1381 1908 cap.
1396 1829 1456 1909 xl,
1473 1845 1554 1892 nnnc
1574 1829 1642 1892 coll.
1659 1846 1730 1892 cum
1749 1831 1839 1892 rarlls
1851 1830 1936 1892 codl-

645 1936 731 1997 cibus
744 1935 866 1996 lulerins
884 1933 1057 2015 expressls.)

575 2125 777 2228 Fredericus
793 2125 855 2196 Dei
876 2123 986 2219 gratia
1004 2124 1235 2198 Romanorum
1262 2125 1446 2222 imperator
1463 2135 1498 2198 et
1519 2147 1656 2221 semper
1672 2135 1861 2220 angustus,
1880 2125 1934 2198 le-

527 2252 676 2324 rusalem
698 2247 780 2346 (sic)
798 2259 833 2322 et
848 2247 965 2322 Sicilie
981 2271 1057 2344 rex,
1080 2250 1366 2347 archiepiscopis,
1386 2251 1558 2346 episcopis
1572 2259 1607 2323 et
1624 2251 1700 2324 aliis
1717 2251 1934 2323 ecclesiarum

527 2376 685 2474 prelatis,
710 2374 989 2465 marchionibus,
1015 2374 1219 2467 comitibus,
1248 2375 1454 2464 baronibus,
1479 2375 1699 2468 justiciariis,
1723 2375 1933 2466 camerariis,

526 2500 781 2588 comestabulis,
793 2499 931 2592 bajulis,
947 2499 1123 2592 judicibus
1136 2508 1170 2573 et
1184 2499 1357 2573 universis
1370 2521 1433 2596 per
1447 2521 1592 2595 6656616
1604 2499 1721 2573 Sicilie
1729 2500 1931 2589 constitutis,

526 2625 688 2700 fidelibus
702 2625 787 2711 suis,
805 2633 981 2720 presentes
995 2625 1122 2698 litteras
1136 2626 1343 2722 inspecturis
1357 2625 1502 2722 gratiam
1514 2647 1612 2699 snam
1627 2634 1662 2697 et
1676 2625 1803 2699 bonam
1816 2627 1935 2701 volun·

526 2758 631 2824 tatem
644 2749 704 2846 lb).
725 2751 797 2821 lleo
815 2747 978 2845 propitio,
996 2769 1178 2844 perquem
1192 2749 1349 2822 vivimus
1365 2759 1399 2823 et
1413 2771 1614 2845 regnamus,
1632 2750 1689 2822 cni
1707 2772 1826 2823 omncs
1840 2760 1933 2822 actus

527 2883 660 2948 nostros
674 2873 863 2956 offerimus,
883 2872 940 2945 cui
956 2895 1060 2946 omne
1073 2874 1170 2970 quod
1185 2874 1323 2970 agimus
1335 2875 1559 2970 imputamus,
1572 2875 1608 2947 in
1625 2897 1772 2970 regnum
1783 2885 1933 2948 nostrum

527 2999 766 3073 desideramus
789 3000 916 3071 multos
931 3000 1119 3094 prudenter
1134 3009 1168 3070 et
1182 2999 1348 3096 providos
1366 2997 1440 3071 fieri
1456 3022 1517 3094 per
1535 2999 1756 3072 scientiarum
1775 3001 1932 3073 haustum

526 3133 561 3198 et
584 3124 806 3196 seminarium
826 3123 1060 3196 doctrinarum
1088 3151 1096 3194 :
1120 3125 1181 3218 qui
1205 3125 1284 3197 lacti
1308 3123 1447 3197 discreti
1470 3146 1531 3220 per
1555 3124 1710 3197 studium
1733 3133 1768 3198 et
1791 3147 1853 3221 per
1873 3122 1932 3194 ob·

525 3247 861 3339 servationemjusti
887 3247 959 3321 Deo
984 3249 1152 3338 serviant,
1176 3252 1231 3321 cni
1258 3251 1416 3322 serviunt
1439 3250 1572 3340 omnia,
1600 3259 1634 3322 et
1656 3249 1758 3322 nobis
1779 3250 1931 3345 placeant

525 3395 588 3469 por
611 3374 740 3445 cultum
755 3372 912 3464 justicie,
938 3375 1038 3466 cujus
1060 3373 1230 3471 preceptis
1253 3395 1373 3446 omnes
1400 3374 1610 3470 precipimus
1633 3373 1787 3447 obedire.
1808 3374 1930 3468 Dispo-

523 3499 638 3571 nimus
668 3507 783 3571 autem
820 3496 915 3594 apud
948 3499 1149 3594 Neapolim,
1182 3498 1437 3572 amenissimam
1473 3499 1667 3588 civitatem,
1699 3496 1816 3570 doceri
1846 3507 1928 3570 artes

524 3627 763 3718 cujuscunque
780 3621 1000 3718 professionis
1020 3627 1091 3714 [et]
1118 3623 1237 3718 vigere
1257 3624 1375 3698 studia
1402 3651 1410 3694 :
1438 3633 1476 3696 nt
1492 3622 1604 3717 jejuni
1625 3628 1660 3694 et
1683 3622 1830 3695 lamelici
1848 3621 1928 3695 doc-

523 3749 691 3822 trinarum
711 3748 747 3818 in
766 3748 842 3843 ipso
860 3769 968 3842 regno
984 3749 1161 3822 inveniant
1179 3749 1273 3822 unde
1294 3749 1448 3844 ipsorum
1463 3747 1621 3821 aviditati
1638 3745 1798 3839 satisfiat,
1822 3767 1927 3840 neque

523 3869 772 3967 compellantur
797 3870 845 3942 ad
868 3869 1129 3966 investigandas
1155 3870 1316 3945 scientias
1341 3873 1541 3967 peregrinas
1567 3870 1724 3946 nationes
1751 3881 1923 3969 expelere,

565 4046 607 4129 (a)
629 4049 660 4109 Χ
675 4047 828 4107 unciarum
850 4049 927 4108 aort
955 4047 1030 4109 God.
1049 4049 1078 4110 S.
1102 4049 1230 4111 Audom
1259 4058 1411 4125 too-84,
1437 4055 1467 4110 ct
1490 4049 1560 4112 dod.
1587 4049 1765 4125 Parlslens,
1791 4057 1876 4110 8626.
1890 4077 1926 4092 ·-

522 4155 595 4217 XIX
615 4156 770 4215 emiorum
791 4154 868 4214 cnm.
892 4153 966 4215 eod.
988 4157 1161 4232 Periclem„
1181 4166 1271 4218 6666.
1287 4157 1400 4218 -XX
1417 4157 1572 4217 umbram
1587 4155 1668 4217 αντὶ.
1683 4155 1755 4216 Cod.
1782 4155 1925 4233 argentin.

498 4284 504 4292 ·
523 4263 562 4324 G.
579 4272 647 4323 664.
663 4293 704 4308 -·
713 4262 767 4322 XL
776 4262 930 4322 emiorum
947 4263 1027 4323 auri.
1042 4261 1115 4324 (lod.
1131 4262 1248 4324 Cottum
1264 4265 1385 4342 vespas
1405 4264 1501 4338 mxl.
1522 4264 1669 4326 Numerus
1685 4268 1786 4323 nmen
1798 4276 1881 4340 qun
1892 4274 1927 4318 ex

522 4372 665 4446 lmpresso
671 4369 853 4431 admlttlmns
861 4368 900 4431 ad
908 4371 1114 4449 plerorumque
1121 4371 1257 4432 codlcrm
1266 4369 1368 4445 fldem,
1378 4373 1475 4448 pretio
1486 4386 1586 4432 rerum
1595 4376 1625 4431 et
1633 4371 1850 4446 pecunlaetunc
1857 4374 1926 4426 tem·

524 4476 603 4553 ports
616 4477 726 4536 usltato
738 4475 844 4538 melus
860 4479 1017 4538 conventre
1037 4479 1171 4552 vldetnr3
1187 4480 1219 4540 tn
1237 4479 1362 4557 epistola
1376 4478 1502 4540 Conradl
1514 4478 1622 4556 legltur
1634 4491 1754 4556 qnoque
1766 4477 1827 4538 111
1832 4474 1926 4534 oncu-

523 4600 591 4642 rum
602 4582 682 4641 cori.

565 4684 602 4768 (b)
625 4687 706 4748 llaec
718 4690 892 4768 supplentur
906 4707 946 4752 ex
958 4691 1026 4753 cod.
1042 4690 1159 4754 Cottum
1174 4692 1299 4771 vespas.
1315 4693 1355 4770 Α,
1371 4693 1426 4755 xl.
