4296 5898
554 567 612 630 toa
1056 571 1267 635 rainbaldi
1292 573 1468 637 saccant
1777 577 1856 664 [1161.
1876 577 1961 640 1221.

553 705 707 800 ipsorum
738 704 995 800 privilegiorum
1020 715 1138 780 tenore
1158 706 1342 803 diligenter
1368 709 1540 808 inspecto,
1567 733 1629 808 pro
1651 712 1762 788 salute
1789 723 1902 788 nosue
1928 723 1962 788 et

552 829 705 903 remedio
723 830 915 904 animarum
933 829 1164 927 predictorum
1187 835 1443 928 progenitorum
1462 845 1656 909 nostrornm
1678 838 1859 912 recolende
1883 859 1961 912 mc·

553 954 661 1026 morie
675 953 858 1050 privilegia
877 955 953 1049 ipsa
975 952 1089 1028 eidem
1113 955 1277 1052 episcopo
1298 955 1344 1030 de
1364 958 1474 1052 gratia
1500 969 1616 1034 nostra
1631 961 1843 1036 restituimus
1863 972 1898 1036 et
1920 985 1959 1036 ea

553 1079 754 1174 omniaque
778 1079 813 1151 in
837 1078 923 1175 ipsis
940 1078 1130 1176 privilegiis
1146 1079 1300 1154 vidimus
1318 1083 1504 1174 contineri,
1524 1085 1615 1158 sieut
1635 1088 1778 1161 ecclesie
1793 1087 1959 1160 Penneusi

551 1205 797 1280 rationabiliter
821 1205 991 1302 pertinent
1009 1213 1044 1278 et
1065 1207 1158 1299 juste
1185 1207 1297 1279 tenuit
1315 1208 1529 1304 temporibus
1547 1208 1770 1308 supradictis,
1797 1210 1863 1308 ipsi
1883 1211 1960 1307 epi-

551 1353 656 1428 scopo
667 1342 701 1404 et
716 1329 884 1404 Penneusi
898 1329 1042 1403 ecclesie
1058 1328 1104 1403 de
1119 1330 1230 1422 gratia
1245 1342 1360 1405 nostra
1375 1330 1545 1407 duximus
1561 1335 1599 1406 in
1614 1343 1820 1432 perpetuum
1833 1333 1960 1408 confir·

549 1457 695 1539 manda,
721 1456 819 1530 salvo
842 1455 983 1528 servitio
1006 1453 1102 1550 quod
1129 1454 1225 1530 curie
1243 1465 1359 1530 nostre
1384 1456 1531 1532 debetur
1549 1467 1584 1532 et
1610 1459 1708 1532 salvo
1736 1459 1899 1533 mandato
1925 1469 1960 1532 et

549 1581 766 1657 ordinatione
790 1588 924 1668 nostra,
955 1579 1052 1653 salvo
1075 1579 1179 1653 etiarn
1206 1580 1349 1654 servitio
1379 1581 1483 1656 unius
1506 1583 1626 1656 militis
1654 1583 1751 1679 quod
1776 1583 1822 1657 dc
1850 1594 1958 1656 castro

550 1706 686 1783 tuliano
708 1704 891 1779 comitibus
916 1703 1106 1800 Manupelli
1128 1703 1289 1797 debetur,
1317 1706 1409 1780 siout
1428 1707 1465 1778 in
1487 1706 1672 1802 privilegio
1694 1707 1740 1780 ab
1755 1707 1959 1803 imperatore

550 1833 709 1920 ilenrico,
720 1827 896 1925 qnondam
908 1837 1006 1925 patre
1019 1837 1135 1901 nostro
1149 1827 1332 1903 recolende
1347 1831 1523 1917 memorie,
1534 1829 1650 1904 eidem
1665 1830 1809 1906 ecclesie
1825 1828 1958 1904 indulto

552 1955 898 2054 pleniuscontinstur.
906 1953 1064 2028 Ceterum
1073 1953 1156 2049 quia
1169 1955 1402 2051 perinjurium
1413 1956 1631 2052 [temporum]
1643 1979 1752 2028 unum
1761 1955 1958 2054 privilegio-

550 2104 627 2154 rum
649 2081 802 2176 ipsorum
821 2077 895 2152 divi
913 2079 1019 2175 patris
1036 2078 1142 2153 nostri
1162 2078 1295 2153 domini
1318 2079 1531 2177 imperatoris
1553 2080 1690 2154 chdci
1708 2089 1782 2154 erat
1797 2102 1842 2154 ex
1864 2089 1957 2176 parte

550 2215 804 2302 consumptum,
816 2203 863 2278 ad
880 2203 1165 2300 supplicationem
1180 2204 1304 2301 prelati
1318 2205 1471 2302 episcopi
1486 2205 1636 2302 presenti
1648 2205 1775 2302 pagina
1794 2203 1839 2278 (16
1851 2204 1956 2279 verbo

549 2333 596 2410 ad
614 2331 761 2408 verbum
776 2329 862 2402 illud
871 2329 1039 2422 jussimus
1055 2329 1233 2418 annotari;
1252 2328 1353 2422 cujus
1370 2340 1467 2405 tenor
1480 2331 1557 2404 talis
1574 2340 1650 2403 est:

596 2459 635 2531 In
660 2457 798 2530 nomine
823 2463 940 2528 sancte
959 2461 995 2526 et
1016 2452 1201 2528 individue
1219 2454 1403 2528 Trinitatis.
1426 2455 1592 2530 Henricus
1614 2455 1660 2528 Vl
1682 2453 1804 2530 divina
1822 2455 1957 2528 favente

547 2585 726 2660 clementia
747 2583 978 2654 Romanorum
1003 2579 1200 2674 imperator,
1220 2599 1355 2675 semper
1372 2589 1561 2674 augustus,
1582 2589 1616 2654 et
1635 2601 1700 2652 rex
1720 2579 1846 2652 Sicilie.
1866 2578 1957 2650 Inter

547 2719 745 2802 ceteraque
761 2706 797 2777 in
812 2703 997 2799 actuspics
1015 2701 1247 2799 expendimus
1265 2702 1361 2777 istud
1377 2703 1502 2777 nostris
1521 2703 1724 2776 utilitatibus
1741 2701 1956 2777 commodius

546 2833 761 2932 applicamus
774 2851 854 2901 cnm
871 2827 1024 2901 ecclesiis
1043 2837 1078 2900 et
1096 2827 1180 2902 locis
1197 2827 1456 2902 venerabilibus
1474 2827 1709 2902 munificentie
1729 2837 1844 2902 nostre
1864 2826 1955 2900 dona

547 2958 755 3034 conterimus
770 2975 812 3027 ac
831 2972 953 3026 eorum
964 2950 1169 3024 utilitatibus
1188 2952 1248 3049 pia
1264 2952 1539 3028 consideratione
1559 2952 1744 3026 subvenire
1760 2951 1952 3026 studemus.

548 3083 632 3160 lnde
643 3090 696 3156 est
707 3077 803 3175 quod
811 3098 874 3151 nos
886 3077 933 3150 ob
943 3075 1177 3150 remissionem
1190 3077 1383 3152 animarum
1394 3087 1574 3174 parentum
1586 3085 1779 3150 nosuorum
1793 3076 1956 3150 dirorum

545 3217 771 3304 angustorum
798 3225 840 3277 ae
871 3203 1020 3295 longeva
1046 3201 1152 3274 nostri
1176 3202 1435 3277 conservatione
1462 3202 1622 3300 imperii,
1644 3223 1709 3276 nec
1726 3221 1796 3276 non
1813 3202 1955 3275 obtentu

468 3411 472 3422 ,
544 3331 719 3409 fidelitatis
735 3327 879 3402 Othonis
897 3325 1104 3400 venerabilis
1120 3327 1306 3402 Penneusis
1324 3327 1478 3425 episcopi
1494 3327 1599 3422 quem
1617 3327 1654 3399 in
1675 3326 1801 3399 nostris
1821 3345 1956 3422 semper

545 3458 722 3554 obsequiis
740 3453 877 3530 fidelem
894 3451 1055 3526 novimus
1069 3462 1105 3524 et
1120 3452 1299 3543 devotum,
1314 3451 1538 3526 concedimus
1549 3461 1584 3526 et
1597 3460 1763 3547 perpetuo
1777 3448 1956 3525 confirma·

545 3605 624 3657 mus
642 3581 709 3655 sibi
732 3589 768 3654 et
791 3576 1048 3651 successoribus
1065 3575 1140 3648 suis
1155 3574 1330 3672 quidquid
1357 3575 1500 3650 ecclesie
1517 3575 1687 3648 Penneusi
1712 3575 1849 3650 dudum
1870 3596 1954 3649 con·

546 3728 681 3782 6666616
707 3714 759 3778 est
783 3725 844 3800 per
871 3701 1055 3797 privilegia
1075 3703 1306 3776 Romanorum
1335 3701 1580 3799 imperatorum
1607 3701 1735 3795 Coreli,
1762 3699 1951 3792 ludovici,

543 3830 686 3905 Othonis
704 3837 740 3902 et
758 3827 902 3900 aliorum
919 3827 1164 3922 imperatorum
1187 3848 1321 3900 necnon
1334 3835 1369 3899 et
1390 3848 1511 3921 regum
1534 3825 1648 3901 Sicilie
1667 3825 1804 3920 Rogerii
1825 3835 1862 3898 et
1881 3825 1954 3899 Gn·

543 3957 685 4053 glielmi,
701 3953 865 4028 videlicet
882 3951 1055 4024 civitatem
1070 3951 1281 4024 Pennensem
1299 3971 1379 4023 cum
1394 3952 1555 4024 omnibus
1572 3951 1645 4024 suis
1660 3951 1951 4047 possessionibus,

542 4106 621 4158 cum
638 4085 763 4155 Sancto
779 4077 935 4152 Iohanne
948 4075 993 4148 dc
1008 4075 1190 4171 Cypressc,
1210 4074 1307 4167 Geso,
1326 4075 1444 4148 Octeto
1458 4075 1520 4173 (6),
1542 4076 1655 4150 casale
1666 4075 1762 4170 quod
1781 4075 1886 4148 situm
1902 4085 1954 4148 est

472 4286 476 4294 ,
543 4209 632 4282 inter
652 4205 842 4303 predictam
863 4201 1036 4274 civitatem
1053 4207 1087 4273 et
1108 4199 1229 4272 collem
1247 4198 1293 4273 (16
1316 4201 1462 4274 Mercato
1482 4210 1518 4274 et
1536 4199 1631 4274 blena
1649 4197 1697 4300 (1)
1722 4207 1757 4273 61
1775 4199 1952 4275 castellum

544 4333 589 4407 de
611 4331 703 4404 Colle
728 4328 811 4418 alto,
838 4324 1018 4399 ecclesiam
1046 4324 1169 4398 Sancte
1187 4324 1294 4398 Mario
1318 4324 1363 4398 (16
1381 4324 1524 4398 Pizzanc
1545 4323 1605 4419 (c),
1631 4323 1811 4398 oecleaiam
1837 4323 1952 4398 Sancti

585 4507 627 4587 (6)
647 4509 685 4569 16
698 4506 789 4568 altera
802 4503 930 4565 edldcne
943 4519 970 4579 p.
991 4509 1080 4582 ttae,
1098 4497 1194 4574 Orctc,
1208 4507 1239 4564 et
1250 4499 1370 4564 additur
1381 4497 1451 4564 cille
1463 4499 1499 4562 dc
1512 4497 1685 4565 Paterardlo

585 4613 627 4693 (b)
648 4615 684 4676 ln
697 4612 788 4674 altera
796 4611 863 4672 edit.
880 4611 978 4670 iletre.

581 4721 618 4802 (6)
640 4721 678 4782 ln
691 4719 782 4780 altera
794 4717 864 4778 edit.
882 4716 1002 4776 Piziartc
1015 4715 1182 4792 (Plccluuc).
