4436 5870
270 547 366 608 lentot.
382 545 426 626 9.]
718 543 915 606 ΗῐὸΤθΜΑ
940 541 1231 604 aletoltatlctl.
1642 544 1680 604 ’Π

270 703 339 756 non
357 683 459 759 liceat
475 681 579 754 alicui
602 679 754 772 civitati,
771 679 1024 770 communitati,
1042 675 1275 768 universitati,
1297 676 1422 750 clerico
1443 676 1603 751 vallaico
1617 680 1679 752 ubi

269 805 384 880 dietus
400 806 592 903 patriarcha
611 805 716 880 habet
726 804 1001 899 jurisdictionem
1014 803 1238 876 intromittere
1262 823 1300 874 se
1318 800 1365 875 de
1387 800 1586 900 episcopatu
1605 813 1682 899 post

270 930 450 1006 decessum
472 931 626 1028 episcopi
641 930 699 1003 vel
721 928 767 1004 de
784 929 959 1024 aliquibus
973 927 1077 1001 rebus
1096 926 1141 1000 ad
1159 925 1395 1022 episcopatum
1413 927 1678 1023 pertinentibus.

269 1055 353 1128 ltem
375 1057 460 1129 nulli
486 1056 587 1128 liceat
607 1055 789 1142 tributum,
805 1065 973 1147 monetas,
989 1054 1101 1128 lorum
1120 1053 1328 1128 constituere
1348 1052 1394 1125 de
1419 1075 1511 1127 novo
1536 1054 1572 1127 in
1599 1055 1681 1130 dicti

269 1177 400 1250 domini
420 1179 611 1274 patriarche
626 1178 927 1272 jurisdictionibus
947 1179 1022 1251 sine
1043 1179 1221 1250 voluntate
1237 1176 1358 1272 ipsius.
1379 1177 1463 1250 ltam
1481 1179 1575 1272 quod
1594 1182 1680 1254 nulli

269 1300 369 1374 liceat
386 1302 422 1374 in
436 1302 535 1397 aquis
552 1324 660 1377 naves
675 1303 890 1399 portantibus
904 1301 959 1374 vol
976 1301 1052 1374 aliis
1066 1299 1270 1372 huminibus
1287 1301 1362 1374 sine
1376 1301 1552 1375 voluntate
1569 1304 1680 1399 ipsius

269 1434 466 1500 construere
480 1427 691 1501 molendina.
711 1427 796 1500 Item
811 1426 908 1520 quod
924 1426 1011 1498 nulli
1032 1425 1133 1498 liceat
1150 1424 1351 1498 castaldioni
1368 1427 1425 1498 vol
1443 1425 1580 1500 officiali
1600 1451 1680 1502 ma-

269 1550 452 1623 numittere
481 1548 662 1644 debitales,
682 1551 834 1626 vendere
857 1551 914 1624 vel
935 1551 1085 1624 ahenare
1110 1549 1243 1635 vineas,
1263 1570 1377 1643 agros,
1397 1561 1508 1646 prata,
1531 1551 1607 1624 vias
1622 1555 1679 1626 vel

268 1675 383 1770 aliqua
408 1697 478 1769 que
503 1676 674 1772 pertinent
694 1673 740 1749 ad
758 1675 886 1768 regalia
901 1674 977 1748 sine
995 1675 1172 1748 voluntate
1195 1673 1318 1770 ipsius.
1336 1674 1420 1746 ltem
1441 1673 1537 1770 quod
1556 1677 1676 1749 Veneti

268 1818 337 1869 nou
354 1799 487 1894 possint
497 1821 626 1895 ponere
643 1811 766 1874 terram
786 1798 1045 1896 patriarchalem
1060 1800 1255 1873 censualem
1268 1820 1333 1874 neo
1349 1799 1483 1894 aliquid
1498 1801 1593 1874 aliud
1614 1824 1677 1876 uec

267 1931 391 2017 cogant
408 1922 565 1996 homines
585 1924 695 2028 ipsius
719 1924 786 1998 sibi
809 1927 921 1998 lacere
943 1923 1154 1998 fidelitatem.
1172 1925 1258 1998 ltom
1273 1925 1368 2020 quod
1385 1925 1470 1996 nulli
1492 1927 1676 2000 constituto

267 2045 303 2116 in
314 2025 554 2140 jurisdictione
572 2048 702 2122 domiui
720 2048 927 2147 patriarche,
946 2050 1196 2143 cujuscumque
1213 2050 1258 2122 sit
1274 2049 1480 2124 conditionis
1498 2052 1574 2126 sive
1587 2053 1674 2126 liber

266 2169 341 2243 sive
360 2173 530 2244 vassallus
547 2173 623 2246 sive
641 2172 888 2262 ministerialis,
909 2173 1010 2248 liceat
1027 2175 1140 2247 iacere
1155 2173 1442 2270 conspirationem
1459 2175 1535 2248 sive
1548 2179 1675 2270 conju·
1751 2219 1756 2228 ·

265 2296 431 2370 rationem
450 2297 525 2371 sine
540 2319 711 2371 consensu
736 2299 868 2373 domini
885 2300 1090 2394 patriarche,
1111 2308 1145 2372 et
1158 2298 1255 2396 qnod
1271 2298 1300 2371 ai
1318 2300 1405 2372 iacta
1420 2310 1509 2372 esset
1525 2299 1675 2382 irritetur

266 2421 530 2516 etquicunque
550 2422 735 2495 restiterint
756 2423 826 2496 sint
845 2423 1038 2520 proscripti.
1058 2424 1142 2498 ltem
1160 2421 1256 2518 quod
1278 2424 1363 2496 nulli
1388 2423 1488 2498 liceat
1510 2425 1545 2497 iu
1563 2425 1674 2517 juris·

265 2545 474 2618 dictionibus
491 2546 622 2620 domini
637 2546 829 2643 patriarche
847 2546 892 2621 de
910 2569 1001 2621 novo
1017 2557 1213 2621 construere
1228 2548 1396 2634 civitates,
1421 2549 1572 2640 castella,
1600 2550 1673 2622 fora

264 2671 339 2745 sine
356 2672 533 2744 voluntate
549 2672 672 2768 ipsius.
993 2667 996 2674 “

311 2797 436 2868 Datum
446 2795 571 2869 Tibure
584 2797 621 2867 in
637 2795 723 2869 festo
734 2795 826 2870 beati
841 2795 984 2888 Nicolai,
999 2795 1186 2870 indictione
1201 2817 1304 2886 nona,
1316 2797 1533 2892 presentibus
1547 2801 1584 2870 S.
1599 2799 1671 2871 lla·

263 2919 463 3012 guatinensi
488 2918 763 3016 archiepiscopo,
782 2920 825 2992 v.
848 2919 898 3018 (a)
920 2919 1113 2994 Pataviensi
1135 2920 1314 3018 episcopo,
1338 2920 1479 2994 Alberto
1503 2922 1673 2998 Tridenti-

263 3043 359 3114 nensi
378 3045 486 3116 electo
504 3041 567 3141 (b),
587 3043 778 3138 An[selmo]
798 3045 1012 3140 imperatoris
1029 3045 1277 3138 marescalcho,
1305 3046 1347 3118 V.
1370 3046 1414 3117 de
1437 3046 1600 3120 Bollande
1627 3047 1671 3146 (c)

262 3168 476 3261 imperatoris
493 3160 660 3263 dapi'lero,
677 3171 719 3242 ll.
739 3169 784 3242 de
798 3169 1013 3261 Ennalbach,
1035 3169 1082 3242 M.
1103 3169 1306 3264 Unangowe
1323 3170 1622 3262 ministerialibus,
1637 3183 1672 3247 et

262 3289 338 3362 aliis
351 3291 479 3363 multis.

498 3599 769 3610 -n———n--a-n

312 3875 539 3984 FridericuS,
559 3877 819 3962 Romanorum
833 3879 1054 3988 imperator,
1069 3883 1284 3992 praeposito
1297 3894 1335 3966 et
1347 3884 1513 3994 capitulo
1532 3887 1671 3994 [Sancti
1691 3902 1870 3956 uaesanae

1701 3954 1862 4009 florentinum,

259 4007 428 4116 Servatii]
450 4011 491 4094 in
510 4011 680 4122 Trajccto
702 4012 874 4097 concedit
889 4022 933 4097 ut
957 4013 1132 4098 homines
1155 4016 1275 4125 ipsius
1299 4017 1477 4102 ecclesiae
1494 4020 1670 4105 actualia
1704 4007 1856 4052 '‘m''

258 4141 439 4226 frumenti
452 4144 580 4228 etvini
601 4145 650 4228 ad
672 4172 769 4255 opus
791 4144 969 4230 ecclesiae
990 4158 1070 4230 tam
1092 4175 1161 4258 per
1181 4157 1302 4233 terras
1319 4177 1438 4261 quam
1459 4178 1527 4261 per
1549 4180 1668 4265 aquas

257 4275 297 4356 in
322 4275 483 4387 imperio
507 4276 679 4362 deserant
702 4279 783 4363 sine
805 4278 1000 4388 theloneo,
1021 4283 1198 4392 passagio
1221 4293 1288 4366 aut
1307 4285 1501 4369 exactione
1522 4285 1664 4397 aliqua.

299 4462 340 4543 (a)
363 4464 480 4528 saum
497 4463 598 4529 otae.

297 4567 340 4649 (h)
362 4571 397 4631 ln
408 4574 552 4650 impresso
564 4573 691 4636 Antonio
710 4573 926 4638 remancre
936 4571 1046 4651 clerico,
1061 4580 1197 4656 pessime.

299 4673 335 4754 (c)
357 4676 401 4737 De
418 4675 541 4756 Blande,
556 4681 640 4742 male.
