4292 5894
200 550 300 611 holm.
318 543 378 630 lt]
654 539 863 606 utstottlt-
879 538 1173 602 blatotttttlct.
1559 535 1619 598 365

202 684 390 760 suetudine
414 680 605 772 solverent3
626 691 662 753 et
685 679 813 774 bajulis
837 677 980 752 Rossani
1003 686 1037 749 et
1059 673 1204 748 ecclesio
1225 670 1367 744 firmiter
1384 669 1562 743 inhibebat
1581 682 1621 743 ut

204 807 251 884 de
265 823 380 882 netem
395 805 481 901 ipsis
503 805 741 878 sacerdotibus
755 814 816 877 aut
835 801 917 875 filiis
930 823 1049 875 eorum
1067 800 1197 872 nullam
1212 797 1401 870 molestiam
1420 796 1619 888 irrogarent.

203 931 393 1007 Ostendisti
416 931 559 1026 insuper
575 930 672 1003 aliod
690 930 841 1023 sigillum
863 926 997 1000 comitis
1016 926 1154 1020 Rogerii
1173 945 1313 1018 grecum
1331 923 1488 996 similiter
1502 921 1618 1016 quod,

204 1057 243 1126 in
266 1055 411 1126 latinum
433 1053 609 1126 transferri
636 1051 862 1141 mandantes,
890 1061 1009 1146 aperte
1036 1050 1175 1124 dioebut
1198 1048 1346 1144 qualiter
1372 1048 1446 1144 ipse
1469 1046 1620 1139 sigillum

206 1177 386 1275 prescripti
418 1177 519 1250 ducis
542 1176 679 1268 Rogerii
701 1172 903 1248 renovando
928 1169 981 1270 (a)
1004 1172 1222 1247 oonlirmavit
1242 1172 1389 1246 ecclesio
1416 1170 1620 1244 Rossanensi

204 1311 239 1375 et
253 1300 493 1374 sacerdotibus
504 1300 615 1395 ipsius
629 1299 778 1374 civitatis
788 1317 908 1372 omnes
919 1298 1070 1392 justitias
1084 1319 1183 1390 suas,
1198 1298 1301 1390 juxta
1312 1295 1410 1391 quod
1421 1317 1442 1369 a
1454 1295 1624 1391 principio

206 1425 433 1522 possederant
450 1445 531 1496 oum
554 1423 716 1496 iratribus
733 1432 768 1496 et
785 1424 954 1514 religiosis
974 1421 1172 1496 monasterii
1190 1432 1225 1494 et
1245 1442 1323 1495 oum
1346 1419 1507 1493 omnibus
1526 1419 1623 1514 adja-

205 1550 368 1623 centibus
388 1557 423 1621 ot
445 1547 637 1618 rationibus
659 1547 805 1620 ecelesia
825 1544 1049 1620 Rossanensis
1066 1555 1102 1618 et
1122 1567 1201 1618 cum
1225 1544 1475 1635 divisionibus,
1502 1545 1620 1636 metis,

205 1695 378 1768 aquarum
399 1671 628 1746 oonduotibus
648 1680 684 1744 st
701 1671 822 1744 ceteris
841 1669 1049 1744 utilitatibus
1064 1670 1149 1743 suis.
1169 1671 1314 1767 lnsuper
1328 1669 1507 1744 ostendisti
1523 1670 1622 1746 aliud

205 1797 359 1890 sigillum
379 1796 471 1892 ragis
493 1795 632 1890 Rogerii
649 1795 707 1868 avi
727 1795 832 1869 nostri
855 1795 892 1866 in
912 1815 1015 1889 greoo
1039 1795 1206 1890 scriptum
1226 1815 1316 1889 quo,
1339 1793 1502 1869 translato
1526 1805 1621 1892 post·

205 1920 402 1996 nodnmin
419 1920 584 2010 latinum,
600 1920 834 1994 intelleximus
851 1920 948 2015 quod
968 1922 1052 1994 dum
1069 1918 1184 1993 diotus
1202 1941 1291 1993 avus
1309 1931 1424 1994 noster
1437 1921 1554 1995 omnia
1569 1922 1622 1994 si·

205 2045 289 2142 gilla
307 2045 615 2118 ecelesiasticorum
636 2065 701 2118 suo
719 2045 879 2137 jussisset
901 2044 1102 2140 conspectui
1123 2046 1329 2140 presentari,
1349 2046 1537 2142 Dyonisins
1559 2049 1620 2144 qui

205 2179 279 2242 tum
303 2169 433 2244 elnotus
458 2169 571 2242 luerat
598 2168 823 2242 Rossanensis
846 2167 1024 2263 quoddam
1051 2168 1205 2262 sigillum
1229 2170 1359 2242 lactum
1384 2170 1430 2242 ub
1446 2169 1619 2268 Adolati)

205 2292 345 2368 ducissa
361 2292 429 2366 sibi
452 2295 665 2389 presentavit
687 2293 723 2366 in
745 2315 817 2390 quo
840 2293 1052 2368 consedebat
1076 2292 1168 2368 diste
1190 2295 1528 2388 eoelesiedeoimum
1546 2321 1620 2372 om·

205 2418 303 2491 nium
320 2426 552 2514 proventuum
574 2417 724 2492 civitatis
740 2418 902 2511 Rossani,
928 2431 964 2494 et
988 2418 1095 2492 alium
1121 2417 1273 2514 sigillum
1290 2420 1383 2493 dicte
1404 2421 1542 2494 ducisse
1559 2443 1621 2519 per

205 2543 301 2638 quod
312 2543 528 2616 oonoedsbat
546 2541 639 2618 dicte
659 2544 803 2617 ecclesie
821 2543 973 2617 decimas
987 2543 1176 2618 iudeorum
1193 2545 1338 2618 Rossani
1354 2553 1389 2618 et
1403 2554 1473 2618 tres
1491 2546 1619 2622 ludeos

205 2667 295 2741 lilios
323 2667 462 2742 Samuel
489 2667 552 2762 qui
578 2667 741 2741 dicontur
769 2668 1006 2742 Caoootenisti.
1030 2668 1276 2742 continebatur
1302 2671 1405 2744 etiam
1432 2670 1468 2742 in
1495 2671 1618 2746 eodem

204 2792 300 2887 quod
319 2799 577 2888 presentaverunt
595 2792 663 2864 sibi
680 2792 834 2887 sigillum
858 2793 1047 2888 supradicti
1069 2794 1169 2868 ducis
1184 2794 1321 2889 Rogerii
1338 2797 1517 2868 eontinens
1529 2797 1619 2870 sicut

205 2917 367 3012 superius
388 2917 519 2990 dietum
541 2927 612 3010 est,
638 2929 674 2990 et
690 2917 787 2991 aliud
811 2919 964 3012 sigillum
987 2918 1087 2992 dunis
1104 2921 1160 2992 W.
1180 2918 1225 3016 (o)
1242 2920 1303 3014 qui
1327 2919 1551 2996 oonllnnabat
1571 2923 1618 2994 si·

204 3041 288 3136 gilla
301 3041 409 3137 patris
422 3051 457 3116 st
471 3041 531 3116 avi
548 3041 604 3118 sni
619 3041 812 3116 seeundum
827 3043 923 3138 quod
936 3044 1176 3117 oontinebatur
1189 3044 1225 3116 in
1243 3044 1295 3117 eis
1309 3051 1344 3117 et
1355 3045 1448 3118 aliud
1465 3047 1617 3142 sigillum

204 3165 398 3240 altitudinis
422 3187 486 3239 suo
520 3165 756 3240 oonlirmando
785 3167 901 3242 omnia
933 3167 1144 3264 supradicta.
1175 3167 1363 3242 Ostendisti
1387 3172 1489 3245 stiam
1520 3174 1619 3248 nobis

203 3289 383 3384 quoddam
411 3290 634 3385 privilegium
659 3291 800 3365 domine
819 3292 1047 3388 imperatriois
1072 3295 1191 3367 matris
1219 3305 1342 3370 nostre
1358 3319 1421 3392 per
1443 3299 1539 3391 quod
1562 3321 1619 3373 eo·

205 3415 308 3488 olesie
329 3415 535 3490 Rossanensi
555 3416 672 3490 omnia
689 3416 871 3512 privilegia
891 3426 926 3491 et
946 3417 1171 3492 instrumenta
1190 3442 1254 3492 sua
1276 3441 1428 3495 necnon
1446 3421 1616 3515 homines,

204 3539 455 3636 possessiones,
486 3539 678 3614 oblationes
704 3549 739 3614 et
762 3542 926 3616 universa
954 3543 1143 3616 tenimenta
1165 3567 1236 3639 que
1262 3546 1339 3642 ipsa
1364 3547 1507 3622 eeclesia
1536 3558 1619 3622 tuno

204 3663 369 3761 temporis
378 3666 472 3759 juste
487 3665 687 3761 possidebat
699 3667 754 3742 vel
770 3677 886 3763 posset
899 3668 935 3739 in
950 3677 1051 3742 antea
1063 3671 1159 3762 justo
1175 3669 1273 3743 titulo
1291 3671 1437 3767 adipisci
1453 3684 1619 3770 perpetuo

204 3785 448 3881 oonflrmabat,
468 3795 504 3861 el
525 3789 697 3884 quasdam
719 3789 848 3862 litteras
874 3790 985 3887 ipsius
1008 3793 1128 3866 matris
1152 3803 1268 3867 nostre
1293 3817 1356 3892 per
1379 3819 1468 3890 quas
1493 3799 1619 3892 bajulis

204 3911 347 3986 Rossani
366 3909 509 3985 firmiter
523 3910 630 3986 dabat
643 3912 679 3984 in
693 3913 866 3989 mandatis
886 3925 925 3987 ut
948 3915 1100 3990 decimas
1116 3918 1319 3992 reddituum
1335 3921 1477 3996 Rossani
1493 3922 1619 3998 amodo

203 4035 462 4134 arehiepisoopo
475 4038 618 4112 Rossani
640 4036 687 4112 ad
708 4060 799 4136 opus
817 4040 962 4114 ecolosie
975 4063 1039 4114 sue
1060 4044 1306 4140 persolverent,
1323 4046 1405 4141 quia
1426 4048 1477 4121 sio
1494 4047 1539 4121 de
1552 4071 1618 4122 suo

203 4159 418 4258 beneplacito
429 4160 650 4258 prooedebat.
666 4165 811 4262 lnsoper
822 4165 1004 4241 ostendisti
1016 4167 1118 4241 nobis
1128 4169 1259 4244 litteras
1271 4171 1419 4266 Eugenii
1431 4184 1466 4246 et
1478 4175 1618 4249 loannis

247 4452 287 4536 (a)
308 4455 366 4535 Ap.
382 4456 553 4536 Ughelllum
565 4457 734 4537 rmorondo,
748 4463 836 4526 mals.
975 4495 979 4506 ν

248 4559 289 4642 (b)
310 4563 369 4642 Ap.
382 4562 551 4643 Ugholllum
564 4563 603 4626 ab
612 4565 688 4642 ulta,
703 4571 841 4647 melma.

247 4665 286 4747 (c)
311 4670 369 4748 Ap.
384 4670 554 4751 Ugbelllum
569 4673 636 4750 tt,
650 4675 737 4737 mals
751 4675 808 4738 lllo
821 4679 920 4758 agltur
933 4677 970 4741 ds
984 4677 1136 4742 Wlllalmo
1148 4679 1222 4743 duco
1235 4681 1320 4745 ducis
1333 4685 1450 4765 Rogerll
1463 4686 1536 4749 llllo.
