4298 5898
532 599 595 664 484
1034 605 1253 670 inruente!
1277 605 1453 668 secutor
1763 605 1840 692 [Αιιι.
1859 609 1948 672 ιῆἱ

584 739 709 812 Datum
731 738 849 835 Fogie,
868 761 960 813 anno
978 739 1152 816 dominice
1169 741 1414 816 incarnationis
1434 741 1616 816 millesimo
1636 741 1872 818 ducentesimo
1891 745 1949 818 vi·

535 861 665 936 cesimo
686 864 827 958 quinto,
849 887 968 938 mense
985 865 1086 960 maii,
1105 867 1182 940 Xlll
1203 867 1422 961 indictionis,
1442 867 1577 964 imperii
1595 865 1727 942 domini
1745 868 1853 942 nostri
1867 868 1951 942 Fre-

536 986 645 1063 derici
669 987 730 1062 Dei
755 990 865 1084 gratia
890 991 1123 1064 Romanorum
1147 990 1362 1089 imperatoris
1384 992 1623 1085 illustrissimi,
1647 1013 1784 1088 semper
1807 996 1949 1088 augusti

535 1119 570 1186 et
592 1111 829 1206 gloriosissimi
855 1115 948 1210 regis
973 1115 1088 1191 Sicilie
1111 1137 1202 1192 nuno
1225 1117 1371 1214 quinto,
1405 1117 1504 1214 regni
1527 1139 1613 1194 vero
1639 1118 1756 1192 Sicilie
1782 1118 1950 1194 vicesimo

533 1245 677 1330 octavo,
700 1238 854 1314 feliciter.
874 1237 998 1314 Am0n.

589 1832 826 1942 fridericus,
846 1833 1106 1920 Romanorum
1128 1835 1351 1946 imperator,
1377 1837 1536 1921 mandat
1555 1835 1783 1949 Raymundo
1802 1837 1948 1924 Beren-

534 1965 644 2076 gario
685 1968 813 2052 comiti
849 1967 1067 2052 Provinciae
1102 1978 1146 2052 ut
1179 1969 1280 2054 cives
1313 1969 1567 2056 Massilienses
1599 1970 1946 2081 utriusquepartis

534 2099 716 2209 cirimtis,
740 2102 965 2213 episcopalis
991 2103 1165 2188 videlicet
1194 2113 1233 2188 et
1257 2103 1542 2208 vicecomitalis,
1567 2131 1666 2216 qnos
1694 2103 1779 2214 jam
1801 2105 1945 2188 auchie-

532 2233 710 2345 piscopus
728 2235 960 2321 Arelatensis
976 2248 1130 2347 propter
1148 2247 1412 2324 contumacem
1429 2265 1562 2325 eorum
1578 2239 1618 2321 in
1636 2239 1856 2350 episcopum
1872 2265 1942 2322 re-

531 2366 735 2453 bellionem
761 2369 941 2456 bannitos
966 2371 1115 2483 imperii
1141 2372 1366 2483 publicauit,
1386 2373 1467 2483 ipse
1492 2373 1590 2456 mari
1616 2383 1655 2456 et
1680 2384 1781 2458 terra
1806 2399 1941 2485 perse-

532 2513 675 2614 quatur
695 2515 733 2588 et
754 2505 838 2616 capi
856 2505 983 2588 faciet.

614 2721 735 2796 (lncdlt.
752 2739 791 2784 ex
804 2725 927 2802 antiquo
939 2722 1022 2785 arch.
1033 2723 1125 2802 regal.
1138 2723 1281 2802 Aquenst,
1291 2725 1411 2784 nnncln
1420 2723 1560 2802 praelect.
1573 2723 1701 2803 Maseli,
1714 2721 1830 2785 mdo
1841 2724 1938 2800 maor,

652 2829 708 2890 IV·
720 2831 816 2904 eane,
834 2838 883 2891 tt·
897 2825 994 2904 licere,
1015 2825 1099 2892 lettre
1112 2830 1149 2904 D,
1171 2829 1328 2908 orlglnale;
1350 2837 1570 2909 transumptum
1587 2845 1707 2908 quoque
1724 2831 1757 2890 ln
1776 2830 1939 2890 Inventarto

652 2939 723 2996 unul
739 2945 826 3010 1820,
842 2936 930 3016 lbld„
946 2945 987 2997 1¹·
999 2933 1097 3012 diois„
1112 2935 1164 2998 iol.
1181 2933 1264 3016 202.)

581 3123 784 3199 Fredericus
802 3125 865 3197 Dei
888 3125 999 3217 gratia
1015 3127 1247 3198 Romanomm
1267 3125 1465 3222 imperator,
1484 3145 1621 3221 semper
1639 3131 1811 3217 augustus
1828 3130 1863 3196 et
1878 3144 1937 3195 rex

534 3247 669 3340 Sicilie,
689 3248 798 3321 nobili
819 3249 896 3322 viro
921 3251 963 3322 R.
987 3249 1194 3343 Berengario
1219 3249 1335 3322 comiti
1353 3249 1555 3342 Provincia,
1573 3247 1666 3322 lideli
1689 3268 1776 3340 suo,
1796 3247 1936 3343 gratim

532 3397 632 3449 suam
649 3385 684 3448 et
697 3373 825 3448 bonam
845 3374 1071 3448 voluntatem.
1090 3373 1176 3448 Cum
1192 3372 1238 3449 ad
1253 3374 1421 3450 fovendas
1440 3375 1614 3448 libertates
1630 3372 1854 3446 ecclesiarum
1872 3391 1936 3467 que

531 3501 599 3575 snb
617 3507 732 3574 nostro
750 3507 833 3574 sunt
850 3499 995 3595 imperio
1012 3499 1207 3589 constitute,
1224 3509 1319 3572 tanto
1336 3499 1545 3594 vigilantiori
1562 3520 1646 3573 cura
1663 3497 1814 3572 velimus
1828 3496 1935 3569 inten-

532 3624 615 3701 dere
637 3634 767 3720 quanto
790 3645 850 3698 eas
877 3625 1080 3696 inconcussa
1103 3623 1341 3697 desideramus
1367 3625 1613 3718 tranquillitate
1631 3622 1803 3717 gaudere,
1827 3633 1935 3695 nostre

531 3770 600 3822 non
630 3749 799 3822 immerito
820 3759 937 3821 movet
961 3749 1146 3821 auctoritas
1170 3749 1355 3840 majestatis
1378 3771 1419 3821 ac
1441 3749 1542 3843 vigor
1558 3747 1701 3820 rationis
1722 3747 1880 3843 exposcit
1899 3755 1936 3818 ut

530 3873 622 3948 sicut
644 3874 690 3946 ad
704 3871 923 3946 devotionem
943 3871 1100 3946 fidelium
1119 3882 1314 3946 nostrorum
1335 3895 1455 3970 pacem
1474 3883 1509 3946 ct
1529 3871 1707 3946 veritatem
1721 3871 1934 3966 diligentium

529 3997 734 4096 propensius
764 3995 1074 4071 commendandam
1102 3997 1250 4092 gratanti
1280 3997 1396 4070 animo
1419 3997 1630 4088 excitamur,
1657 3995 1709 4068 sic
1734 4004 1770 4069 et
1796 3995 1844 4069 ad
1868 4017 1935 4092 pu-

530 4121 677 4196 niendos
697 4120 888 4196 infidelium
911 4143 1076 4196 excessus
1095 4121 1158 4216 qui
1175 4122 1340 4195 ecclesias
1359 4122 1454 4219 ipsas
1477 4130 1513 4196 et
1533 4121 1744 4196 venmabilia
1764 4121 1841 4195 loca
1861 4143 1934 4217 per·

530 4247 629 4342 sequi
646 4255 680 4320 et
698 4246 859 4320 ancillare
876 4246 1047 4337 nituntur,
1069 4247 1292 4320 exacerbato
1310 4245 1557 4342 indignationis
1571 4244 1696 4343 spiritu
1712 4267 1934 4343 provocemur

528 4379 564 4443 et
585 4379 703 4445 eontra
728 4393 788 4444 eos
809 4371 939 4466 potenti
965 4371 1107 4444 brachio
1124 4373 1316 4466 augustalis
1339 4371 1551 4446 tortitudinis
1572 4371 1809 4465 accingamur,
1827 4381 1866 4443 ut
1888 4367 1933 4441 illi

528 4493 675 4590 proinde
702 4495 897 4568 sincerioris
925 4492 1120 4569 devotionis
1145 4496 1384 4569 continuatum
1409 4495 1658 4569 incrementum
1683 4494 1873 4588 suscipiant
1901 4499 1932 4562 et

528 4617 590 4691 alii
609 4638 631 4688 a
650 4639 715 4690 sua
735 4618 889 4712 nequitia
914 4617 1130 4716 resipiscant.
1157 4617 1243 4692 lude
1265 4630 1319 4692 est
1341 4617 1459 4715 quod,
1485 4640 1566 4692 cum
1586 4617 1708 4690 Petrus
1733 4612 1931 4689 venerabilis

528 4739 750 4816 Massiliensis
774 4743 959 4841 episcopus
988 4741 1107 4818 fidelis
1131 4753 1246 4818 noster
1266 4746 1339 4838 jam
1367 4743 1479 4818 exdiu
1507 4743 1554 4817 ad
1581 4749 1733 4816 nostram
1758 4735 1929 4814 accesserit
