4296 5898
530 564 593 628 264
1042 561 1258 626 tttttbstttct
1282 562 1459 626 SECUNDI
1768 561 1851 648 [tin.
1868 563 1952 625 1222

653 699 727 760 ssovt
739 705 769 762 ot
782 696 865 760 robrl
877 697 995 772 eoloris,
1003 703 1058 760 out
1069 697 1208 760 liettttum
1222 705 1268 760 est
1280 704 1332 760 out
1343 699 1489 776 posterius
1499 713 1673 776 appensum
1687 713 1758 762 orm
1770 713 1810 760 ox
1822 705 1954 780 utrque

657 807 749 868 latere
767 801 1580 886 sedlslmperlellselareleguturBEX.....lEBth)

585 1018 780 1093 Friderious
799 1017 864 1093 Dei
887 1017 999 1114 gratia
1018 1018 1249 1092 Romanomm
1268 1017 1465 1115 imperator,
1487 1039 1623 1115 semper
1644 1027 1815 1114 augustus
1833 1026 1870 1091 et
1885 1041 1952 1092 rex

537 1144 666 1235 Sicilie,
681 1143 855 1217 universis
870 1143 962 1217 banc
975 1143 1123 1217 litteram
1138 1141 1345 1239 inspecturis
1359 1141 1505 1236 gratiam
1519 1162 1618 1216 suam
1633 1150 1668 1215 et
1682 1141 1947 1216 omnebonum.

536 1269 663 1343 literne
677 1267 912 1342 retributionis
925 1267 1056 1365 premia
1072 1268 1225 1364 proiecto
1236 1274 1388 1342 meretur
1401 1265 1556 1362 accipere
1569 1266 1632 1362 qui
1645 1266 1814 1340 militibus
1826 1266 1952 1340 Christi

538 1416 601 1492 per
619 1393 819 1491 temporalia
844 1393 1019 1490 stipendia
1038 1415 1145 1468 manu
1162 1393 1259 1489 largn
1281 1392 1453 1467 curaverit
1467 1392 1666 1466 subvenire.
1682 1391 1767 1466 Inde
1781 1401 1835 1467 est
1855 1393 1951 1488 quod

539 1541 603 1592 nos
620 1519 711 1592 bona
733 1519 944 1614 subscripta,
962 1517 1127 1592 uidelicet
1144 1517 1234 1593 duas
1250 1516 1364 1590 curias
1388 1515 1640 1590 habitationum
1665 1539 1745 1591 cum
1767 1517 1842 1591 suis
1864 1539 1952 1615 por·

540 1645 693 1719 tinentiis
726 1645 762 1716 in
788 1643 958 1716 Kolstorll
987 1653 1023 1717 et
1055 1641 1240 1717 dimidium
1266 1663 1426 1716 mansum
1461 1640 1593 1716 ibidem
1624 1651 1714 1716 term
1740 1642 1882 1716 arabilis
1911 1664 1955 1716 ac

539 1778 676 1865 pratum
700 1768 791 1841 inter
812 1777 965 1841 montem
989 1767 1118 1841 Lumen
1142 1776 1177 1842 et
1201 1766 1350 1842 liuvium
1379 1766 1481 1840 Sabel
1505 1763 1560 1864 (t)
1584 1789 1663 1840 cum
1687 1767 1836 1863 piscaria
1859 1766 1953 1841 dicta

540 1893 763 1988 Lacbsgrube
782 1914 804 1966 a
830 1892 915 1965 villa
931 1891 1101 1965 Kulstorli
1121 1891 1158 1965 in
1176 1913 1322 1966 ascensu
1338 1891 1440 1965 Sobel
1458 1913 1572 1988 usquo
1590 1891 1637 1966 ad
1653 1901 1792 1989 protum
1809 1891 1953 1989 predio-

540 2029 616 2091 tum
639 2016 864 2114 pretendente
881 2038 923 2089 ac
948 2017 1062 2090 iocum
1084 2015 1273 2092 Molendim
1297 2015 1429 2092 ibidem
1451 2017 1631 2107 situatum,
1650 2038 1722 2113 que
1747 2016 1839 2090 bona
1858 2017 1952 2090 Lou-

542 2165 608 2240 gus
627 2141 679 2239 (2)
695 2142 842 2216 Siberus
865 2143 911 2217 de
929 2141 1119 2216 Thanbeim
1139 2141 1240 2217 miles
1260 2151 1375 2218 noster
1397 2143 1543 2217 dilectus
1557 2144 1637 2238 jum
1654 2142 1782 2217 feodati
1795 2141 1951 2239 possedit

543 2291 564 2343 a
589 2268 707 2360 nobis,
728 2267 897 2361 religiosis
914 2267 1078 2341 iratribus
1094 2266 1228 2342 ordinis
1243 2269 1367 2342 Sancte
1384 2266 1490 2344 blarie
1504 2267 1785 2365 Iemsolymitans
1800 2267 1952 2341 Tbeuto-

542 2397 698 2468 nieorum
725 2391 909 2466 liberaliter
930 2392 1093 2467 dedimus
1117 2401 1153 2465 et
1180 2414 1388 2489 apparamus
1415 2389 1473 2490 (i)
1498 2413 1560 2490 per
1585 2401 1761 2488 presentes
1787 2400 1953 2490 perpetuo

541 2517 766 2616 possidenda.
785 2516 842 2590 Ad
858 2516 958 2609 cujus
976 2517 1027 2590 rei
1049 2517 1250 2592 memoriam
1275 2525 1469 2614 presentem
1494 2516 1656 2614 paginam
1677 2515 1761 2590 inde
1785 2515 1951 2592 conscribi

537 2643 705 2738 jussimus
721 2651 756 2717 et
772 2643 960 2736 majestatis
976 2649 1092 2715 nostre
1104 2642 1218 2736 sigillo
1235 2641 1453 2716 communiri.

589 2769 700 2863 Hujus
713 2767 764 2840 rei
784 2775 888 2841 testes
905 2775 987 2839 sunt
999 2765 1041 2840 N.
1060 2765 1339 2863 archiepiscopus
1352 2764 1643 2860 Therentinensis,
1659 2764 1834 2840 Iohannes
1847 2765 1952 2839 abbas

541 2891 743 2984 Casemarii,
768 2892 807 2964 C.
832 2891 1066 2987 burggravius
1090 2889 1137 2964 de
1158 2891 1389 2986 Nuremberg,
1410 2890 1454 2964 Α.
1487 2890 1533 2966 de
1559 2889 1733 2984 Iustingin
1766 2888 1949 2988 imperialis

540 3017 620 3089 aule
642 3015 863 3100 marscalcus,
886 3015 927 3089 ll.
948 3013 1025 3090 dux
1041 3015 1190 3113 Spoleti,
1208 3035 1323 3088 eomes
1337 3016 1381 3087 Η.
1401 3015 1447 3090 do
1459 3013 1655 3112 Ebirsteyn,
1675 3013 1712 3088 C.
1734 3012 1781 3089 de
1794 3017 1948 3090 Swortz·

541 3139 668 3237 purgb,
689 3140 726 3212 C.
746 3138 791 3214 de
806 3139 934 3214 Werda
948 3137 996 3236 (o)
1011 3148 1046 3213 et
1063 3138 1122 3212 alii
1137 3139 1374 3236 quamplures.

590 3267 715 3339 Datum
735 3263 910 3338 incastris
927 3263 1022 3359 apud
1039 3265 1174 3353 iatum,
1193 3283 1285 3337 anno
1311 3262 1483 3338 dominice
1507 3263 1754 3338 incarnationis
1774 3263 1951 3338 millesimo

541 3389 778 3464 ducentesimo
792 3388 960 3462 vicesimo
980 3387 1153 3480 seeundo,
1175 3409 1293 3464 mense
1305 3389 1405 3484 julii,
1423 3389 1557 3465 decime
1574 3389 1792 3483 indictionis,
1811 3390 1951 3466 Romani

542 3513 676 3612 imperii
694 3513 801 3589 nostri
817 3535 909 3589 anno
923 3512 1091 3606 mundo,
1108 3513 1208 3610 regni
1224 3535 1309 3589 vero
1324 3513 1440 3590 Sicilie
1455 3515 1623 3591 vicesimo
1638 3523 1775 3612 quarto.

582 3720 624 3798 to)
646 3719 682 3779 ln
704 3717 797 3778 altero
815 3718 994 3799 exemplari,
1008 3717 1062 3780 sed
1078 3719 1177 3779 mtuus
1200 3723 1299 3794 recte,
1320 3715 1458 3781 Attotm
1479 3715 1515 3780 ds
1534 3719 1691 3804 Jootiscyco
1710 3717 1871 3801 &spedolia
1888 3715 1952 3782 aot

541 3821 1948 3911 marsmbo,ttodottm‹toe8potaett,noootoodestesmommttmtmdeswtzpmt,

539 3950 628 3995 comes
643 3930 794 3996 Coorodoo
807 3930 842 3994 dc
858 3931 973 3997 Wcrde

577 4244 613 4319 (t)
632 4245 844 4305 ScilicetSoolo.

576 4339 612 4416 lt)
632 4341 817 4402 verisimiliter
828 4342 907 4402 istius
916 4336 1007 4402 Eiberi
1020 4356 1169 4418 cognomen
1184 4359 1192 4399 ι
1207 4342 1360 4418 germanico
1374 4339 1423 4400 dtr
1435 4341 1523 4416 Losp.
