4298 5898
559 483 621 547 116
1064 487 1279 549 salutaret
1306 487 1479 550 sttcottbt
1791 491 1872 568 [1110.
1891 491 1978 554 1221

562 620 794 694 Castaliarauo
806 643 886 695 cum
898 635 1009 713 curte,
1026 625 1194 720 capellam
1209 623 1255 698 de
1267 623 1401 699 llodilia
1414 647 1494 698 cum
1507 626 1582 699 suis
1594 625 1824 722 pertinentiis,
1840 627 1977 723 plebem

561 743 607 819 de
626 747 765 838 Tuauo,
787 747 924 842 plebem
949 748 1064 822 Sancti
1089 748 1210 822 vitalis
1232 750 1277 824 de
1296 750 1485 843 Verabulo,
1509 760 1641 826 curwrn
1662 751 1708 825 de
1724 751 1873 824 11000110
1894 775 1974 824 cnm

560 868 680 965 plebe,
699 870 867 967 capeliam
891 871 936 945 de
956 869 1131 966 Vellouio,
1151 873 1288 968 plebem
1307 873 1353 948 de
1368 876 1568 968 1100000010,
1588 877 1707 949 villam
1731 875 1849 948 etiam.
1880 930 1890 948 .
1923 931 1932 946 .
1963 931 1972 948 .

562 1049 570 1064 .
603 1049 611 1066 .
644 1049 652 1066 .
678 995 851 1070 Fraularia
870 1007 906 1070 et
922 998 1064 1072 Nassete
1086 1008 1122 1072 et
1137 999 1254 1071 rivum
1273 997 1416 1092 diluvii,
1438 1010 1588 1074 montem
1607 1001 1753 1096 insuper
1771 1001 1974 1094 0011100010

558 1119 697 1209 dicitur,
712 1121 923 1194 curticellam
937 1143 1008 1217 que
1021 1124 1138 1196 Bellali
1152 1123 1294 1214 dicitur,
1308 1125 1480 1219 precarias
1489 1147 1559 1218 que
1568 1133 1650 1198 sunt
1662 1126 1700 1196 in
1710 1123 1879 1198 Pidiliauo
1890 1147 1973 1198 cum

559 1244 702 1318 eeclesia
717 1246 833 1318 Sancti
847 1247 1019 1343 Prosperi,
1039 1249 1175 1344 plebem
1192 1249 1238 1323 de
1253 1250 1389 1340 lezulo,
1407 1249 1525 1345 plebes
1537 1250 1583 1324 de
1593 1250 1770 1342 Pujanello
1781 1259 1817 1322 et
1828 1249 1973 1322 Bibiano

560 1391 601 1443 ao
614 1369 806 1462 Caviliauo,
821 1381 953 1446 curtem
963 1373 1009 1447 de
1017 1373 1163 1446 Albiuea
1177 1396 1257 1446 cum
1271 1371 1384 1470 plebe,
1396 1375 1573 1447 castelium
1587 1375 1633 1448 de
1646 1375 1826 1465 Quarzoln,
1841 1384 1972 1446 curtem

558 1494 605 1568 de
617 1496 833 1570 llunoosisuli
845 1519 925 1570 cum
941 1498 1043 1590 silva,
1058 1498 1193 1593 plebem
1211 1497 1461 1586 «101101101000,Ι
1477 1509 1609 1572 curtem
1621 1497 1666 1572 de
1682 1500 1829 1588 blarore,
1847 1509 1972 1572 ter-sn

557 1629 689 1715 quaest
702 1621 739 1692 in
753 1623 889 1695 Feraria
900 1633 934 1696 et
949 1623 986 1694 in
999 1622 1202 1717 Cugumauo
1216 1633 1252 1696 et
1266 1623 1302 1695 iu
1317 1625 1400 1696 Vico
1411 1625 1559 1696 Variana
1572 1635 1607 1698 et
1617 1624 1653 1695 iu
1664 1623 1803 1696 castello
1814 1622 1972 1696 Comaclo

559 1746 652 1818 intus
666 1755 701 1818 et
715 1745 843 1820 doloris
857 1769 937 1820 cum
951 1747 1083 1839 saliuis,
1097 1759 1204 1820 terras
1218 1769 1298 1820 cunr
1312 1747 1414 1821 olivis
1417 1801 1669 1820 .......
1687 1747 1971 1840 rrniversagnrdn

560 1879 740 1962 terrarum,
758 1871 793 1942 iu
812 1871 952 1945 civitate
970 1873 1074 1969 Papia
1092 1872 1226 1946 tabulas
1240 1872 1492 1966 quinquaginta
1509 1873 1598 1945 duas
1612 1881 1647 1944 01
1659 1883 1757 1945 extra
1773 1881 1910 1967 pratum
1924 1870 1969 1944 de

560 1993 689 2066 Wacile
706 1994 861 2089 aliasque
885 2007 998 2068 curtos
1021 2008 1054 2070 et
1073 1997 1192 2092 plebes
1208 2019 1288 2070 cum
1307 1997 1470 2070 omuibus
1488 1997 1586 2070 terris
1609 2007 1644 2070 ot
1660 1997 1754 2068 omni
1773 1995 1967 2090 integritate

560 2119 708 2190 curtium
730 2119 962 2214 predictarum
982 2133 1017 2194 ot
1031 2121 1207 2217 plebium3
1226 2143 1296 2194 nna
1319 2125 1429 2211 [cum]
1453 2121 1647 2216 capellada
1668 2122 1770 2194 Sosso
1785 2119 1915 2216 (Sisso)
1932 2128 1966 2192 et

558 2243 633 2334 eius
651 2245 813 2318 omnibus
833 2245 1065 2341 pertinentiis,
1091 2269 1171 2319 cum
1194 2248 1269 2319 lacu
1295 2246 1399 2320 etiam
1422 2245 1485 2340 qui
1509 2246 1593 2318 Vico
1617 2245 1762 2330 dicitur,
1788 2266 1869 2317 cum
1891 2243 1966 2316 loeo

556 2368 698 2463 insuper
712 2370 774 2464 qui
793 2369 984 2444 Caldevasa
1000 2371 1196 2445 nominatur
1213 2371 1444 2465 omnibusque
1461 2370 1567 2443 rebus
1585 2369 1772 2442 mobilibus
1792 2379 1827 2440 et
1843 2368 1965 2440 immo-

555 2492 685 2566 bilibus
702 2494 737 2564 in
755 2495 1001 2589 prenominatis
1019 2497 1104 2568 locis
1122 2495 1385 2590 pertinentibus,
1406 2502 1445 2567 ut
1461 2495 1629 2590 prelibata
1648 2493 1795 2566 ecclesia
1814 2491 1966 2588 predicta

553 2617 671 2690 omnia
689 2618 764 2690 loca
783 2641 864 2692 oum
881 2620 1043 2692 omnibus
1063 2619 1100 2690 in
1119 2619 1293 2714 integrum
1315 2639 1433 2692 earum
1457 2619 1669 2715 pertinentiis
1690 2619 1831 2706 habeat,
1854 2625 1966 2690 teneat

551 2753 586 2814 et
615 2743 651 2812 in
678 2752 834 2815 eternum
855 2742 996 2816 firmiter
1013 2744 1203 2839 possideat,
1226 2742 1382 2816 omnium
1404 2743 1583 2816 homiuum
1612 2741 1884 2816 contradictione
1903 2763 1963 2814 re-

551 2876 657 2939 mota.
675 2865 923 2940 confirmamus
939 2866 1043 2940 etiam
1061 2867 1175 2942 eidem
1191 2866 1332 2941 ecclesie
1349 2887 1409 2962 per
1422 2867 1603 2962 privilegia
1617 2864 1816 2962 supradicta
1831 2875 1960 2938 curtem

550 3010 655 3061 uuam
678 2992 712 3062 in
739 2991 901 3064 comitatu
929 3003 964 3064 et
990 2992 1189 3087 episcopatu
1209 2992 1340 3086 Regino
1361 3007 1440 3085 qne·
1453 2991 1581 3064 dicitur
1595 2991 1701 3064 curtis
1719 2992 1837 3082 Nova,
1855 3011 1961 3084 quam

550 3115 670 3187 Petrus
694 3116 871 3209 quondam
893 3117 1045 3208 Reginus
1066 3117 1251 3212 episcopus
1271 3117 1420 3189 obtinuit
1444 3118 1490 3190 ab
1518 3117 1644 3191 abbate
1665 3116 1781 3190 Sancti
1804 3115 1895 3186 Sinti
1919 3112 1963 3186 de

547 3239 737 3331 Placentia,
758 3251 793 3312 et
811 3241 1021 3314 curticellam
1038 3239 1227 3335 quamdam
1243 3264 1313 3336 que
1335 3242 1425 3316 Cella
1443 3239 1569 3314 dicitnr
1585 3241 1686 3313 sitam
1705 3241 1743 3311 iu
1762 3240 1962 3334 episcopatu

546 3364 705 3458 Regiensi
717 3365 805 3438 inter
817 3366 962 3461 Regium
976 3375 1012 3439 et
1022 3367 1179 3439 Parmam
1191 3393 1200 3454 3
1215 3377 1452 3440 concesserant
1462 3385 1604 3460 quoque
1615 3364 1731 3436 eidem
1743 3363 1891 3436 ecclesie
1904 3383 1961 3456 per

545 3489 668 3562 eadem
683 3488 864 3584 privilegia
877 3498 912 3562 et
923 3493 998 3584 ejus
1018 3490 1155 3562 vicariis
1168 3490 1229 3583 qni
1239 3512 1301 3585 pro
1311 3498 1464 3585 tempore
1473 3490 1601 3562 luerint
1610 3498 1649 3560 ut
1658 3509 1779 3560 eorum
1791 3487 1959 3582 imperiali

544 3613 744 3686 auctoritate
755 3614 830 3685 lulti
841 3613 1201 3708 habeautpotestatem
1211 3615 1361 3704 castella,
1370 3613 1592 3704 munitiones,
1603 3622 1736 3707 portus,
1746 3612 1956 3700 molendina,

543 3743 578 3807 et
590 3736 760 3831 quicquid
770 3737 821 3810 eis
830 3739 964 3829 justum
975 3738 1089 3810 visum
1104 3737 1208 3810 suerit
1220 3759 1325 3833 super
1336 3736 1491 3833 predicta
1504 3737 1579 3810 loca
1590 3747 1624 3810 et
1636 3759 1747 3830 aquas
1761 3743 1957 3808 construere

543 3858 588 3932 de
611 3871 703 3935 certa
720 3863 890 3957 precaria,
912 3862 1214 3954 commutationes,
1234 3861 1401 3934 libellaria
1417 3883 1438 3934 a
1454 3862 1695 3936 decessoribus
1711 3861 1885 3957 episcopis
1900 3860 1956 3930 in-

536 3987 630 4077 juste
643 3997 678 4059 et
693 3985 888 4060 inordinate
905 3988 994 4060 lacta
1014 3988 1171 4081 frangere
1186 3995 1221 4059 et
1238 3989 1310 4059 ileo
1330 3986 1456 4081 placite
1475 3987 1591 4060 omnia
1609 3985 1782 4059 ordinare.
1802 3984 1957 4060 Addide-

540 4122 622 4182 runt
640 4109 792 4204 deuique
812 4111 966 4206 predicte
987 4111 1154 4184 sanctioni
1174 4131 1294 4184 eorum
1312 4111 1462 4184 utnulla
1481 4111 1684 4206 prescriptio
1702 4109 1801 4182 XXX
1823 4109 1881 4182 vel
1901 4109 1957 4180 XL

541 4256 710 4308 annorum
723 4235 780 4309 vel
797 4235 901 4308 etiam
916 4243 1052 4332 tempus
1070 4245 1208 4307 centum
1225 4254 1395 4308 annorum
1412 4235 1557 4308 eeclesia
1570 4233 1769 4329 supradicte
1781 4233 1839 4306 rel
1855 4232 1956 4306 alicui

542 4358 667 4431 actioni
682 4359 749 4457 ipsi
765 4359 909 4432 ecclesie
922 4359 1128 4454 competenti
1144 4369 1275 4432 noceat.
1288 4359 1331 4430 Et
1348 4358 1443 4432 idem
1462 4359 1639 4450 {legiensis
1654 4359 1842 4454 episcopus
1857 4357 1956 4430 celsi·

544 4482 657 4556 tudini
672 4493 787 4557 nostre
805 4483 981 4557 humiliter
998 4483 1206 4578 supplicavit
1222 4491 1259 4555 ut
1274 4503 1316 4556 ea
1330 4484 1449 4557 omnia
1468 4504 1539 4578 que
1558 4483 1719 4578 superius
1738 4481 1956 4554 continentur

545 4606 611 4698 ipsi
630 4607 785 4699 Regiensi
810 4609 953 4682 ecclesie
973 4607 1175 4680 confirmare
1193 4615 1308 4680 nostra
1328 4609 1494 4682 serenitas
1514 4607 1728 4702 dignaretur.
1750 4607 1822 4680 Nos
1841 4606 1956 4698 itaque
