4298 5898
209 591 307 654 lmen.
326 587 387 672 le]
656 585 853 664 tttsnottln
878 578 1172 647 nrrtottnntcn
1561 567 1622 634 465

207 747 345 822 semper
368 731 484 796 nostru
510 721 709 798 defensione
735 722 996 800 essevolumus
1021 727 1139 794 contra
1160 713 1267 790 noxia
1293 731 1431 810 queque
1453 681 1616 782 firmatus.

209 849 425 928 Preeenn'nm
445 847 553 944 igitur
569 856 685 922 tenore
703 857 824 924 notum
840 848 886 922 sit
912 847 1013 921 vobis
1029 843 1126 942 qnod
1150 841 1263 918 tidelis
1280 847 1397 914 noster
1415 834 1622 908 Willielmns

209 975 319 1050 abbas
331 972 596 1068 Montismajoris
609 972 655 1049 nd
671 975 881 1071 presentiam
894 981 1047 1047 nostram
1060 969 1207 1044 veniens
1219 988 1283 1040 sna
1298 959 1494 1038 celsitudini
1506 967 1622 1032 nostre

208 1098 457 1194 conquestione
470 1094 675 1169 monstravit
686 1095 834 1190 qualiter
851 1094 1057 1168 willielmus
1079 1094 1125 1168 de
1153 1092 1308 1166 Subrano
1336 1108 1450 1162 comos
1477 1084 1622 1158 Folcnr-

210 1221 373 1294 cnriensis
389 1219 533 1294 ecclesie
550 1239 614 1292 sue
630 1219 757 1293 demna
777 1217 931 1293 anomia
947 1217 1123 1313 irrogans,
1146 1217 1262 1314 ipsum
1282 1223 1318 1288 et
1333 1211 1519 1287 monachos
1540 1228 1623 1281 snos

210 1344 327 1418 multis
351 1343 628 1442 possessionibus
656 1343 836 1440 spoliavit,
864 1341 1008 1438 insuper
1031 1352 1066 1415 et
1093 1350 1242 1414 castrum
1266 1360 1308 1412 ac
1332 1338 1450 1410 villum
1477 1331 1623 1408 Pertusii

212 1470 427 1564 invasitque
448 1469 495 1542 ad
513 1467 644 1542 dictum
662 1469 909 1543 monasterium
930 1469 1090 1565 pertinet,
1113 1469 1161 1540 ita
1181 1476 1220 1539 nt
1235 1486 1300 1539 nec
1316 1466 1389 1562 ipse
1410 1483 1476 1535 neo
1496 1459 1623 1554 aliquis

211 1594 494 1668 monachoruma
513 1603 663 1688 quatuor
680 1603 716 1667 et
738 1593 888 1690 amplius
907 1592 1010 1666 annis
1030 1592 1160 1666 ibidem
1177 1592 1225 1665 ad
1247 1588 1458 1664 manendum
1483 1596 1519 1662 et
1542 1607 1623 1659 scr-

212 1719 379 1792 viendnm
405 1721 478 1793 Deo
498 1719 626 1793 audent
653 1741 835 1815 apparere3
860 1727 895 1792 et
918 1718 998 1791 licet
1019 1740 1080 1814 per
1103 1718 1301 1812 Aquensem
1326 1713 1622 1809 archiepiscopum

210 1845 365 1937 ejusdem
390 1843 614 1918 diocesannm
636 1842 1003 1918 excommunicationis
1024 1844 1192 1915 sententia
1215 1839 1316 1914 luerit
1338 1847 1478 1936 propter
1497 1835 1564 1909 hoc
1586 1835 1623 1908 in

211 1989 292 2042 eum
315 1969 386 2042 lata
406 1977 442 2042 et
460 1967 633 2064 pontificis
652 1967 797 2042 Romani
818 1966 1019 2042 auctoritate
1038 1978 1224 2063 nostroque
1243 1969 1344 2060 jussu
1367 1961 1568 2038 confirmata
1584 1984 1626 2036 ac

212 2092 428 2188 promulgata
454 2093 500 2167 ab
525 2091 716 2167 Arelatensi
745 2093 1003 2191 archiepiscopo
1029 2107 1064 2166 et
1088 2092 1250 2189 episcopo
1277 2089 1522 2182 Cavallicensi‚
1551 2089 1626 2184 ipse

214 2215 457 2290 nichilominus
480 2217 518 2290 in
536 2225 770 2315 contemptum
784 2219 848 2291 Dei
866 2219 1011 2293 ecclesie
1024 2229 1059 2292 et
1078 2217 1213 2314 imperii
1239 2215 1347 2290 nostri
1372 2215 1486 2290 eidem
1508 2215 1624 2290 abbati

212 2349 248 2416 et
269 2341 414 2415 ecclesie
432 2341 468 2415 in
495 2344 590 2416 nullo
613 2343 827 2417 satisfaciens
850 2343 887 2415 in
909 2365 973 2417 sna
989 2343 1176 2417 execrabili
1198 2343 1386 2439 pertinacia
1410 2353 1625 2436 permaneat

213 2466 353 2561 Propter
372 2464 437 2538 hoc
451 2467 606 2562 prelatus
617 2467 825 2542 venerabilis
841 2467 963 2560 abbas,
985 2469 1022 2540 in
1045 2469 1216 2563 presentia
1234 2467 1487 2541 uenerabilium
1505 2464 1624 2540 Silridi

213 2589 498 2684 Moguutinensis‚
518 2591 658 2664 loannis
673 2589 906 2666 tununensis
924 2592 1304 2689 [archiepiscoporum],
1324 2590 1456 2664 Alberti
1473 2589 1625 2664 Triden-

214 2713 291 2806 tini,
310 2715 467 2808 Hugonis
486 2716 706 2805 Loodiensis,
732 2717 870 2792 Hennci
895 2717 1093 2792 Besiliensis
1112 2729 1148 2791 et
1168 2715 1258 2792 Petri
1279 2715 1525 2792 Ariniouensis
1546 2718 1626 2815 epi-

214 2859 397 2935 scoporum
415 2848 450 2912 et
468 2840 613 2915 aliorum
634 2843 894 2939 quamplurium
918 2853 989 2918 tam
1009 2843 1145 2940 imperii
1162 2865 1268 2939 quum
1290 2843 1388 2938 regni
1410 2853 1622 2938 magnatum,

215 2964 418 3038 excellentie
454 2975 570 3040 nostre
596 2967 771 3042 humiliter
805 2969 1015 3065 supplicavit
1050 2979 1089 3041 ut
1116 2968 1213 3064 qnod
1238 2975 1343 3042 restat
1371 2967 1418 3042 ad
1432 2968 1626 3064 ›imper-iate

214 3087 366 3160 officium
385 3089 514 3164 exinde
539 3091 763 3186 dignaremur
784 3094 959 3190 prosequi.
980 3094 1141 3168 Nolentes
1163 3093 1270 3188 igitur
1289 3101 1328 3166 ut
1350 3115 1412 3189 per
1426 3093 1625 3168 violentiam

216 3211 338 3306 prelati
362 3213 495 3286 comitis
517 3213 631 3287 eidem
650 3216 766 3289 abbati
786 3226 822 3291 et
839 3217 983 3292 ecclesie
1002 3217 1112 3314 ipsius
1137 3218 1282 3292 ulterius
1304 3219 1533 3315 prejudicium
1552 3217 1624 3310 fiat,

216 3333 345 3408 litteras
356 3337 428 3428 jam
444 3360 549 3436 snper
567 3339 623 3412 his
640 3340 740 3414 datus
758 3339 810 3438 (t)
828 3340 875 3414 ad
892 3341 1034 3416 eosdem
1051 3340 1284 3418 Arelatensem
1302 3353 1337 3416 et
1359 3343 1627 3418 Cavallicensem

218 3459 396 3558 episcopos
433 3461 507 3560 (⁰)
546 3464 787 3542 confirmantes
815 3468 1044 3560 innovamns3
1069 3479 1105 3542 et
1135 3469 1276 3566 insuper
1304 3468 1519 3543 attendentes
1549 3491 1627 3566 per·

217 3605 351 3657 versam
375 3585 460 3659 dicti
481 3589 616 3664 comitis
642 3594 914 3688 contumaciam,
936 3589 1049 3694 [qnia]
1072 3595 1119 3670 ad
1142 3595 1339 3690 petitionem
1362 3595 1487 3691 prelati
1511 3595 1628 3670 dioce-

216 3709 292 3780 seni
308 3711 462 3810 episcopi
485 3735 623 3788 omnem
646 3738 827 3792 censuram
844 3719 1110 3793 ecclesiasticam
1128 3720 1315 3817 postposito
1337 3721 1399 3792 Dei
1418 3719 1541 3795 timore
1555 3721 1631 3818 ipse

217 3853 332 3906 comes
354 3834 489 3909 tamdiu
508 3849 729 3915 contemnens
747 3843 793 3916 ab
815 3842 1032 3918 infestatione
1054 3843 1211 3937 ejusdem
1229 3844 1364 3917 cenobii
1387 3866 1456 3917 non
1481 3843 1628 3936 desistit,

218 3977 297 4029 cnm
312 3957 480 4032 absonum
499 3962 544 4036 sit
564 3963 710 4061 imperio
733 3976 849 4040 nostro
866 3977 938 4040 tam
952 3989 1111 4042 enormes
1131 3969 1286 4043 ecclesiis
1308 3969 1451 4064 irrugari
1473 3971 1628 4062 iujurias,

216 4103 305 4176 quas
327 4104 374 4156 ex
390 4086 511 4160 collata
529 4089 631 4162 uobis
652 4091 867 4187 plenitudine
890 4093 1068 4189 potestatis
1087 4092 1267 4167 delemme
1284 4103 1320 4168 et
1340 4095 1456 4166 lovere
1473 4105 1632 4166 tenemur

218 4207 380 4280 omnibus
406 4211 539 4305 modis,
568 4213 763 4309 predictum
785 4217 944 4290 comitem
972 4216 1217 4290 sententialiter
1241 4217 1471 4314 proscriptum
1494 4217 1631 4290 (lenun-

219 4329 351 4405 oiamus
364 4341 400 4406 et
414 4333 505 4407 sicut
523 4341 752 4438 proscriptum
769 4343 815 4416 ab
828 4343 990 4416 omnibus
1010 4341 1133 4417 evitari
1153 4340 1372 4438 mandamus.
1393 4341 1548 4416 Preterea
1563 4365 1632 4416 ve-

219 4455 430 4530 nerabilibus
447 4460 713 4561 archiepiscopis
727 4463 917 4540 Arelatensi
939 4477 975 4541 et
988 4465 1156 4564 Aquensi,
1177 4477 1212 4540 et
1223 4467 1463 4557 Gavallioensi‚
1482 4466 1632 4542 Arenio·

258 4727 298 4804 (t)
317 4731 378 4792 viu.
395 4749 486 4809 supra,
501 4753 530 4811 p.
544 4739 596 4796 tlt
610 4743 639 4797 et
652 4757 682 4816 p.
698 4743 759 4800 tao.

318 4831 362 4895 Π,
1440 4851 1478 4907 tt
