4296 5898
543 603 603 665 208
1048 605 1261 670 vnlnnnlcl
1288 609 1461 672 succum
1772 619 1853 698 [44444.
1872 624 1955 688 1221.

545 739 670 812 inlerre
688 750 875 836 presumat.
898 742 1002 830 Quod
1027 743 1238 840 quicumque
1255 749 1502 844 presumpserit
1523 751 1610 824 sciat
1634 773 1672 825 sa
1689 753 1956 849 indignationem

544 865 651 936 nostri
676 866 836 940 culminis
857 867 1091 942 incursurum.
1110 869 1166 943 dd
1194 869 1299 966 hujus
1321 871 1438 967 itaque
1462 876 1685 970 protectionis
1703 887 1739 952 et
1761 881 1895 957 indulte
1917 885 1956 958 li·

543 989 685 1064 bertatis
706 993 906 1066 memoriam
926 1015 1069 1089 presens
1093 992 1259 1091 scriptum
1281 997 1348 1070 slbi
1366 995 1441 1070 lieri
1463 1000 1607 1073 lecimus
1624 1001 1727 1098 sigilli
1747 1009 1853 1080 nostri
1875 1033 1955 1081 mu-

544 1115 676 1190 nimine
691 1119 901 1192 roboratum.

591 1243 676 1315 Data
696 1243 732 1315 in
754 1245 840 1318 urbe
854 1243 945 1318 felici
959 1246 1137 1340 Panormi,
1159 1246 1324 1322 vicesimo
1342 1247 1464 1344 quinto
1487 1252 1614 1326 mensis
1632 1253 1799 1347 octobris,
1820 1255 1952 1334 (4004444

542 1367 740 1443 indictione.

782 1631 885 1642 ..n—..-
895 1631 980 1642 ‹ntnun
988 1633 1022 1642 u·-
1029 1634 1062 1640 --n
1069 1633 1724 1648 *anfi-ammam

385 1965 412 1998 0¹
465 1967 475 1998 r
594 1933 779 2046 Rogerius
805 1935 964 2020 Attavus
990 1935 1197 2048 imperialis
1213 1919 1441 2050 justitiarius
1469 1937 1666 2022 Calabriae
1688 1937 1867 2051 judiciale
1888 1940 1953 2022 in-

542 2077 795 2154 strumentum
822 2071 943 2183 redigi
975 2070 1065 2155 44044
1094 2097 1207 2182 snper
1233 2071 1454 2183 quaestione
1481 2098 1581 2182 quae
1611 2073 1825 2158 vertebatur
1854 2076 1949 2158 inter

541 2205 814 2289 monasterium
847 2205 975 2289 Sancti
1007 2205 1188 2317 Stephani
1219 2207 1268 2290 de
1299 2207 1460 2292 Nemore
1486 2215 1525 2291 et
1549 2207 1712 2292 villanos
1739 2209 1946 2312 Mentabri,

540 2339 734 2446 drunchi,
761 2341 993 2450 Gasparinae
1019 2349 1057 2424 et
1080 2341 1256 2447 Olviani,
1279 2341 1320 2423 in
1347 2368 1425 2451 quo
1451 2339 1569 2424 totius
1594 2341 1672 2424 litis
1698 2342 1813 2427 series
1831 2343 1892 2456 (l)
1914 2357 1950 2427 et

538 2475 759 2558 eorumdem
778 2475 1008 2559 villanorum
1027 2474 1293 2559 condemnatio
1311 2475 1544 2558 inseruntur.

617 2719 745 2799 (44444444.
760 2721 904 2800 Tenum,
918 2721 1019 2782 Statio
1029 2716 1151 2782 delord.
1164 2720 1431 2795 Certationem.
1449 2722 1487 2794 V,
1498 2718 1622 2798 append.
1637 2727 1670 2779 n·
1684 2719 1825 2794 LxxV1;
1842 2721 1946 2782 rectius

656 2835 754 2890 444444
767 2829 894 2890 Vassis
906 2829 1097 2904 Maccruccn,
1112 2829 1217 2890 44404440
1230 2825 1303 2889 delle
1314 2834 1434 2890 00444440
1446 2835 1525 2890 corle
1538 2825 1571 2888 di
1582 2827 1615 2888 S.
1632 2825 1780 2908 septam
1791 2825 1840 2888 dcl
1851 2829 1944 2903 440440,

655 2937 783 3015 append.
803 2946 836 2998 4ο
855 2936 967 3010 xxul,
981 2953 1019 2998 ex
1033 2937 1107 3001 (lod.
1122 2940 1170 3000 cul
1182 2937 1288 3000 44444444
1307 2955 1316 2998 4
1335 2933 1402 3000 Atti
1419 2944 1467 2999 tra
1483 2931 1664 2998 commod
1682 2954 1698 2996 0
1715 2933 1852 2998 04440άί444·
1872 2931 1946 2996 della

654 3051 734 3106 terra
747 3045 778 3105 di
790 3046 821 3107 S.
833 3043 954 3128 Stefana
966 3043 998 3106 di
1010 3047 1098 3106 Boreo
1110 3063 1125 3105 c
1138 3044 1199 3106 414.
1218 3047 1251 3106 Ρ.
1271 3045 1423 3121 Certatim,
1435 3045 1488 3108 lol.
1505 3052 1646 3106 tto-³4⁴.
1662 3043 1719 3106 Sed
1732 3047 1788 3106 istc
1798 3047 1864 3107 elne
1876 3061 1941 3122 pm-

655 3151 1428 3231 mnrneuunumnujusruussnemnunum
1441 3149 1585 3230 444444)
2008 3131 2009 3134 ‘

582 3369 620 3440 ln
639 3369 777 3442 nomine
793 3377 910 3442 sancte
927 3379 962 3443 et
979 3368 1164 3444 individue
1179 3368 1364 3442 Trinitatis.
1382 3369 1510 3441 Amen.
1529 3367 1632 3441 Anno
1647 3366 1693 3440 ab
1709 3366 1943 3440 incarnatione

507 3535 511 3542 ·
533 3494 669 3566 Domini
695 3493 876 3568 millesimo
898 3493 1135 3569 ducentesimo
1159 3493 1326 3567 vicesimo
1348 3493 1482 3590 primo,
1503 3514 1621 3566 meuse
1642 3491 1858 3584 novembris,
1878 3490 1943 3564 de·

533 3620 621 3692 sime
640 3617 857 3712 indictionis,
882 3619 1072 3715 imperante
1091 3618 1232 3693 domino
1252 3629 1369 3692 nostro
1387 3617 1552 3692 Federioo
1568 3618 1631 3692 Dei
1650 3617 1759 3711 gratia
1781 3617 1942 3690 illustris-

565 3985 600 4059 (4)
618 3987 726 4044 Scilicet
738 3986 890 4044 introducta
902 3985 1060 4043 villanorum
1071 3983 1187 4058 44444444,
1201 3981 1341 4042 4440044444
1353 3983 1449 4040 martio
1463 3985 1545 4042 latr.

562 4086 681 4143 Primum
693 4085 832 4160 imperiale
845 4083 1010 4155 mandalum,
1022 4085 1159 4142 llemanae
1171 4087 1186 4140 4
1196 4082 1265 4156 julil.

562 4185 607 4242 Lis
621 4184 762 4258 Syracusis
775 4183 874 4258 agitata
891 4189 920 4240 et
936 4182 1067 4240 4444404444
1084 4181 1187 4257 prolata
1204 4180 1239 4238 ab
1261 4180 1463 4254 archiepiscopo
1476 4177 1577 4252 llsgino
1593 4183 1623 4236 et
1632 4175 1779 4250 justitiario
1792 4175 1935 4242 Calabriae,

527 4282 636 4359 Gyracii
649 4287 683 4342 20
698 4281 812 4356 augrrsti.
1217 4355 1220 4364 .

560 4381 604 4437 Lis
615 4379 730 4439 denuoa
744 4381 906 4438 monasterio
919 4379 1048 4438 intentata
1060 4378 1131 4451 apud
1142 4377 1284 4452 Tropesm.

560 4479 713 4536 &cundum
726 4479 863 4553 imperiale
875 4479 1042 4546 mandatum,
1055 4477 1126 4551 apud
1141 4477 1304 4551 Trepunum,
1316 4479 1352 4535 44
1364 4475 1537 4548 septembris.

561 4575 646 4634 Causa
658 4593 749 4634 coram
759 4577 902 4650 justitiario
919 4576 1011 4634 audita
1028 4575 1117 4650 primo
1130 4575 1203 4650 apud
1216 4574 1408 4632 monesterium
1422 4572 1514 4630 Sancti
1527 4570 1668 4647 Stephani,
1683 4570 1756 4630 trel
1775 4573 1793 4628 4
1810 4569 1936 4639 octobris,

524 4675 645 4733 secundo
657 4674 728 4750 apud
741 4675 903 4747 Nicotsram,
919 4679 952 4733 44
967 4674 1099 4744 octobris,
1115 4674 1162 4731 ubi
1175 4673 1314 4731 diffinitiva
1325 4672 1459 4747 profertur
1472 4669 1615 4730 4044444444.

561 4773 687 4832 lledactio
699 4773 783 4832 totius
793 4774 961 4832 instrumenti
977 4774 1087 4832 ineunte
1100 4771 1249 4830 novembri.
