4292 5894
204 617 302 678 lrnrc.
320 611 381 696 ll]
657 607 855 671 fllsrolttll
880 606 1173 670 brrlotlllrlca
1564 608 1625 674 385

199 749 371 846 quianon
388 746 560 843 reciperes
577 744 712 840 aliquos
729 767 794 820 nec
812 745 918 843 recipi
933 744 1121 820 sustineres
1137 766 1159 816 a
1173 741 1275 818 nobis
1290 741 1337 818 ad
1351 743 1445 842 ipsae
1459 743 1622 818 ecclesias

201 873 405 948 destInatos.
415 870 574 964 Denique
586 869 773 944 nostrisest
788 870 932 945 auribus
944 869 1165 967 postmodum
1180 868 1376 942 intimatum
1390 876 1425 942 te
1434 869 1619 965 Capuanis,

202 995 425 1072 Salamitanis
448 1002 484 1068 et
502 992 715 1068 Adversaris
737 993 880 1070 firmiter
899 995 1122 1070 mandavisse
1142 1003 1183 1067 ut
1198 995 1229 1068 si
1245 994 1331 1068 alios
1344 1015 1452 1090 quam
1472 1004 1544 1068 ata
1560 1017 1622 1069 no·

203 1122 353 1196 minutos
366 1119 415 1195 ad
435 1118 600 1194 ecclesias
621 1118 819 1192 miserimus
836 1120 1051 1212 eorumdem,
1074 1118 1142 1216 ipsi
1164 1119 1361 1194 nullatcnus
1382 1117 1620 1212 admittantur,

202 1245 268 1322 sed
285 1255 383 1342 porte
397 1265 467 1318 non
486 1245 599 1318 solum
611 1243 850 1338 ecclesiarum,
868 1243 932 1320 sed
946 1244 1052 1318 etiam
1067 1243 1247 1317 civitatum
1260 1243 1463 1318 obserentur
1475 1243 1620 1318 eisdem.

203 1371 281 1457 Qus
298 1391 381 1444 vera
406 1369 469 1443 vix
494 1389 571 1442 esse
591 1368 786 1461 credimus,
809 1378 845 1444 et
866 1369 897 1443 si
917 1390 1003 1444 vera
1024 1377 1122 1461 sunt,
1144 1377 1204 1442 tua
1222 1368 1483 1465 circumspectio
1505 1367 1625 1444 uldeat

204 1503 322 1568 uuum
342 1502 377 1568 te
397 1491 518 1568 deceat
538 1492 620 1567 talia
642 1495 754 1566 lacere
778 1503 942 1568 utrumve
962 1494 1150 1593 apostoliea
1164 1492 1272 1568 Sedes
1289 1493 1370 1568 talia
1392 1491 1518 1568 debeat
1538 1495 1624 1568 tole·

206 1640 294 1694 rare.
309 1620 400 1694 Sane
421 1639 491 1692 non
504 1618 588 1692 eatis
605 1639 703 1708 sano,
722 1628 761 1692 ut
777 1641 858 1693 cum
877 1630 936 1693 tua
952 1641 1038 1716 pecs
1051 1620 1247 1714 loquamur,
1266 1618 1362 1690 luisti
1379 1639 1464 1692 usus
1479 1619 1635 1694 consilio-

205 1743 334 1818 sitalia
350 1743 421 1818 dici
439 1744 497 1819 vel
517 1742 590 1818 lieri
611 1741 842 1838 mandavisti,
856 1744 941 1839 quia
959 1744 1011 1818 sic
1031 1743 1125 1818 IvIsti
1140 1741 1261 1817 dicens
1278 1751 1331 1833 te,
1348 1742 1446 1838 quod
1463 1765 1534 1818 non
1552 1765 1625 1818 cre-

205 1868 341 1963 dimus,
361 1890 437 1943 ssss
458 1877 617 1965 paratum
639 1876 674 1942 et
700 1877 898 1966 promptum
919 1867 967 1942 ad
989 1865 1224 1963 rumpendum
1244 1866 1333 1940 inter
1354 1888 1417 1941 nos
1439 1876 1474 1941 et
1494 1878 1528 1942 ta
1547 1869 1625 1942 vin·

205 1995 325 2068 culum
343 1993 494 2068 cantatis
517 1991 584 2090 (t).
603 1991 848 2068 Desideramua
869 1992 976 2082 enim,
995 1991 1044 2064 lili
1063 1991 1256 2086 karissime,
1279 1999 1319 2064 ut
1338 1991 1433 2066 omni
1454 2001 1622 2090 tempore,

206 2119 360 2194 maxime
372 2118 560 2209 nostro,sit
572 2117 705 2192 intarta
718 2119 950 2204 etllomanam
963 2116 1152 2190 Ecclesiam
1165 2115 1265 2190 firma
1277 2125 1313 2190 et
1324 2116 1458 2192 sincera
1470 2117 1622 2210 dilectio,

206 2244 289 2340 quia
307 2243 346 2318 id
359 2265 436 2318 esse
449 2242 516 2340 ipsi
529 2243 675 2317 ecclesie
694 2242 781 2316 utile
792 2251 827 2316 et
844 2243 906 2315 tibi
919 2264 961 2316 ac
977 2243 1037 2315 toti
1051 2241 1290 2316 christianitati
1304 2242 1545 2337 cognoscimus
1562 2267 1626 2318 ex·

207 2368 341 2466 pedire,
357 2391 423 2444 nec
439 2368 628 2465 quIcquam
644 2367 797 2442 amarius
811 2368 910 2441 facile
925 2366 1025 2441 nobis
1038 2376 1156 2464 posset
1168 2366 1327 2440 accidere
1339 2389 1445 2463 quam
1456 2367 1486 2440 si
1497 2377 1626 2444 statum

208 2503 320 2586 tuum,
334 2515 439 2590 quem
456 2493 566 2566 multa
581 2515 665 2566 cura
678 2513 882 2591 promovere
895 2491 1106 2584 studuImue,
1117 2513 1321 2586 cogeremur
1335 2499 1396 2565 aut
1408 2494 1623 2590 perturbare,

206 2617 304 2715 quud
315 2617 418 2710 absit,
432 2626 493 2691 aut
506 2616 700 2714 perturbari
710 2617 756 2691 ab
768 2617 858 2707 aliis,
871 2615 970 2690 illum
982 2617 1010 2690 si
1026 2615 1089 2688 tibi
1103 2617 1256 2690 levorem
1267 2617 1492 2714 apostolicum
1503 2618 1627 2696 deesse

209 2751 455 2839 cognoscerent
466 2743 671 2840 perturbare
687 2742 834 2839 paratis,
851 2743 1116 2818 conniventibus
1133 2743 1244 2816 oculis
1260 2744 1480 2840 pertransire.
1498 2745 1567 2821 Sed
1581 2747 1624 2840 si,

207 2867 305 2962 quod
318 2869 413 2942 Deus
429 2875 574 2960 avertat,
591 2887 732 2941 necesse
748 2875 801 2940 est
817 2876 858 2941 ut
872 2865 1015 2940 veniant
1029 2867 1207 2960 scandala,
1225 2890 1296 2963 que
1310 2890 1415 2942 causa
1438 2871 1628 2964 excogitari

209 2991 333 3090 poterit
340 2991 531 3066 conflatura
540 2991 602 3064 tibi
613 2992 693 3089 plus
707 2989 780 3065 odii
793 2991 851 3064 vel
862 2991 1085 3064 conciliatura
1096 2990 1248 3064 Ecclesie
1260 2993 1338 3088 plus
1348 2992 1475 3066 lavoris
1481 3016 1588 3090 quum
1598 2995 1629 3069 si

210 3127 248 3190 tu
258 3139 319 3214 per
327 3115 577 3190 intolerabilem
589 3116 847 3213 usurpationem
860 3125 1042 3213 attemptes
1053 3125 1209 3192 evertere
1216 3117 1482 3192 ecclesiasticam
1492 3119 1629 3194 libertu-

210 3252 293 3330 tem‚
308 3241 495 3338 apostolica
508 3261 591 3316 vero
607 3239 715 3314 Sedes
734 3241 829 3314 illam
841 3242 1035 3316 secundum
1049 3240 1188 3317 divinas
1203 3250 1238 3315 et
1248 3241 1419 3316 humanas
1435 3245 1630 3348 sanctiones

209 3367 347 3444 studeat
360 3372 585 3441 conservare?
606 3367 705 3441 Certe
721 3366 805 3440 vide
821 3367 919 3463 quod
944 3366 1005 3463 qui
1024 3366 1106 3441 talia
1131 3366 1353 3464 persuadent,
1377 3377 1440 3442 aut
1461 3391 1524 3443 sua
1547 3391 1629 3445 ceca

206 3491 397 3565 ambitione
425 3491 591 3566 falluntur
620 3501 680 3566 aut
707 3491 875 3566 malitiose
904 3503 938 3565 te
967 3493 1088 3565 lallunt
1114 3503 1150 3565 et
1174 3513 1356 3588 gressuum
1384 3503 1524 3568 tuorum
1554 3497 1630 3572 vias

210 3614 439 3690 fraudulentis
460 3615 629 3714 dIssipare
646 3617 799 3692 consiliis
819 3627 854 3692 et
870 3616 1182 3692 machinationibus
1199 3619 1319 3716 pravis
1335 3621 1537 3694 subvertere
1554 3643 1629 3696 mo·

210 3739 354 3814 liuntur.
373 3740 500 3816 Videre
523 3749 621 3837 potes
644 3742 749 3817 etlam
770 3763 876 3839 quam
901 3742 1035 3816 sincere
1052 3764 1229 3838 quamque
1254 3752 1397 3839 paterno
1418 3753 1453 3818 te
1475 3747 1631 3824 zelemur

209 3864 338 3938 ellectu
358 3863 421 3959 qui
443 3886 512 3938 non
533 3865 645 3939 solum
667 3867 853 3942 verborum
880 3877 1020 3941 tucrum
1047 3867 1210 3961 injuriam
1234 3869 1402 3964 patienter
1423 3870 1626 3966 accipimus,

212 4011 335 4064 verum
351 3989 456 4063 etiam
470 3999 587 4065 contra
605 4012 668 4064 nos
683 3999 718 4065 tc
733 3990 993 4088 quodammodo
1007 3992 1265 4089 premunimus,
1284 3991 1370 4067 dum
1386 3993 1629 4072 dissuademus

210 4123 247 4187 te
262 4135 403 4188 causam
427 4114 521 4188 illam
541 4136 718 4190 assumere
738 4137 786 4190 ex
806 4138 878 4212 qua
900 4137 1019 4214 posses
1042 4116 1144 4214 quasi
1169 4137 1273 4190 omne
1293 4117 1467 4192 incurrere
1489 4119 1625 4216 odium,

248 4366 284 4442 (l)
302 4367 370 4426 Cum
392 4375 497 4428 caetera
517 4371 551 4428 da
571 4370 623 4428 hac
643 4371 730 4447 prima
749 4371 819 4430 inter
838 4371 987 4430 lionorium
1009 4377 1037 4429 et
1058 4370 1223 4429 Fridericum
1244 4371 1436 4448 deceptatione
1456 4385 1632 4438 monumenta

211 4465 315 4540 desint,
329 4481 384 4524 non
397 4467 489 4542 pIgeat
501 4469 641 4526 consulere
654 4470 718 4544 quid
740 4469 839 4528 referat
854 4469 1010 4542 Fnznuuus,
1024 4470 1061 4527 bs
1078 4467 1133 4527 reb.
1146 4469 1235 4527 Sicci.
1248 4469 1353 4542 decad,
1369 4471 1417 4529 lib.
1430 4473 1503 4546 VIII,
1520 4492 1549 4550 p.
1567 4478 1629 4536 l38.

212 4563 267 4622 Iste
278 4569 369 4622 tamen
382 4581 491 4623 causam
504 4572 532 4624 et
541 4572 647 4642 tempus
655 4567 761 4626 dissidii
774 4569 885 4627 contuse
898 4568 980 4626 nimis
992 4567 1149 4643 cognovIsse
1160 4568 1281 4641 videtur3
1292 4574 1321 4628 et
1330 4585 1489 4644 persuasum
1500 4572 1632 4635 habemus

209 4677 247 4718 ex
257 4659 397 4720 colatimra
408 4663 630 4723 documentorum
640 4665 723 4725 ruba
734 4681 804 4740 quae
815 4665 972 4742 imperatori
982 4664 1078 4724 tribuit
1087 4665 1190 4726 rectius
1202 4666 1236 4725 ad
1248 4682 1312 4726 ann.
1325 4669 1393 4728 tane
1405 4683 1467 4728 esse
1479 4670 1629 4733 reserenda.

212 4757 275 4818 Vid.
289 4757 483 4820 Additamento
493 4762 528 4821 ad
541 4763 642 4822 calcem
652 4763 805 4824 voluminis.

293 4859 335 4922 ll.
1431 4878 1469 4929 re
