4296 5898
529 503 592 568 268
1028 504 1244 568 tntonttct
1268 504 1444 568 sactum
1759 503 1840 584 [An.
1858 503 1943 566 Μ.

533 663 614 712 cum
640 640 813 714 alimentis
838 641 1000 714 omuibus
1024 655 1059 714 et
1086 642 1343 716 accessionibus
1368 641 1461 731 suis3
1492 640 1529 713 iu
1555 641 1658 714 Pratc
1683 641 1833 714 rotundo
1862 649 1945 714 tare

532 765 652 839 Cantie
671 773 706 838 et
723 765 878 840 Delfiaua
901 765 1032 841 castelli
1054 766 1101 840 ad
1123 787 1219 840 mare
1246 789 1355 866 pmpe
1374 767 1505 841 flumen
1523 767 1620 841 Vane
1643 775 1794 861 quatuor
1819 775 1941 855 aratia,

532 888 650 962 bubus
670 899 835 962 terrarum
854 900 1004 984 quatuor
1026 911 1089 987 per
1110 890 1292 986 quodlibet
1310 901 1462 965 aratrum
1476 890 1669 987 deputatis3
1687 890 1725 962 in
1738 889 1843 964 Alilia
1859 899 1943 963 etar-

534 1014 618 1087 tiam
637 1013 682 1088 de
701 1014 851 1088 Corvum
872 1037 954 1088 cum
979 1015 1180 1090 molendino
1196 1017 1293 1112 quod
1318 1025 1372 1090 est
1387 1016 1519 1092 ibidem
1541 1023 1577 1089 et
1591 1013 1767 1112 quidquid
1792 1015 1943 1089 eliudiu

531 1139 811 1238 possessionibus
830 1139 1027 1229 domorum,
1048 1161 1227 1214 nemorum
1241 1163 1284 1214 ac
1303 1151 1469 1215 terrarum
1488 1141 1658 1214 cultarum
1674 1139 1730 1213 uel
1743 1139 1943 1213 incultanum

533 1274 569 1340 et
585 1264 800 1362 ubicumque
815 1265 921 1340 babet
937 1275 972 1340 et
986 1265 1141 1363 possidet
1152 1267 1210 1340 vel
1227 1265 1321 1340 idem
1338 1265 1587 1340 monasterium
1600 1264 1785 1361 acquisivit
1798 1286 1845 1339 ex
1858 1263 1943 1338 deno

532 1399 568 1466 et
590 1389 812 1466 concessione
830 1391 979 1466 mnndi
998 1390 1210 1466 marchionis
1232 1391 1377 1483 Molisii‚
1401 1391 1543 1466 loannis
1561 1389 1696 1465 comitis
1710 1388 1824 1483 Alide,
1847 1389 1944 1462 Guil-

534 1515 628 1590 lelmi
654 1515 790 1591 comitis
816 1516 975 1610 Caserte,
1006 1571 1015 1590 .
1046 1570 1055 1588 .
1087 1570 1097 1589 .
1128 1516 1264 1591 comitis
1290 1516 1441 1611 Teloeie,
1474 1515 1611 1609 llogeaii
1638 1515 1773 1589 comitis
1802 1513 1941 1599 Melici,

533 1642 691 1717 Riccardi
707 1641 842 1717 comitis
860 1641 996 1737 Sangui,
1014 1639 1162 1715 Guliridi
1184 1640 1229 1715 de
1243 1643 1422 1735 Draconis,
1442 1642 1586 1738 Ugouis,
1605 1639 1783 1733 liainonis,
1803 1638 1945 1713 Simonis

535 1777 570 1842 et
585 1766 727 1842 Matthia
746 1766 851 1840 amite
870 1766 1023 1863 ipsorum
1041 1766 1088 1842 de
1100 1767 1219 1857 Prata,
1244 1765 1429 1841 Gismuudi
1454 1767 1500 1842 de
1516 1767 1627 1840 llocca
1646 1767 1818 1856 Romana,
1833 1764 1947 1836 Talla-

537 1891 620 1966 cotii
638 1889 702 1962 filii
722 1901 757 1964 et
771 1889 890 1966 lacobi
917 1891 1051 1988 nopotis
1071 1891 1200 1989 ipsius,
1224 1891 1350 1989 Filippi
1374 1891 1420 1966 de
1443 1892 1615 1983 Bussone,
1638 1890 1803 1965 bunonis
1826 1889 1947 1963 boonis

537 2016 648 2106 iussi,
670 2014 826 2110 Malgeuii
851 2015 972 2090 Sorolli
994 2016 1126 2110 militis,
1147 2017 1278 2114 Ugonis
1295 2016 1341 2093 de
1362 2017 1536 2091 Cemlanis
1555 2027 1590 2090 et
1608 2015 1737 2113 Ugonis
1756 2014 1945 2090 consobrini

538 2141 665 2238 ipsius,
687 2140 863 2238 Tallacotii
883 2139 928 2216 de
946 2141 1092 2235 Cajano,
1114 2142 1252 2218 lioberti
1275 2143 1321 2218 de
1341 2142 1547 2232 Fossaceca,
1576 2140 1773 2240 Pandnlphi
1778 2193 1945 2215 .....

544 2321 552 2340 .
583 2323 593 2340 .
624 2321 633 2339 .
662 2275 697 2340 et
720 2265 887 2341 lobannis
911 2266 997 2340 Zicti
1023 2267 1253 2362 manajos,
1276 2268 1385 2342 llario
1402 2267 1449 2342 de
1464 2267 1669 2361 Albiniano,
1689 2267 1830 2342 liobenti
1852 2267 1948 2340 Toto·

539 2392 652 2467 monis
666 2392 711 2467 de
725 2392 912 2480 Peutcmis,
930 2392 1073 2466 Mattbei
1089 2392 1136 2466 de
1150 2396 1329 2484 Summo,
1347 2393 1486 2466 liuberti
1505 2393 1550 2466 de
1563 2393 1679 2484 Prata,
1698 2392 1850 2466 Simonis
1861 2393 1951 2488 Spa-

539 2518 616 2592 tarii
634 2514 680 2591 de
698 2517 923 2605 Vindatorio,
944 2517 1117 2592 Guilielmi
1132 2518 1178 2592 do
1196 2517 1405 2616 Cautalupo,
1430 2519 1560 2615 Ugouis
1581 2517 1626 2594 de
1646 2520 1772 2592 Sancto
1787 2519 1888 2592 Petao
1914 2519 1950 2591 iu

539 2642 611 2716 buc
624 2652 660 2718 et
677 2643 823 2717 aliorum
837 2642 983 2717 fratrum
1001 2663 1163 2737 suorum,
1185 2665 1251 2718 nec
1267 2666 1338 2720 nco
1356 2654 1393 2719 et
1408 2642 1612 2738 Guaninam,
1632 2643 1852 2739 Snnetellas,
1870 2665 1951 2740 pas-

540 2768 612 2843 tina
640 2767 687 2842 de
711 2766 899 2862 Mderado,
930 2768 1171 2844 molendinum
1193 2770 1336 2846 Corradi
1353 2793 1434 2844 cum
1456 2771 1565 2843 tornis
1581 2780 1617 2843 et
1632 2770 1839 2860 balcatonio,
1855 2769 1952 2843 Cam·

539 2915 624 2989 pum
641 2894 804 2988 majorem
824 2903 859 2967 et
876 2915 1038 2990 campum
1053 2893 1232 2991 decapite
1251 2897 1377 2993 campi,
1394 2904 1544 2969 montem
1562 2895 1734 2970 Pedirculi
1750 2917 1831 2968 cum
1847 2895 1951 2968 libero

540 3039 606 3090 usu
625 3037 851 3113 pascuorum,
869 3019 1088 3114 liguentinm,
1110 3041 1281 3115 aquarum
1298 3029 1333 3094 et
1348 3019 1577 3116 piscationum
1595 3019 1730 3093 blatesii
1750 3019 1902 3092 llumiuis
1917 3025 1951 3090 et

539 3141 904 3234 castriPedismontis3
926 3144 1059 3236 vincas,
1080 3143 1215 3237 domos,
1236 3145 1514 3220 cannabisentum
1529 3154 1565 3218 et
1584 3145 1670 3220 alias
1687 3153 1813 3237 terras,
1833 3143 1951 3217 domos

540 3277 575 3340 et
590 3266 789 3341 molendina
808 3266 961 3342 civitatis
977 3267 1079 3342 Alilie
1096 3292 1176 3343 cum
1195 3270 1348 3366 quadam
1373 3280 1463 3344 terra
1479 3270 1526 3344 de
1542 3269 1651 3363 Cesis3
1673 3280 1800 3360 tomas,
1820 3269 1951 3342 molen-

541 3391 640 3484 dina,
658 3391 845 3466 balcatom'a
863 3402 898 3466 et
914 3394 1090 3468 cauatoria
1103 3395 1265 3488 Pratellc3
1286 3394 1422 3487 domos,
1437 3405 1558 3487 tanus,
1574 3391 1771 3468 molendina
1782 3401 1819 3467 et
1835 3393 1950 3466 toriem

541 3516 691 3590 civitatis
717 3516 849 3592 Teleeie
874 3540 954 3591 cum
978 3520 1176 3593 tenimentis
1193 3520 1360 3593 lobannis
1380 3520 1478 3594 Bassi
1499 3529 1535 3594 et
1554 3519 1783 3593 Bartholomei
1803 3516 1949 3613 Pagaui3

542 3651 651 3736 terras
665 3641 909 3717 etmclendiua
921 3643 1173 3739 Pentimarum;
1191 3645 1344 3719 startiam
1360 3645 1406 3720 de
1418 3645 1520 3720 Silica
1534 3667 1614 3719 cum
1627 3643 1827 3720 molendino
1840 3642 1952 3716 Clauei

543 3775 578 3842 et
594 3766 699 3842 domo
718 3766 868 3861 Averse3
890 3769 1126 3844 molendinum
1146 3779 1181 3843 et
1196 3779 1304 3844 tenuas
1325 3771 1496 3867 quasdam
1518 3769 1656 3844 ltoberti
1677 3768 1739 3842 lilii
1753 3768 1896 3843 Minoris
1911 3765 1953 3840 de

543 3893 680 3990 Capua3
714 3891 837 3967 domos
867 3901 1046 3990 terrasque
1072 3894 1179 3969 llario
1205 3895 1327 3970 uxoris
1355 3893 1521 3969 blamleni
1548 3893 1777 3989 Pmtojudicis
1805 3889 1953 3989 Capuam

543 4018 767 4116 pmtonotarii
791 4027 826 4091 et
842 4018 1009 4093 lobannis
1033 4018 1079 4093 de
1094 4019 1281 4114 lliccard03
1298 4023 1452 4094 stantiam
1477 4019 1522 4094 de
1543 4019 1665 4108 Cerrc3
1682 4017 1872 4114 quanam
1894 4037 1953 4114 pe-

544 4145 662 4218 tiolam
681 4153 769 4218 teme
789 4143 1001 4218 arbustatam
1024 4144 1230 4220 existentem
1246 4155 1281 4220 et
1299 4146 1387 4221 alias
1407 4145 1542 4220 startias
1561 4167 1650 4241 quas
1666 4144 1759 4219 idem
1778 4151 1954 4218 monaste-

544 4268 635 4342 rium
650 4267 757 4341 babet
778 4275 813 4341 et
828 4266 986 4364 possidet
1008 4269 1065 4341 vel
1083 4268 1237 4342 noscitur
1251 4269 1429 4365 possidere
1441 4267 1542 4343 titulo
1556 4267 1755 4359 oblationis,
1774 4264 1953 4364 emptionis

545 4403 581 4466 et
598 4392 792 4466 concambii
811 4392 847 4465 iu
862 4392 1042 4484 Vaiitano,
1067 4393 1104 4465 iu
1124 4387 1253 4486 Caiatia
1276 4393 1429 4487 civitate,
1450 4393 1497 4467 ad
1520 4395 1684 4467 sanctum
1709 4392 1902 4468 Maximum
1921 4397 1953 4463 et

546 4521 709 4593 Sanctum
726 4518 933 4592 Damianum
949 4519 1159 4592 etSanctnm
1175 4517 1404 4613 Germanum,
1428 4519 1465 4591 iu
1479 4517 1602 4614 Alide,
1626 4517 1773 4614 niglam,
1790 4515 1949 4608 Miniam,

545 4643 675 4739 Capua,
690 4643 816 4716 Sancta
827 4640 977 4738 Agatha,
992 4645 1249 4739 beneventana,
1265 4643 1378 4737 Prata,
1390 4643 1589 4740 Manchane,
1602 4642 1770 4740 leajario,
1783 4643 1948 4728 Memno,
