4368 5876
518 592 578 654 170
1022 588 1237 652 rntonntcr
1262 589 1435 652 SECUNDI
1744 589 1826 670 [Ass.
1844 589 1931 654 1221.

564 723 762 800 Fridericns
782 723 959 800 secundus
978 724 1100 800 divina
1122 725 1260 800 invente
1286 726 1468 801 clementia
1483 725 1715 800 Romunomm
1735 725 1932 822 imperator,

516 873 654 948 semper
669 859 841 946 augustus
862 859 898 924 et
918 871 984 924 rex
1008 849 1138 924 Sicilie.
1160 851 1256 926 Sicut
1279 851 1385 928 laude
1407 853 1520 926 virtus
1544 851 1764 943 accenditur,
1779 852 1831 928 sic
1848 851 1936 928 fides

516 975 723 1073 propensius
745 975 791 1049 ad
817 977 930 1069 majus
954 974 1111 1050 studium
1130 975 1293 1052 incitatur
1316 987 1352 1052 et
1374 987 1506 1074 quanto
1526 977 1734 1075 pmpensius
1755 977 1793 1052 in
1813 999 1936 1054 remu-

516 1101 695 1175 neratione
711 1099 867 1177 bdelium
882 1103 996 1196 majus
1006 1101 1158 1200 (manns)
1173 1101 1375 1178 extenditur
1388 1103 1607 1200 imperatorie
1620 1103 1826 1197 maiestatis,
1842 1113 1937 1178 muto

517 1227 628 1298 fervet
642 1224 727 1300 fidei
741 1223 880 1301 devotio
898 1237 934 1300 ct
951 1227 1063 1300 virtus
1086 1227 1208 1302 crescit
1225 1227 1345 1303 sortior
1364 1229 1400 1301 iu
1417 1228 1592 1323 subjectis.
1609 1229 1799 1326 Eupropter
1815 1235 1936 1302 notum

516 1351 664 1425 facimus
687 1351 860 1426 universis
885 1351 1021 1448 imperii
1043 1350 1207 1426 fidelibus
1229 1361 1300 1426 tam
1322 1353 1540 1450 presentibus
1560 1375 1667 1448 quam
1692 1351 1819 1426 suturis
1840 1352 1937 1448 quod

515 1497 580 1551 nos
606 1477 823 1551 attendentes
847 1476 1053 1552 multimoda
1077 1487 1113 1552 et
1137 1485 1234 1573 grau
1269 1477 1439 1574 obsequia
1465 1499 1535 1573 que
1559 1479 1720 1573 Pogonus
1744 1476 1937 1552 balduinus

516 1601 604 1674 civis
635 1601 865 1676 Messanensis
893 1601 1057 1697 magister
1084 1611 1222 1676 monete
1245 1603 1467 1678 Brundusine
1495 1603 1608 1680 fidelis
1632 1613 1749 1678 noster
1773 1604 1875 1677 nobis
1901 1611 1937 1678 et

516 1726 660 1822 imperio
678 1726 839 1800 exhibuit
856 1724 1004 1800 fideliter
1021 1739 1056 1801 et
1072 1726 1197 1802 devote
1216 1736 1252 1800 et
1269 1729 1392 1823 quein
1411 1737 1589 1826 posterum
1607 1737 1771 1824 operante
1789 1727 1936 1802 Domino

516 1851 642 1948 peterit
661 1851 846 1941 exhibere,
869 1851 1091 1948 respicientes
1117 1872 1259 1948 qnoque
1280 1851 1328 1926 nd
1353 1851 1435 1928 fidei
1455 1853 1639 1949 puritatem
1659 1862 1695 1928 et
1715 1851 1935 1927 devotionem

515 1997 622 2072 mam
646 1975 693 2050 ad
715 1985 867 2050 nostram
888 1976 1136 2051 Excellentiam
1160 1978 1338 2052 sinceriter
1358 1977 1497 2070 babuit,
1516 1977 1632 2076 ipsum
1651 1978 1830 2072 Pagarum
1852 1997 1935 2051 suos

515 2124 585 2198 qne
606 2101 752 2177 heredes
773 2101 819 2178 de
837 2102 1050 2196 benignitate
1070 2103 1169 2178 solita
1188 2104 1256 2178 sub
1277 2105 1412 2201 imperii
1433 2104 1541 2180 nostri
1563 2103 1704 2200 speciali
1724 2103 1934 2200 protectione

517 2228 735 2326 suscepimus
759 2249 840 2301 cum
863 2227 1025 2301 omnibus
1047 2228 1149 2302 bouis
1172 2229 1246 2303 suis
1273 2229 1456 2304 stabilibus
1479 2239 1515 2304 ct
1535 2228 1723 2305 mobilibus
1747 2249 1818 2324 qne
1841 2248 1935 2302 nuuc

512 2355 606 2448 juste
628 2351 807 2450 possident
827 2362 862 2426 et
881 2375 952 2449 que
967 2354 1003 2424 in
1025 2361 1129 2428 autea
1141 2356 1237 2447 justo
1257 2355 1356 2430 titulo
1374 2363 1537 2452 poterunt
1555 2351 1722 2449 adipisci,
1742 2361 1777 2426 ct
1793 2351 1841 2426 ad
1856 2373 1935 2426 mn-

512 2478 598 2574 joris
618 2479 728 2574 gratie
746 2487 862 2552 nostre
882 2480 1062 2552 cumulum
1082 2478 1210 2553 damus
1229 2479 1296 2552 sibi
1315 2480 1460 2576 suisque
1476 2478 1683 2570 heredibus,
1711 2477 1935 2552 conoedimns

516 2615 552 2678 et
572 2604 740 2700 largimur
759 2626 801 2678 ac
818 2605 855 2677 in
877 2613 1084 2701 perpetuum
1108 2604 1278 2701 imperiali
1297 2605 1500 2680 anctoritate
1519 2625 1567 2678 ex
1587 2611 1681 2676 certe
1697 2601 1841 2676 edentia
1853 2623 1936 2678 oon·

516 2727 693 2803 firmamus
705 2728 894 2825 quemdam
911 2729 1027 2802 locum
1042 2727 1273 2802 inhabitatum
1290 2727 1343 2824 (i)
1355 2729 1445 2822 juris
1457 2728 1564 2802 noemi
1578 2737 1613 2802 et
1625 2727 1762 2824 imperii
1775 2727 1881 2801 situm
1899 2727 1935 2801 in

517 2855 688 2929 maritima
710 2854 746 2925 in
770 2855 972 2950 episcopatu
996 2852 1143 2925 Lucensi
1157 2853 1220 2946 qui
1242 2851 1370 2926 dicitur
1385 2852 1547 2948 Viaregio
1568 2863 1604 2926 et
1618 2850 1703 2926 olim
1727 2873 1775 2926 ex
1791 2852 1935 2948 antiquo

517 2981 675 3053 Castrum
699 2979 804 3052 maris
831 2980 942 3052 iuerat
959 2986 1180 3074 nuncupatus
1199 2999 1281 3050 cum
1298 2977 1462 3051 omnibus
1478 2977 1695 3075 pertinentiis
1718 2977 1810 3070 suis,
1835 2977 1935 3050 terris

517 3105 620 3178 cultis
644 3113 679 3178 et
704 3104 863 3196 incultis,
889 3103 1013 3199 pratis,
1035 3101 1150 3189 silvis,
1174 3101 1293 3198 aquis,
1312 3101 1522 3177 molendinis
1546 3123 1627 3176 cum
1649 3101 1761 3175 mixto
1784 3111 1820 3174 et
1839 3121 1935 3174 mem

517 3229 675 3325 imperio,
694 3250 774 3301 cum
790 3228 943 3322 angariis
959 3235 994 3302 et
1008 3225 1239 3324 perangariis,
1255 3247 1335 3298 cum
1345 3224 1587 3319 jurisdictione
1604 3225 1770 3323 plenaria,
1788 3223 1931 3317 bonore,

516 3351 694 3446 districtu,
720 3374 801 3425 cum
824 3352 920 3425 omui
935 3354 1015 3446 Jure
1031 3350 1128 3448 qnod
1147 3350 1252 3426 babet
1273 3350 1458 3448 imperium
1476 3351 1513 3424 in
1535 3351 1692 3448 predicto
1708 3351 1786 3424 looo
1803 3359 1839 3424 et
1858 3351 1934 3444 ejus

514 3478 702 3570 territerio;
725 3477 772 3552 ita
786 3477 949 3552 videlicet
967 3489 1007 3552 ut
1031 3475 1195 3573 deinceps
1213 3477 1288 3575 ipse
1304 3477 1465 3573 Peganus
1484 3487 1520 3550 et
1533 3477 1589 3550 sui
1607 3475 1752 3550 heredes
1773 3476 1882 3550 libere
1899 3484 1934 3548 et

514 3603 671 3678 obsolute
690 3601 841 3676 babeant
858 3611 893 3676 et
910 3600 1112 3700 possideant
1125 3601 1258 3676 dictum
1282 3602 1398 3675 locum
1422 3622 1503 3674 cum
1525 3600 1688 3675 omnibus
1704 3598 1930 3696 supradictis,

514 3735 550 3802 et
573 3727 701 3800 iaciant
720 3725 851 3822 inipso
871 3727 947 3800 loco
964 3736 1000 3800 et
1022 3726 1067 3800 de
1084 3725 1161 3822 ipso
1177 3726 1253 3799 looo
1269 3746 1408 3799 omnem
1430 3747 1529 3800 suam
1547 3725 1762 3799 voluntatem
1788 3723 1826 3796 in
1850 3745 1933 3797 om-

513 3849 619 3923 nibus
632 3859 667 3922 et
680 3871 742 3946 per
753 3849 883 3942 omnia,
900 3850 997 3925 nulia
1015 3849 1285 3924 contradictione
1301 3850 1470 3924 obstante.
1487 3850 1678 3924 Statuimus
1688 3847 1794 3922 etiam
1807 3857 1844 3922 et
1859 3849 1933 3921 im-

513 3975 635 4073 periali
651 3975 766 4051 edicto
782 3973 960 4049 firmamus
975 3983 1010 4048 et
1027 3973 1169 4049 firmiter
1183 3973 1395 4072 precipimus
1416 3983 1455 4047 ut
1474 3973 1519 4048 de
1540 3982 1654 4050 cetero
1671 3973 1769 4048 nulla
1785 3971 1930 4062 civitas,

550 4339 585 4417 (t)
602 4341 644 4398 Ex
663 4339 707 4399 bia
722 4339 814 4399 verbis
826 4339 952 4398 arbitrari
965 4337 1030 4397 beet
1041 4344 1160 4397 castnmr
1178 4337 1313 4413 Visrefflii
1329 4335 1403 4412 qrrod
1418 4334 1522 4395 destrui
1538 4334 1639 4394 iecerat
1660 4333 1807 4410 imperator
1826 4333 1934 4392 Frede-

513 4439 587 4498 ricus
601 4439 614 4496 l
627 4453 697 4496 enno
710 4437 791 4511 4175,
805 4443 837 4495 nt
852 4437 974 4496 reienmt
984 4437 1144 4504 Tonorrnus,
1157 4435 1269 4507 sanct,
1284 4441 1313 4493 et
1324 4433 1506 4506 Snnnnms,
1523 4431 1657 4490 Obronoo.
1671 4429 1702 4487 δι’
1711 4437 1793 4506 porto
1801 4428 1843 4487 ds'
1856 4430 1934 4490 Fctts'

514 4537 545 4596 di
557 4537 657 4608 mccc,
674 4551 729 4594 non
743 4541 839 4612 postea
851 4535 1049 4595 reaedificatum
1066 4533 1162 4606 imese,
1177 4534 1229 4592 nisi
1242 4532 1295 4591 sub
1310 4533 1363 4592 ista
1373 4531 1564 4592 balduinorum
1577 4535 1668 4605 gente.
1678 4529 1778 4604 Pagani
1792 4543 1858 4588 vero
1869 4527 1932 4586 bne

515 4635 595 4694 redes
605 4633 791 4693 communitati
803 4635 918 4694 Lneeusi
930 4632 1102 4710 Viureggium
1113 4631 1294 4696 vendiderunt
1312 4631 1357 4691 dis
1373 4633 1409 4692 28
1428 4630 1535 4707 augusti
1556 4643 1628 4688 anno
1646 4629 1731 4700 taes,
1751 4631 1783 4686 nt
1796 4631 1932 4688 onustato

515 4733 676 4792 documento
687 4731 789 4791 ibidem
801 4731 896 4792 relato.

2152 2787 2154 2943 i
