4436 5870
285 575 385 637 rara.
401 572 460 658 e.]‹
734 571 933 634 srsroam
957 565 1247 634 nrrnormmce
1654 547 1694 632 a'r

282 709 392 781 noltrc
413 706 450 781 di
473 703 627 801 plenaria
654 703 809 800 imperial
831 707 962 802 potesta
983 716 1019 780 et
1041 706 1186 780 antoritlr
1209 728 1258 776 nn
1278 705 1363 778 altra
1384 707 1477 779 volte
1506 706 1635 802 deroga
1658 713 1693 779 et

282 853 378 905 cassa
399 830 475 902 tntti
494 829 521 902 li
538 829 698 924 privilegi
719 829 865 922 indulti,
884 830 1037 904 concessi
1055 838 1090 902 et
1105 828 1294 902 confirmati
1317 851 1338 902 a
1353 832 1438 925 qual
1453 831 1483 903 si
1503 831 1597 925 vogli
1614 852 1692 927 per·

281 977 382 1048 sona,
406 976 554 1051 cumpo,
574 954 718 1048 collegio
734 963 770 1027 et
790 955 980 1029 universim
1007 966 1124 1029 contra
1147 964 1181 1028 et
1205 956 1241 1026 in
1259 954 1474 1050 pregindicio
1497 955 1534 1028 di
1557 955 1589 1027 la
1612 953 1693 1028 citti

280 1080 442 1155 suddetta
455 1079 493 1152 di
505 1080 672 1170 Dertona,
686 1101 767 1151 cum
779 1081 813 1154 la
825 1081 1054 1154 cominatione
1070 1080 1135 1152 che
1150 1081 1273 1152 alcano
1287 1101 1453 1166 vescovo,
1470 1061 1578 1171 duca,
1593 1100 1692 1150 mar-

280 1205 400 1296 chese,
418 1212 518 1277 conte
534 1202 579 1275 ne
595 1203 786 1295 viceconte,
805 1204 946 1297 nuntio,
963 1203 1008 1276 ne
1027 1207 1152 1278 alcuna
1166 1225 1314 1300 persona
1326 1203 1555 1277 ecclesiastica
1571 1202 1616 1274 nd
1631 1224 1693 1276 se·

279 1329 396 1400 calare
418 1326 464 1399 ne
487 1327 524 1399 di
548 1328 629 1421 qual
652 1335 757 1420 stato,
783 1327 892 1422 grado
914 1337 949 1400 et
970 1328 1172 1402 condicione
1193 1349 1286 1401 esser
1310 1329 1339 1400 si
1367 1328 1462 1422 vcgli
1484 1328 1549 1400 che
1572 1325 1623 1400 osi
1647 1325 1691 1399 ne

279 1451 432 1547 presumi
450 1449 581 1524 violare
595 1451 619 1521 il
637 1449 799 1524 euddetto
813 1451 1016 1547 privilegio,
1033 1452 1253 1525 concessione
1269 1460 1304 1524 et
1318 1449 1592 1540 confirmatione,
1613 1472 1694 1524 con·

280 1573 412 1648 tradirli
434 1573 481 1646 ne¹
495 1575 736 1646 contravenirli
758 1573 802 1646 ne
823 1575 1004 1648 molestare
1021 1575 1056 1648 la
1080 1576 1161 1648 cittl
1183 1575 1344 1648 suddetta
1371 1596 1433 1670 per
1450 1574 1575 1647 alcuno
1598 1571 1644 1646 de
1665 1573 1690 1644 li

279 1695 545 1792 sopranominati
561 1695 677 1769 luochi
694 1705 728 1769 et
745 1697 782 1768 in
800 1718 878 1769 esse
891 1697 1084 1771 choerentie
1096 1698 1152 1769 siti
1167 1707 1202 1771 et
1215 1697 1390 1789 existenti,
1404 1696 1449 1769 ne
1465 1719 1567 1770 meno
1584 1718 1690 1771 osano

278 1820 323 1892 nd
336 1840 542 1916 presumano
562 1819 626 1892 dar
640 1819 765 1911 liceto,
783 1821 902 1894 lavore
917 1820 962 1893 ne
981 1823 1076 1893 aiulo
1093 1821 1163 1914 agli
1179 1821 1336 1893 huomini
1354 1820 1390 1896 di
1410 1822 1478 1894 essi
1493 1819 1608 1893 lnochi
1627 1819 1691 1892 che

276 1961 383 2014 osano
405 1940 643 2014 contravenire
662 1942 695 2014 al
718 1941 882 2016 suddetto
905 1941 1040 2015 indulto
1060 1954 1179 2016 contra
1200 1942 1291 2022 detta
1313 1943 1412 2036 cittl,
1434 1952 1523 2017 sotto
1544 1963 1634 2039 pena
1653 1941 1688 2015 dl

276 2074 376 2138 cento
391 2066 531 2138 marche
548 2065 586 2139 di
600 2085 689 2160 puro
706 2085 767 2139 oro
787 2076 822 2140 et
843 2066 888 2140 de
903 2069 937 2140 la
960 2068 1142 2141 relectione
1163 2067 1209 2142 de
1233 2068 1316 2142 dani
1341 2077 1376 2141 et
1398 2067 1639 2162 indignatione¹
1652 2063 1687 2139 di

277 2211 341 2262 sna
355 2189 498 2262 maiestd
502 2239 834 2262 .........

323 2315 435 2405 Hujus
452 2313 502 2385 rei
516 2321 630 2386 testes
652 2321 735 2386 sunt
752 2313 966 2388 ·Bertholdas
989 2313 1181 2410 patriarche
1199 2313 1462 2408 aquilegensis,
1488 2313 1687 2388 Lndcvicns

276 2434 353 2508 dnx
365 2437 639 2510 Bavariecomes
652 2436 827 2531 palatinus
840 2437 939 2528 lieni,
952 2435 1308 2510 Gulielmnsmarchio
1321 2437 1575 2529 Montisferrati,
1598 2437 1687 2511 Amo

274 2559 428 2634 marchio
443 2560 609 2648 Estensis,
624 2560 801 2634 Gcnredns
815 2569 850 2633 et
864 2560 970 2633 Obizo
986 2560 1202 2634 marchiones
1217 2557 1435 2657 Malaspine(
1459 2559 1473 2658 )
1478 2614 1683 2632 ......

319 2680 407 2756 dcta
431 2691 512 2758 sunt
534 2683 600 2756 hec
622 2703 717 2756 anno
735 2683 910 2758 dominice
938 2685 1184 2758 incarnationis
1208 2685 1256 2757 Μ.
1277 2684 1340 2756 CC.
1363 2685 1426 2756 XX
1431 2737 1681 2758 .......

321 2808 447 2878 Datum
465 2807 502 2878 in
522 2807 642 2879 castris
662 2806 697 2878 in
716 2807 923 2880 Montemalo
941 2829 1003 2902 per
1020 2828 1160 2880 manum
1176 2805 1313 2880 Henrici
1331 2807 1553 2904 protonotarii
1570 2806 1686 2902 impc-

272 2929 367 3002 rialis
382 2931 479 3022 aule,
502 2938 624 3004 octavo
639 2930 805 3004 kalendas
820 2929 1031 3022 decembris,
1048 2930 1237 3004 indictione
1254 2952 1357 3004 nona.

324 3457 551 3567 Fridericus,
566 3459 827 3543 Romanorum
845 3461 1065 3570 imperator,
1080 3461 1241 3545 Henrico
1257 3461 1487 3547 Bononiensi
1508 3465 1684 3576 episcopo
1705 3491 1885 3590 aporema,

271 3601 309 3673 et
329 3591 506 3673 ecclcsiae
529 3590 612 3702 ejus
634 3593 756 3676 bonos
775 3619 869 3676 usus
882 3601 920 3676 et
937 3595 1228 3678 consuetudines
1245 3595 1417 3678 concedit
1433 3606 1471 3680 et
1482 3599 1683 3683 confirmet
1712 3549 1876 3644 mm

270 3749 358 3804 cum
390 3719 503 3832 plene
526 3723 789 3832 jurisdictione
815 3726 988 3810 locorum
1015 3727 1157 3810 ibidem
1182 3753 1472 3837 expressorum,
1501 3730 1682 3841 variaque

269 3853 440 3964 ejusdem
458 3854 636 3941 ecclesiae
651 3857 848 3968 privilegia
861 3869 899 3941 et
911 3860 1169 3943 immunitates
1187 3870 1373 3946 memorat
1388 3871 1427 3946 et
1440 3873 1609 3949 renovet.

351 4041 481 4120 (ltdlder.
494 4043 650 4122 Unmnr,
663 4043 738 4108 'teat
753 4063 841 4122 caer,
859 4053 880 4107 t
895 4048 943 4123 11,
965 4055 1013 4110 te.
1023 4077 1064 4094 -
1075 4045 1216 4121 Srrrom,
1234 4045 1348 4110 Aureoli
1357 4047 1526 4130 Bolopnerr’,
1544 4069 1612 4130 pars
1625 4052 1677 4130 11·,

387 4163 420 4225 p.
430 4155 501 4224 ⁴51,
509 4151 562 4212 aed
570 4165 724 4228 perperam
734 4151 774 4214 ed
787 4154 916 4231 primum
928 4151 1091 4214 decembris
1098 4153 1177 4215 dlcm
1185 4154 1352 4233 apudhnnc
1364 4157 1503 4219 aldrnnm
1511 4157 1678 4239 editorem.)

317 4305 356 4377 ln
371 4306 512 4381 nomine
529 4319 647 4381 sancte
662 4318 697 4382 et
720 4309 903 4384 individue
923 4311 1106 4384 Trinitatis.
1127 4312 1321 4387 Friderious
1342 4315 1372 4387 ll
1397 4295 1518 4388 divina
1541 4317 1678 4392 favente

269 4428 451 4504 dementia
461 4431 691 4506 Romanorum
703 4433 900 4530 imperator,
917 4455 1053 4532 semper
1062 4445 1244 4530 angustus,
1259 4446 1293 4509 et
1305 4437 1419 4511 Sicilie
1432 4460 1496 4512 rex
1507 4439 1677 4534 gloriosus

305 4679 343 4754 (t)
362 4679 419 4740 llos
434 4687 518 4742 testes
530 4683 655 4744 addimus
666 4701 701 4744 ex
713 4685 874 4759 Mummii,
887 4687 996 4747 latici,
1006 4689 1122 4762 Remi,
1136 4691 1158 4762 l,
1173 4693 1235 4752 itt.
