4296 5898
565 549 627 612 218
1066 551 1279 616 ratnuotct
1304 555 1479 617 SECUNDI
1793 555 1874 638 [An.
1891 557 1977 620 1222

566 687 729 764 fidelibus
745 689 834 783 suis,
853 689 999 785 gratiam
1016 701 1163 765 suamet
1178 693 1305 768 bonam
1322 694 1549 769 volontatem.
1567 692 1689 780 Quina
1705 695 1823 769 lirano
1837 713 1979 770 venea-

564 813 628 886 bili
638 814 764 888 abbate
776 815 975 889 monasterii
991 815 1159 890 nominati
1169 816 1350 891 servitium
1361 818 1510 892 militum
1524 840 1589 915 pro
1602 818 1821 914 exequendis
1831 820 1980 894 servitiis

564 941 689 1014 nostris
705 940 874 1014 duximus
888 939 1154 1036 requirendum,
1172 943 1256 1038 qula
1271 943 1376 1018 etiam
1394 943 1489 1017 idem
1506 943 1616 1016 abbas
1630 941 1678 1017 ad
1686 942 1889 1018 mandatum
1900 967 1977 1019 nos·

562 1074 653 1138 trum
670 1067 713 1139 V.
727 1067 904 1140 sacristam
918 1067 1117 1142 monasterii
1133 1069 1271 1144 tratrem
1286 1091 1390 1142 sunm
1404 1067 1451 1142 ad
1466 1070 1680 1163 maiestatem
1695 1078 1860 1144 nostram.
1884 1125 1894 1143 .
1923 1125 1933 1142 .
1962 1125 1974 1144 .

473 1187 480 1198 '
564 1244 819 1266 .......
839 1201 946 1266 terras
967 1193 1061 1266 misit
1077 1193 1139 1266 nbi
1155 1215 1326 1290 armosos
1344 1195 1536 1269 dinoscitur
1555 1194 1792 1270 iecissevalde
1807 1195 1973 1291 grandes,

560 1312 717 1390 fidelitati
730 1325 845 1390 vestre
858 1325 928 1388 tam
943 1317 1011 1390 snb
1023 1317 1168 1391 obtentu
1179 1321 1289 1414 gratie
1303 1325 1419 1392 nostre
1430 1340 1535 1413 quam
1549 1319 1653 1392 etium
1664 1317 1732 1392 snb
1742 1341 1833 1415 pena
1847 1320 1973 1410 banni,

559 1441 656 1536 quod
669 1440 763 1516 idem
778 1442 888 1516 abbas
902 1442 1004 1516 vobis
1020 1452 1161 1540 propter
1179 1442 1246 1517 boa
1259 1443 1401 1518 duxerit
1419 1443 1692 1542 imponendum,
1712 1442 1855 1518 firmiter
1868 1445 1975 1541 preci·

559 1565 686 1662 piendo
714 1566 920 1642 mandamus
937 1575 1109 1662 qnatenus
1134 1567 1304 1664 quiequid
1327 1568 1429 1643 robis
1449 1569 1559 1644 abbas
1585 1569 1784 1644 monasterii
1809 1569 1974 1666 sepedicti

560 1714 623 1788 pro
644 1693 814 1765 militibus
829 1692 1102 1767 transmittendis
1124 1701 1160 1767 et
1176 1693 1253 1766 aliis
1281 1693 1384 1768 etiam
1407 1693 1534 1768 nostris
1558 1692 1709 1768 servitiis
1727 1693 1896 1768 iaciendis
1911 1693 1975 1768 dn·

559 1816 651 1887 xerit
678 1815 932 1910 injungendum
950 1815 1092 1890 firmiter
1109 1816 1314 1911 attendatis;
1335 1817 1554 1893 restituentes
1568 1818 1683 1894 eidem
1701 1839 1876 1916 expensas
1889 1841 1974 1914 quas

562 1939 683 2014 iecisse
703 1938 919 2034 dignoscitur
938 1963 1001 2037 pro
1022 1962 1064 2014 eo
1086 1940 1184 2037 quod
1206 1942 1483 2038 prenominatum
1505 1942 1684 2016 sacristam
1704 1940 1754 2016 ad
1773 1941 1972 2016 mandatum

560 2073 715 2138 nostrum
731 2062 776 2137 ad
793 2064 1000 2159 presentiam
1017 2063 1233 2138 celsitudinis
1248 2073 1363 2138 nostre
1377 2065 1484 2138 misit.
1500 2063 1666 2162 Alioquin
1681 2065 1711 2138 si
1730 2064 1888 2162 predicta
1904 2087 1970 2140 non

561 2187 727 2262 curabitis
744 2188 946 2276 observare,
966 2211 1028 2285 per
1050 2190 1287 2264 senescalcum
1301 2190 1347 2286 (i)
1364 2189 1565 2264 familiarem
1591 2189 1787 2286 dapiferum
1813 2202 1849 2264 et
1871 2189 1970 2263 totius

562 2312 684 2385 Tuscis
699 2313 851 2407 legatum
863 2313 912 2408 (l)
926 2312 1065 2386 fidelem
1077 2323 1232 2387 nosunm
1246 2335 1310 2387 vos
1326 2313 1362 2386 in
1375 2315 1531 2411 personis
1544 2323 1580 2388 et
1590 2315 1696 2390 rebus
1710 2315 1788 2410 cogi
1807 2316 1966 2392 iaciemus

561 2446 597 2509 et
612 2437 720 2510 teneri
735 2435 781 2511 ad
793 2439 947 2512 bannum
964 2438 1123 2534 superius
1133 2439 1362 2512 nominatum.

606 2562 732 2635 Datum
747 2562 842 2658 apud
860 2562 1068 2651 Venafrum,
1084 2561 1223 2636 xxvttt
1234 2563 1375 2659 aprilis,
1390 2561 1581 2638 indictione
1591 2564 1623 2638 X
1634 2560 1702 2659 (2).

363 3225 526 3270 alaram
610 3211 817 3320 Imperator
847 3269 857 3289 .
892 3269 900 3288 .
936 3269 945 3288 .
976 3209 1016 3290 in
1042 3234 1204 3320 regnum
1232 3209 1382 3293 rediens
1404 3208 1569 3294 Romam
1591 3208 1683 3293 adiit
1703 3207 1882 3320 Mogenul
1909 3203 1966 3320 (3)

383 3279 489 3333 Megenal
497 3308 504 3332 ,

359 3337 454 3375 exeunte
463 3335 529 3387 uprill

377 3387 512 3431 ..tama
557 3370 675 3455 quam
692 3343 807 3453 jussit
826 3343 966 3425 arctius
983 3342 1150 3428 obsideri
1168 3369 1191 3426 a
1208 3343 1356 3428 Thomo
1374 3343 1602 3427 boemerum
1620 3343 1758 3428 comite
1778 3353 1818 3426 et
1839 3343 1886 3426 iis
1903 3342 1967 3454 qui

294 3441 298 3448 “
409 3440 477 3483 malo.

592 3719 628 3793 (t)
647 3719 714 3788 Quia
727 3718 877 3790 nescimus,
900 3733 983 3791 quum
1004 3717 1049 3776 hic
1068 3733 1122 3777 non
1136 3723 1230 3792 agatur
1242 3717 1277 3776 de
1294 3715 1430 3776 Ererardo
1448 3716 1484 3774 de
1504 3717 1586 3776 Lutra
1605 3717 1652 3793 qui
1671 3733 1804 3791 nusquam
1817 3733 1880 3775 oum
1892 3717 1966 3775 tioslo

555 3816 702 3878 senescalci
713 3832 763 3875 seu
774 3816 886 3892 dapileri
897 3824 1019 3892 apparet.
1030 3819 1130 3876 Locum
1142 3823 1233 3874 autem
1247 3816 1330 3874 luisse
1341 3821 1500 3891 corruptum
1509 3817 1588 3874 raldo
1601 3816 1771 3891 suspicamur
1782 3821 1810 3874 et
1818 3827 1867 3890 pro
1880 3815 1966 3875 verbis

553 3915 733 3974 momoatcom
749 3915 919 3991 familiarem
937 3915 1093 3991 dapiferum
1113 3915 1255 3988 legendum
1276 3929 1336 3973 esse
1358 3914 1540 3974 Guarelirtam
1554 3913 1726 3990 imperialem
1737 3913 1907 3989 dapiferum,
1923 3913 1966 3989 qui

553 4029 618 4073 mox
630 4031 647 4072 a
661 4012 802 4072 Bertholdo
818 4019 930 4072 vocatus
941 4030 957 4072 e
970 4013 1067 4072 Tuscia
1079 4027 1258 4088 prorumpens
1272 4011 1400 4070 ducatum
1417 4011 1518 4087 Spoleti
1531 4011 1663 4070 invasisse
1673 4009 1791 4070 ridetur.
1804 4009 1867 4070 th.
1883 4011 1963 4080 inira,

554 4115 589 4172 22
603 4111 767 4172 novembris.
781 4112 948 4170 Documenta
961 4118 1051 4170 umen
1063 4112 1098 4170 ed
1111 4127 1171 4170 rem
1183 4110 1369 4170 elucidandam
1381 4111 1490 4170 omnino
1503 4109 1612 4168 desunt.

590 4212 625 4285 (ἲ)
644 4209 711 4269 Cum
731 4209 760 4267 in
781 4209 914 4284 impresso
934 4209 1037 4284 legatum
1049 4227 1056 4266 :
1069 4230 1083 4265 a
1096 4210 1193 4268 Datum
1212 4209 1283 4284 apud
1305 4209 1465 4280 denariam,
1484 4207 1599 4268 xxvttt
1612 4209 1713 4284 aprilis,
1728 4205 1876 4266 indictione
1888 4207 1963 4278 tm»

555 4316 629 4367 tanto
639 4309 762 4367 maurina
772 4309 840 4366 baec
852 4309 906 4367 duo
917 4309 1016 4368 menda
1026 4309 1204 4379 correximus,
1215 4306 1287 4382 quod
1298 4307 1357 4382 ipse
1366 4307 1466 4366 Gamici
1476 4307 1503 4364 in
1516 4307 1566 4366 alio
1575 4306 1634 4366 loco
1645 4307 1749 4365 scilicet
1759 4305 1795 4364 ad
1806 4321 1868 4381 pag.
1878 4307 1910 4360 te
1920 4304 1963 4361 bas

552 4408 658 4466 litteras
671 4421 824 4465 memorans
837 4407 909 4465 dicat
920 4407 1005 4466 luisse
1015 4408 1129 4482 scriptas
1141 4423 1214 4464 aare
1225 4406 1296 4464 liii
1308 4421 1358 4463 coa
1370 4405 1399 4463 la
1410 4404 1478 4463 data
1489 4406 1521 4461 ia
1537 4404 1652 4478 l'eoafra
1662 4403 1707 4463 aei
1719 4420 1804 4478 repeto
1817 4403 1849 4460 di
1856 4399 1962 4478 Napeii·

588 4505 624 4576 (3)
642 4503 729 4562 llodie
740 4506 826 4564 lorea
840 4503 975 4578 llaadalf
990 4505 1066 4578 furta
1084 4504 1223 4578 Baianum.
1242 4500 1285 4560 td
1301 4502 1451 4562 ornandam
1467 4508 1559 4560 autem
1571 4517 1663 4562 retum
1677 4501 1776 4560 seriem
1789 4500 1856 4576 quid
1869 4500 1903 4558 de
1915 4499 1969 4556 lna

552 4600 698 4660 rebellione
708 4601 851 4660 lllcoardus
859 4607 962 4674 narrat,
974 4602 1020 4660 bio
1030 4601 1170 4662 addimus:

590 4719 603 4752 a
618 4697 761 4774 [Noremb.
778 4696 871 4774 4220.)
886 4699 1003 4758 Thomas
1016 4699 1112 4760 Moliali
1127 4713 1218 4760 eomes
1228 4698 1264 4759 ud
1276 4697 1367 4776 ipsum
1381 4701 1569 4775 imperatorem
1582 4715 1633 4774 pro
1645 4697 1717 4758 illins
1727 4697 1814 4773 gratia
1824 4691 1964 4756 obtinenda
