4298 5898
531 537 593 600 46⁰
1037 536 1246 598 nntnnntcl
1274 535 1449 598 SECUNDl
1760 537 1840 618 [Ans.
1858 538 1943 600 lm

534 674 755 772 preceptione
777 683 896 770 postea
921 674 1242 748 corroboraverunt.
1268 674 1334 747 Pro
1358 671 1409 744 rei
1430 679 1544 744 tamen
1570 670 1729 746 firmitate
1747 673 1839 747 idem
1857 677 1945 768 jam-

536 798 650 870 dictos
680 796 873 870 Hunlridus
906 797 1188 894 archiepiscopus
1224 797 1325 893 petiit
1357 796 1598 869 celsitudinem
1633 805 1784 870 nostram
1815 809 1855 870 nl
1879 824 1944 874 nos

536 921 651 996 denuo
669 921 715 993 ab
736 922 1011 995 antecessoribus
1031 923 1154 995 nostris
1177 923 1442 1017 imperatoribus
1462 924 1619 1016 augustis
1637 944 1697 994 seu
1717 923 1762 996 ab
1782 925 1859 996 aliis
1879 927 1942 997 ali·

534 1047 664 1141 quibus
678 1046 804 1120 tradita
818 1047 894 1120 sive
911 1048 1078 1122 tradenda
1095 1047 1192 1140 regio
1210 1045 1464 1141 magnificentie
1487 1057 1600 1120 nostre
1617 1048 1708 1122 dono
1726 1071 1768 1121 ac
1783 1062 1942 1145 precepto

534 1171 829 1245 confirmaremus.
862 1173 968 1266 Cujus
1001 1173 1051 1245 rei
1083 1172 1281 1269 petitionem
1319 1173 1471 1266 benigne
1497 1172 1744 1269 suscipientes,
1775 1175 1942 1270 quicquid

533 1299 713 1395 prescripti
730 1299 954 1395 imperatores
970 1300 1122 1392 augusti,
1139 1298 1217 1372 Otto
1231 1297 1394 1372 videlicet
1411 1297 1561 1394 primm,
1578 1301 1754 1372 secundus
1769 1309 1803 1372 et
1816 1302 1942 1373 tercius

532 1445 596 1494 nec
617 1445 687 1494 non
710 1423 792 1496 dive
816 1423 982 1497 memorie
1005 1423 1187 1496 Heinricus
1207 1425 1392 1520 imperator
1409 1433 1578 1518 augustus
1598 1423 1673 1494 sive
1687 1423 1746 1495 alii
1769 1425 1836 1495 viri
1854 1427 1942 1496 reli-

530 1547 619 1642 giosi
638 1549 674 1618 in
692 1547 824 1643 prediis
844 1557 905 1619 aut
924 1547 1108 1642 mancipiis
1128 1548 1183 1619 vel
1207 1547 1285 1620 aliis
1308 1547 1412 1619 rebus
1432 1545 1479 1619 ad
1500 1545 1658 1618 eamdem
1680 1547 1859 1620 ecclesiam
1878 1571 1942 1644 pro

532 1671 655 1746 divino
678 1693 794 1746 amore
810 1669 1096 1744 condonaverunt
1112 1693 1261 1766 seuque
1283 1671 1433 1744 adbuoa
1455 1670 1630 1742 catholicis
1646 1671 1731 1742 viris
1753 1671 1863 1744 divini
1886 1673 1940 1744 in-

530 1797 675 1870 stinctus
689 1797 804 1891 aliqua
819 1796 1025 1870 adauctione
1038 1797 1120 1868 illuc
1132 1797 1320 1872 condonari
1335 1805 1492 1890 possunt,
1508 1793 1574 1866 hac
1587 1795 1680 1888 regia
1697 1806 1811 1869 nostre
1829 1796 1940 1869 domi-

529 1921 678 1994 nationis
695 1920 931 1994 munificentia
947 1922 1081 1994 noviter
1095 1922 1276 2013 tradimus,
1291 1919 1534 1993 confirmamus
1547 1929 1651 2012 atque
1665 1919 1934 2012 corroboramus,

528 2049 624 2143 regia
642 2046 784 2120 firmiter
801 2047 963 2140 jubentes
986 2048 1137 2142 potentia
1161 2055 1199 2118 ul
1215 2049 1331 2119 nullus
1345 2067 1460 2120 eomes
1474 2047 1529 2118 vel
1547 2045 1660 2138 judex
1681 2056 1743 2118 aut
1763 2047 1830 2118 alia
1849 2071 1938 2141 que·

529 2173 613 2246 libet
633 2171 818 2264 judiciaria
836 2192 984 2267 persona
1005 2171 1080 2244 sive
1104 2173 1222 2266 regius
1237 2179 1378 2244 exactor
1396 2169 1547 2264 aliquam
1568 2169 1732 2265 deinceps
1753 2169 1789 2241 in
1813 2171 1938 2265 prediis

528 2300 585 2374 vel
602 2297 686 2370 locis
708 2305 825 2369 sancte
849 2296 1159 2390 llagdeburgensis
1186 2295 1330 2369 ecclesie
1351 2316 1372 2368 a
1396 2295 1698 2391 predecessoribus
1721 2295 1847 2368 nostris
1867 2307 1935 2368 tam

527 2424 668 2518 regibus
689 2444 795 2516 quam
816 2422 1079 2518 imperatoribus
1101 2429 1164 2493 aut
1181 2443 1202 2493 a
1220 2420 1321 2494 nobis
1339 2441 1402 2492 seu
1423 2420 1468 2492 ab
1484 2420 1561 2492 aliis
1575 2419 1752 2514 aliquibus
1767 2419 1857 2492 datis
1880 2421 1934 2494 vel

527 2547 652 2622 dandis
675 2553 881 2642 potestatem
904 2545 1048 2629 habeat,
1075 2555 1138 2619 ant
1163 2545 1357 2640 predictum
1383 2544 1680 2641 archiepiscopum
1709 2566 1835 2618 suosve
1858 2567 1936 2617 suc-

525 2693 678 2746 cessores
707 2693 787 2744 cum
819 2669 1100 2768 preceptionibus
1130 2667 1402 2743 subintroductis
1429 2690 1492 2742 seu
1521 2669 1599 2742 aliis
1628 2669 1935 2742 machinationibus

525 2795 655 2870 invidis
672 2796 865 2892 inquietare
878 2793 1005 2867 audeat
1022 2803 1083 2867 ant
1096 2794 1255 2867 homines
1270 2793 1380 2890 ipsius
1398 2794 1541 2868 ecclesie
1557 2794 1762 2890 distringere
1780 2795 1855 2868 sive
1872 2818 1933 2891 pa-

525 2931 618 2996 ratas
630 2931 692 2992 aut
707 2920 902 2993 mansiones
916 2921 1027 2992 lacere
1037 2920 1093 2992 vel
1111 2920 1199 2992 ullas
1213 2919 1348 2992 illicitas
1361 2919 1584 2993 redibitiones
1595 2920 1735 3014 exigere
1749 2930 1928 3017 presumat,

418 3135 423 3144 Ι
526 3056 640 3142 preter
655 3067 735 3118 eum
753 3065 858 3140 quem
874 3045 948 3140 ipse
964 3045 1027 3139 qui
1042 3043 1147 3119 modo
1163 3043 1308 3117 ecclesie
1327 3044 1616 3139 Magdeburgensi
1637 3045 1788 3140 presidet
1801 3047 1934 3118 archie-

526 3173 691 3271 piscopus
712 3171 838 3266 suique
860 3191 1077 3244 successores
1098 3169 1265 3263 elegerint
1290 3170 1511 3242 advocatum.
1530 3171 1629 3243 litut
1650 3170 1717 3243 hec
1736 3180 1850 3243 nosue
1867 3169 1933 3244 do-

526 3297 675 3372 nationis
692 3295 832 3370 traditio
846 3317 887 3368 ac
903 3294 1117 3370 confirmatio
1130 3295 1279 3390 presenti
1294 3317 1336 3367 ac
1350 3294 1465 3367 lutum
1482 3304 1634 3390 tempore
1650 3293 1749 3366 firma
1768 3316 1789 3366 a
1806 3294 1933 3366 cunctis

526 3419 673 3496 fideliter
698 3419 883 3512 habeatur,
906 3419 973 3492 hoc
998 3417 1094 3512 regie
1122 3415 1372 3511 magnitudinis
1394 3425 1509 3490 nostre
1532 3426 1729 3513 preceptum
1748 3415 1832 3490 inde
1850 3437 1934 3489 oon-

527 3545 693 3642 soriptum
719 3544 822 3639 sigilli
847 3544 953 3618 nostri
979 3541 1206 3638 impressione
1232 3542 1370 3635 signare
1388 3541 1577 3636 jussimus,
1601 3562 1778 3636 manuque
1802 3541 1933 3637 propria

528 3679 566 3742 ut
590 3671 677 3743 inira
700 3670 840 3743 videtur
865 3665 1177 3742 corroboravimus.
1199 3665 1411 3760 -Signum
1438 3664 1569 3738 domini
1593 3664 1766 3739 Cuonradi
1793 3665 1932 3739 secundi

528 3791 816 3892 (monogrammo)
841 3791 934 3887 regis
959 3789 1111 3885 gloriosi.
1137 3828 1187 3843 -
1214 3787 1396 3862 Udulricus
1425 3789 1649 3863 cancellarius
1675 3789 1754 3862 vice
1778 3789 1933 3862 Aribonis

529 3918 817 4016 archicappellani
838 3915 1037 4012 recognovi.
1057 3955 1107 3968 —
1123 3915 1210 3988 Data
1230 3934 1322 3986 anno
1340 3913 1386 3986 ab
1405 3913 1638 3987 incarnatione
1654 3915 1793 3987 Domini
1810 3917 1857 3987 bl⁰
1878 3915 1934 3986 vi-

528 4045 656 4119 cesimo
671 4045 807 4140 quinto,
826 4042 1016 4116 indictione
1031 4040 1192 4135 septima,
1213 4058 1305 4111 anno
1322 4059 1407 4111 vero
1425 4039 1556 4112 domini
1576 4039 1748 4112 Cuomadi
1766 4040 1935 4134 Quantis

528 4172 653 4269 primo.
674 4169 863 4242 —Actum
881 4167 1027 4265 septimo
1045 4187 1155 4238 nonas
1169 4165 1303 4253 marcii,
1320 4165 1547 4255 Walehnsun,
1566 4166 1720 4238 feliciter.
1738 4163 1861 4238 Amen.

577 4295 648 4368 Nos
674 4292 792 4390 itaque
813 4293 1081 4390 supplicationes
1106 4289 1299 4386 supradicti
1322 4289 1453 4364 Alberti
1476 4290 1784 4386 lllagdeburgensis
1804 4289 1937 4363 archie-

529 4421 662 4518 piscopi
685 4419 871 4514 benignius
886 4419 1126 4509 admittentes,
1148 4416 1194 4490 de
1212 4417 1322 4512 gratia
1338 4427 1374 4490 et
1398 4427 1561 4491 consueta
1576 4415 1813 4490 munificentia
1828 4421 1936 4487 nostra

529 4569 600 4642 qua
617 4546 863 4618 consuevimus
881 4542 1043 4617 fidelibus
1059 4553 1094 4616 ct
1110 4543 1200 4616 bene
1217 4541 1347 4616 meritis
1364 4543 1558 4637 providere,
1579 4542 1798 4638 privilegium
1815 4559 1936 4634 supra·

529 4673 661 4746 dictum
679 4671 838 4746 innovari
856 4671 1100 4747 mandavimus
1116 4677 1152 4742 et
1164 4666 1334 4764 quicquid
1352 4668 1545 4742 continetur
1562 4668 1597 4739 in
1615 4667 1692 4764 ipso
1707 4675 1824 4741 sancte
1839 4664 1935 4757 Mag-
