4298 5898
176 572 275 634 lnior.
293 566 354 651 la]
629 561 827 626 HISTORIA
851 553 1143 621 olruottstlca
1531 543 1592 608 487

230 701 457 799 [Fridcricus,
473 709 541 774 etc.
571 753 582 772 .
612 700 808 773 .Potestati
832 706 867 772 et
888 692 1104 772 universitati
1129 685 1394 772 Arelatensium,
1411 675 1509 780 etc.].
1540 735 1549 755 .
1580 734 1589 752 .

178 953 350 1032 Fidelitati
365 959 480 1027 vestre
496 960 628 1047 quanta
644 971 828 1047 pessumus
849 945 1064 1022 districtione
1085 941 1227 1015 firmiter
1246 933 1471 1035 precipiendo
1490 953 1595 1006 mau-

183 1080 306 1156 damus
324 1085 495 1173 quatenus
514 1075 689 1172 predictos
709 1075 804 1148 cives
820 1072 1051 1147 Massilienses
1072 1079 1108 1140 et
1130 1065 1246 1138 omnia
1268 1064 1361 1136 bona
1381 1081 1502 1134 eorum
1524 1067 1595 1130 tam

182 1204 322 1277 inmari
341 1225 448 1297 quarn
462 1201 499 1274 in
518 1209 627 1293 terra,
644 1201 680 1272 in
701 1199 858 1296 personis
873 1208 908 1271 et
926 1197 1031 1270 rebus
1052 1193 1128 1266 sine
1149 1189 1314 1264 dilatione
1338 1185 1494 1282 qnalibet
1515 1205 1597 1280 per·

182 1337 387 1424 sequentes,
411 1325 624 1419 ubicumque
646 1325 740 1421 ipsos
765 1323 922 1422 poteritis
943 1319 1087 1417 capiatis
1101 1325 1136 1391 et
1153 1315 1232 1412 oapi
1257 1335 1320 1411 per
1345 1319 1498 1386 vestrum
1524 1308 1597 1384 dis·

182 1454 321 1527 trintum
337 1461 371 1526 et
392 1452 453 1525 ubi
474 1449 630 1547 poteritis
647 1449 803 1540 laniatis,
822 1459 988 1542 tanquam
1003 1444 1180 1541 expositos
1196 1439 1339 1513 cuilibet
1356 1435 1542 1532 occupanti
1562 1443 1598 1506 et

182 1579 327 1655 Romani
345 1577 480 1674 imperii
495 1575 612 1649 hostes
626 1576 752 1668 lactos3
772 1575 892 1647 viram
917 1593 1078 1668 guerram
1097 1590 1160 1666 pro
1176 1567 1308 1641 honore
1326 1562 1462 1660 imperii
1479 1568 1597 1636 contra

186 1726 245 1778 eos
267 1713 448 1777 moventes
462 1713 497 1775 et
512 1701 645 1775 moveri
661 1701 766 1774 etiam
782 1699 960 1790 iacientes,
975 1694 1253 1771 confederatione
1266 1692 1409 1765 forsitan
1429 1689 1518 1760 inter
1534 1707 1599 1760 vos

186 1839 221 1903 et
236 1830 331 1926 ipsos
342 1831 539 1923 juramento
553 1825 689 1901 firmata
703 1827 760 1901 rel
778 1821 1006 1923 promissione
1022 1820 1177 1917 qualibet
1191 1840 1262 1890 non
1279 1816 1452 1889 obstante.

235 1956 361 2028 Datum
374 1954 491 2048 logie,
505 1974 598 2027 anno
610 1950 856 2026 incarnationis
869 1949 1042 2024 dominice
1054 1948 1102 2022 M.
1116 1944 1179 2018 CC.
1195 1943 1304 2035 XXV,
1320 1941 1378 2016 die
1389 1940 1485 2015 XXII
1500 1939 1596 2031 maii,

187 2077 375 2153 indictione
391 2076 482 2151 Xlll.

241 2639 469 2751 FridericuS,
485 2639 745 2726 Romanorum
764 2637 985 2749 imperator,
1004 2636 1207 2722 confirmat
1222 2637 1448 2730 sententium
1463 2633 1604 2746 aprin—
1658 2667 1768 2776 pppp.

188 2773 336 2886 cipibus
362 2773 510 2886 imperii
538 2773 657 2858 latam
685 2781 818 2858 contra
844 2772 944 2857 eires
970 2770 1192 2855 Bisontiuos
1218 2771 1286 2882 qui
1313 2770 1604 2856 communitates

187 2907 339 2994 illicitas
357 2917 588 3017 statuerent,
603 2915 759 3018 excepte
779 2915 908 2990 tamen
933 2905 1190 3016 assignatione
1216 2905 1382 2990 clerium
1408 2903 1604 3014 archiepi-

189 3067 324 3154 scopo,
348 3069 464 3154 quem
486 3043 643 3154 quidem
660 3040 865 3128 articulum
882 3064 1006 3151 usque
1032 3040 1083 3124 ud
1108 3039 1328 3126 ulteriorem
1350 3039 1606 3150 provisionem

190 3176 401 3289 suspendit.

269 3387 614 3474 (Britannicarum
632 3385 792 3453 rreum.
806 3387 841 3452 de
858 3387 1024 3467 Berootou,
1039 3407 1111 3455 ann.
1128 3399 1312 3455 arse-rtet.
1323 3421 1365 3440 -
1377 3391 1424 3454 lbl
1441 3407 1512 3454 nero
1533 3406 1606 3452 cor·

308 3501 417 3562 reetlus
429 3515 468 3562 ex
481 3499 583 3561 eodloe
597 3498 677 3561 dicto
690 3495 793 3562 Clcrt.
806 3495 1080 3575 uernularum,
1095 3499 1165 3562 coll.
1178 3499 1267 3575 Droz,
1281 3501 1314 3562 tn
1326 3499 1404 3563 Bur.
1418 3516 1481 3580 reg.
1495 3499 1604 3575 Paris,

309 3604 815 3688 arnmnsrutesnrveno.)

240 3795 442 3871 Frcdericus
456 3796 519 3870 Dei
541 3797 651 3893 gratia
673 3796 904 3872 Romanorum
924 3796 1122 3894 imperator,
1141 3817 1277 3894 semper
1297 3806 1466 3891 augustus
1483 3806 1518 3870 et
1541 3819 1605 3872 rex

191 3921 325 4010 Sicilie,
350 3921 496 3996 Henrioo
523 3921 756 3998 Romanorum
780 3923 854 4016 regi
879 3921 1059 4017 lrarissimo
1087 3919 1158 3993 filio
1183 3941 1249 3995 suo
1272 3921 1417 4016 gratiam
1446 3943 1546 3996 suam
1571 3931 1605 3996 et

192 4067 295 4121 omne
316 4047 460 4120 bonum.
480 4046 634 4140 Benigne
652 4046 847 4143 recepimus
868 4045 1044 4119 filiationis
1061 4055 1120 4118 tue
1142 4046 1272 4119 litteras
1288 4067 1378 4140 quas
1397 4055 1513 4120 nostre
1530 4047 1605 4119 oel-

192 4171 338 4246 situdini
363 4171 542 4248 destinasti
564 4195 670 4270 super
696 4193 860 4270 processu
881 4194 985 4247 cause
1008 4170 1125 4246 dilecti
1141 4171 1308 4268 principis
1327 4171 1368 4244 G.
1389 4171 1437 4268 (o)
1454 4193 1605 4246 venera·

192 4297 272 4372 bilis
302 4297 483 4393 quondam
508 4297 681 4372 Bisuutini
705 4296 956 4395 archiepiscopi
985 4297 1155 4372 adversus
1183 4297 1278 4372 cives
1304 4297 1451 4372 Bisontii
1475 4297 1511 4369 in
1544 4306 1604 4370 tua

192 4423 288 4496 curia
299 4423 476 4510 ventilete,
489 4423 535 4498 de
547 4421 855 4498 communitatibus
866 4419 1042 4512 videlicet,
1053 4421 1366 4514 constitutionibus,
1377 4421 1601 4513 noviutibus,

235 4595 274 4678 (a)
295 4599 332 4660 ln
352 4599 453 4660 codiee
481 4599 528 4675 V.,
550 4601 644 4676 male,
668 4617 763 4679 Qum
785 4601 835 4663 hle
856 4600 1013 4663 manllesto
1035 4607 1141 4680 agetur
1164 4601 1203 4662 de
1226 4601 1442 4680 archiepiscopo
1467 4597 1601 4663 Gircrdo.

194 4705 240 4770 Gt.
255 4705 365 4768 Hister.
380 4702 530 4786 aptemur.
541 4707 661 4770 Hauriat
672 4709 796 4788 septimi,
812 4709 850 4772 ad
865 4725 934 4772 nnn.
951 4717 1045 4784 122⁴,
1062 4718 1099 4770 rs
1114 4697 1288 4784 decembris,
1303 4716 1334 4770 et
1346 4709 1435 4785 lnlra,
1450 4725 1481 4789 p.
1496 4718 1563 4772 492.
