4292 5894
560 586 621 652 aso
1061 597 1281 660 srrnsnrcr
1306 599 1480 662 secerni
1791 595 1870 684 [ess.
1888 599 1968 663 rasa

559 723 650 800 Sede
671 729 858 823 apostoliea
878 752 926 806 ex
941 732 1065 807 eadem
1087 735 1241 810 savorem
1260 737 1447 833 plurimum
1464 749 1680 833 assequente.
1699 733 1769 810 Cur
1786 735 1880 808 enirn
1904 757 1968 810 non

559 847 792 926 obtinebimus
811 853 904 928 illam
923 855 1200 950 jurisdictionem
1214 861 1273 934 vel
1287 869 1490 958 potestatem
1509 862 1545 934 in
1561 880 1669 958 regno
1684 859 1801 933 Sicilie
1817 860 1968 955 quamin

559 971 722 1066 Francia,
740 973 884 1071 duglia,
912 979 1049 1075 ispania
1074 1004 1117 1056 ac
1139 991 1330 1057 ceterorum
1351 983 1615 1059 christianorum
1636 983 1752 1078 regnis
1775 1006 1818 1058 ao
1839 984 1875 1056 in
1898 985 1969 1082 ipso

560 1094 705 1193 imperio
720 1101 896 1174 noscimur
910 1103 1087 1179 obtinere?
1100 1107 1281 1202 Numquid
1299 1107 1335 1182 in
1353 1129 1460 1204 regno
1478 1107 1594 1182 minue
1609 1106 1787 1205 potestatis
1803 1115 1866 1181 aut
1883 1127 1969 1180 auc-

559 1221 932 1322 toritatisbabebimos,
946 1231 1030 1325 quia
1043 1231 1078 1302 iu
1091 1252 1133 1306 eo
1146 1241 1311 1328 anquam
1323 1231 1969 1331 inapostclioaSedispatrimonioplus

555 1349 645 1441 iuris
653 1358 689 1423 et
693 1351 945 1445 jurisdictionis
959 1355 1153 1430 babemus?
1169 1357 1261 1444 Quid
1273 1359 1409 1433 conaris
1421 1358 1579 1456 aggredi,
1589 1358 1679 1454 quid
1691 1356 1869 1432 meditaris
1879 1356 1970 1429 inci-

557 1495 659 1571 pere,
676 1475 842 1552 seductus
856 1481 951 1554 falsie
967 1483 1118 1556 consiliis
1135 1493 1170 1558 et
1184 1483 1358 1557 animatus
1371 1492 1431 1558 tuo
1445 1485 1557 1558 onlore
1572 1503 1614 1558 ac
1627 1483 1749 1557 robore
1758 1480 1969 1574 juventutis?

558 1599 823 1678 dnoredisesse
834 1604 1054 1700 prudentiam
1063 1608 1119 1682 vel
1132 1608 1315 1682 consilium
1328 1617 1388 1682 aut
1401 1607 1654 1705 providentiam
1664 1607 1723 1699 [si]
1736 1607 1968 1678 eontraDenm

557 1729 678 1821 atejus
690 1729 811 1803 timore
820 1731 1009 1828 postposito
1020 1753 1138 1829 speras
1153 1743 1188 1806 te
1200 1755 1301 1830 posse
1312 1734 1490 1831 prevalere
1501 1732 1669 1807 adversus
1679 1729 1882 1820 Ecclesiam,
1892 1751 1968 1802 curn

556 1873 628 1947 qna
640 1854 845 1948 promisitse
858 1856 932 1953 ipse
944 1858 1036 1932 Dens
1048 1879 1159 1954 usqne
1168 1859 1215 1932 ad
1226 1859 1557 1934 consummationem
1570 1857 1676 1932 seculi
1685 1854 1968 1952 permansurum?

556 1977 595 2051 Si
611 1981 829 2076 contempnis
849 1982 974 2055 nostrie
994 1984 1215 2078 acquiescere
1238 1985 1396 2075 monitis,
1414 1983 1612 2059 domesticis
1631 1983 1753 2056 saltem
1773 1980 1967 2077 acquiescas

556 2103 740 2201 exemplis,
752 2114 865 2180 mum
878 2108 952 2203 ipse
964 2108 1157 2204 recogitans
1167 2131 1309 2183 manum
1317 2110 1455 2184 Domini
1467 2108 1966 2184 abreviatamnoneeseutnon

557 2228 666 2326 possit
681 2228 876 2326 deprimere
893 2240 928 2305 et
940 2233 1085 2327 erigere,
1100 2233 1245 2329 perdere
1261 2257 1303 2308 ac
1315 2235 1460 2310 salvare.
1479 2235 1551 2308 llec
1562 2233 1624 2307 tibi
1638 2231 1790 2327 benigno
1801 2229 1917 2304 animo
1928 2249 1966 2302 ac

554 2355 690 2431 sincero
705 2355 852 2444 ellectu,
873 2358 1034 2455 princeps
1051 2358 1298 2452 invictissime,
1319 2359 1523 2450 scribimus,
1545 2365 1739 2454 satagentes
1758 2355 1965 2428 inconsultos

554 2481 662 2556 animi
688 2482 737 2553 tui
764 2491 878 2555 motus
901 2492 1043 2579 paterna
1069 2483 1354 2573 comminatione,
1375 2483 1639 2578 redargutione,
1665 2479 1904 2555 obsecratione
1926 2499 1964 2551 ac

554 2606 789 2702 increpatione
813 2627 1050 2704 compescere,
1077 2617 1180 2704 teque
1204 2609 1251 2682 ad
1270 2630 1313 2681 ea
1337 2629 1409 2703 que
1431 2616 1606 2681 terrenum
1626 2604 1800 2680 stabiliant
1826 2603 1889 2676 tibi
1910 2623 1964 2678 re-

554 2751 662 2826 gnum
677 2740 711 2804 et
725 2741 881 2804 eternum
898 2744 1080 2828 preparent
1096 2732 1292 2806 informare.
1309 2731 1467 2827 Denique
1482 2738 1522 2803 ut
1539 2729 1601 2804 tibi
1618 2730 1839 2803 consulamus
1854 2747 1964 2822 quam

553 2866 629 2929 tum
651 2854 698 2930 ad
719 2865 913 2952 presentem
936 2857 1120 2930 articulum
1143 2857 1235 2930 bona
1258 2857 1329 2931 lide
1356 2856 1490 2931 consilii
1512 2855 1618 2930 nostri
1643 2863 1716 2947 eet,
1740 2853 1870 2926 litteras
1890 2860 1963 2924 tuas

555 3001 710 3054 seorsum
726 2980 827 3053 nobis
842 2989 877 3054 et
895 3001 1051 3054 seorsum
1066 2981 1228 3055 iratribus
1246 2982 1371 3054 nostris
1385 2981 1460 3054 sine
1477 2979 1641 3054 dilatione
1660 2977 1886 3062 transmittas,
1907 2994 1965 3070 per

554 3127 656 3202 quas,
675 3105 705 3178 si
722 3105 808 3178 lorte
825 3105 978 3200 prelatus
993 3104 1143 3178 nuncius
1158 3103 1203 3180 de
1218 3105 1383 3180 mandato
1396 3114 1457 3180 tuo
1472 3127 1558 3178 usus
1571 3123 1641 3178 non
1657 3104 1721 3176 luit
1735 3101 1962 3198 predictorum

553 3229 736 3327 asperitate
760 3229 968 3321 verborum,
989 3252 1053 3304 nec
1079 3231 1250 3305 mandasti
1274 3231 1370 3327 quod
1394 3231 1615 3327 premisimus
1642 3229 1688 3303 de
1710 3227 1909 3301 civitatibus
1933 3233 1965 3297 et
2084 3217 2088 3228 ’

552 3356 707 3432 ecclesiis
729 3355 949 3448 obserandis,
974 3355 1175 3450 hujusmodi
1198 3356 1337 3452 eulpam
1360 3380 1382 3430 a
1403 3365 1436 3430 te
1458 3358 1582 3429 laemm
1609 3353 1768 3449 negando
1789 3370 1963 3425 mmcveas

550 3483 637 3557 etin
650 3481 771 3556 talium
789 3481 988 3578 portitorem
1003 3481 1189 3555 verborum
1204 3505 1226 3555 a
1244 3490 1279 3556 te
1291 3480 1504 3555 removendo
1518 3479 1695 3555 refundas.
1714 3475 1862 3564 Quodsi
1881 3475 1962 3548 forte

552 3607 622 3683 dici
640 3607 795 3705 prediola
811 3616 846 3680 et
863 3605 938 3679 lieri
954 3607 1136 3702 precepisti
1151 3604 1212 3706 (a),
1230 3627 1300 3680 non
1317 3615 1352 3681 te
1369 3605 1500 3704 pudeat
1515 3607 1654 3701 culpem
1668 3613 1762 3676 tuam
1781 3619 1962 3695 agnoeomo

479 3746 482 3750 '
551 3757 594 3808 ac
617 3755 696 3807 eam
720 3740 932 3822 reverenter,
960 3739 999 3802 ut
1021 3730 1204 3824 coudecet,
1227 3753 1414 3821 excusare,
1442 3739 1556 3802 certus
1578 3727 1674 3824 quod
1701 3747 1765 3800 nos
1784 3733 1820 3798 et
1847 3725 1961 3797 babes

552 3857 659 3933 nostri
674 3864 707 3929 te
725 3855 858 3928 sincera
871 3854 908 3926 in
923 3854 1070 3928 Domino
1088 3855 1228 3927 carimte
1248 3853 1428 3948 diligimus
1446 3863 1480 3926 et
1494 3852 1646 3948 gerimus
1663 3851 1701 3922 in
1721 3848 1820 3921 firmo
1836 3865 1961 3943 propo·

552 3983 635 4076 sito,
652 3989 823 4078 quamam
839 4001 918 4052 oum
933 3981 1006 4052 Deo
1022 3986 1058 4050 et
1079 3979 1256 4052 honestate
1283 3999 1489 4075 possumus,
1512 3999 1555 4050 ea
1578 3995 1715 4071 semper
1739 3973 1874 4046 efficere
1895 3991 1961 4066 que

551 4120 610 4183 tue
626 4110 761 4205 placere
781 4105 928 4180 debeant
944 4103 1132 4194 voluntati,
1149 4125 1191 4178 ao
1206 4104 1294 4177 inter
1309 4113 1344 4177 te
1359 4113 1395 4177 et
1412 4102 1635 4201 apostolicam
1654 4097 1778 4172 Smem
1796 4116 1916 4193 pacem
1930 4103 1961 4166 et

552 4233 727 4308 caritatem
749 4238 953 4327 perpetuam
985 4249 1201 4303 conservare.
1232 4231 1342 4325 Super
1365 4229 1433 4302 biis
1456 4236 1573 4301 autem
1598 4224 1763 4299 dilecbrm
1786 4219 1896 4293 lilium
1915 4217 1955 4290 A.

551 4357 805 4432 subdiaconum
824 4364 859 4429 et
876 4355 1093 4452 capellanum
1113 4362 1267 4428 nostrum
1287 4355 1403 4427 virum
1423 4352 1505 4429 fidei
1525 4360 1560 4425 et
1584 4346 1766 4447 probitatis
1784 4349 1959 4441 expertum

553 4481 599 4556 ad
614 4491 709 4554 tuam
725 4478 894 4553 duximus
909 4479 1118 4577 presentiam
1131 4478 1392 4573 destinandum,
1409 4485 1571 4574 rogantes
1584 4483 1624 4548 ut
1639 4496 1719 4548 eum
1732 4472 1833 4544 vultu
1846 4484 1960 4542 sereno

551 4641 557 4658 ¹
596 4637 639 4719 (a)
658 4637 713 4716 Ap.
726 4639 873 4717 Rayuald.
886 4645 985 4701 autem
1001 4655 1010 4698 ι
1025 4637 1110 4717 (laod
1123 4638 1149 4700 si
1156 4638 1239 4718 sorte
1257 4641 1353 4720 ipsura
1371 4635 1458 4700 cala
1478 4633 1578 4697 ιιιιίιιιι
1596 4631 1689 4695 diem
1707 4622 1869 4690 immuto
1887 4627 1960 4684 mato

552 4744 646 4806 animi
653 4745 816 4824 precepitti.
