4368 5876
224 575 325 636 labam.
340 566 385 653 9.]
677 561 875 624 HISTORIA
903 559 1201 624 elaboraturos.
1593 558 1652 620 127

222 704 339 802 iaculo
354 701 580 775 vulneramur
602 703 637 769 at
660 697 879 794 preparando
905 696 1090 792 magnifice
1107 697 1225 792 galeas
1246 707 1282 769 et
1302 715 1428 784 naves,
1447 694 1537 767 sicut
1555 691 1655 766 decet

226 825 483 924 imperatoriam
496 823 709 915 majestatem
722 879 730 910 ‚
745 822 792 896 de
805 819 989 917 lestin0(c)
1003 831 1175 894 succursu
1190 817 1249 893 die
1264 841 1305 893 ac
1322 826 1423 892 nocte
1439 816 1656 913 disponimus

228 962 263 1026 et
289 951 367 1024 sine
402 947 658 1022 intromissione
689 947 806 1042 aliqua
836 947 1040 1042 cogitamus.
1071 943 1169 1020 Heul
1199 955 1370 1040 quantum
1404 943 1651 1039 obprobrium,

228 1085 359 1174 quanta
382 1073 558 1163 conlusio,
575 1081 729 1168 quamue
751 1071 885 1169 pudor!
907 1073 984 1148 Non
1005 1071 1265 1168 compatiuntur
1285 1070 1441 1144 membra
1466 1067 1654 1164 capitisue

228 1201 326 1299 quod
345 1221 407 1296 pro
425 1198 527 1272 nobis
543 1206 592 1269 tot
607 1196 718 1270 voluit
734 1197 937 1291 obprobria,
958 1205 1007 1270 tot
1022 1197 1194 1294 supplicia
1212 1196 1394 1269 sustinere.
1417 1194 1493 1266 Non
1514 1213 1653 1288 compa-

230 1327 362 1400 tiunlur
377 1324 439 1396 filii
459 1323 559 1394 matri
580 1343 600 1394 a
622 1324 722 1416 cujus
742 1331 824 1394 sunt
840 1322 1006 1396 uberibus
1022 1322 1156 1412 satiati,
1172 1344 1278 1418 quam
1296 1319 1428 1392 inimici
1447 1317 1560 1391 erucis
1579 1339 1656 1414 per·

231 1473 368 1526 cuasam
391 1463 425 1522 et
448 1449 653 1542 flagellatam
675 1446 749 1519 suis
768 1447 928 1520 vestibus
949 1448 1154 1542 spoliarunt.
1175 1449 1213 1520 ln
1236 1445 1391 1519 humeris
1414 1443 1557 1539 quidem
1576 1465 1655 1539 pro·

231 1577 316 1674 priis
330 1576 501 1650 uexillum
516 1573 733 1669 suscepimus
749 1571 908 1645 crucifixi
923 1572 985 1668 qui
1000 1595 1140 1646 crucem
1154 1582 1295 1668 propter
1310 1594 1374 1645 nos
1389 1574 1445 1647 cui
1458 1573 1656 1668 affigendus

232 1703 344 1775 luerat
362 1722 426 1773 suo
444 1721 587 1795 corpore
611 1697 793 1793 baJulavit.
812 1698 982 1783 Quocirca
1001 1698 1219 1771 universitati
1243 1707 1357 1772 vestre
1381 1723 1442 1794 per
1462 1699 1654 1795 imperialia

232 1827 359 1922 scripta
383 1824 609 1914 mandamus,
633 1823 873 1916 obsecramus,
900 1845 1065 1918 rogamus
1090 1832 1126 1896 et
1151 1824 1328 1897 hortamur
1355 1825 1448 1897 omni
1475 1823 1655 1898 affectione

232 1975 301 2048 qoa
326 1973 512 2049 possumus
536 1958 720 2023 exorantes
737 1949 904 2044 quatinus
925 1953 1062 2022 accensi
1087 1949 1161 2022 zelo
1176 1948 1299 2022 Christi
1317 1957 1353 2022 et
1371 1949 1520 2023 nominis
1537 1948 1655 2022 chris-

103 2117 107 2124 ·
234 2077 336 2170 bani,
359 2077 549 2150 recolentes
565 2075 668 2148 etiam
685 2073 833 2170 qualiter
847 2096 869 2147 a
885 2075 1011 2149 diebus
1029 2075 1183 2171 antiquis
1199 2083 1233 2148 et
1251 2075 1531 2169 generationibus
1554 2097 1655 2149 secu·

235 2201 346 2276 lorum
366 2200 522 2274 fidelium
538 2221 681 2274 suorum
698 2198 832 2273 auxilio
850 2199 1076 2296 imperatores
1097 2202 1243 2274 Romani
1269 2199 1315 2273 de
1338 2201 1497 2274 hostibus
1519 2201 1656 2296 magni-

236 2325 300 2400 lica
317 2324 593 2420 triumpharunt,
610 2346 679 2398 non
693 2324 872 2420 patiamini
887 2346 969 2414 uos,
990 2325 1096 2398 immo
1114 2347 1241 2400 nornen
1257 2324 1506 2417 Christianum,
1529 2325 1566 2398 in
1587 2335 1654 2399 tam

236 2453 294 2548 pio
322 2451 498 2548 proposito
521 2450 595 2542 jam
623 2449 790 2523 conlundi
817 2451 880 2545 qui
902 2450 949 2524 ad
977 2450 1251 2524 succurrendum
1277 2451 1314 2522 in
1342 2471 1489 2546 persona
1518 2451 1655 2546 propria

236 2585 394 2674 potenter
412 2576 503 2670 [nos]
525 2575 738 2670 accingimus
759 2585 794 2648 et
815 2597 911 2648 arma
934 2575 1080 2649 viriliter
1101 2576 1287 2672 arripimus
1306 2577 1426 2649 militie
1444 2574 1653 2668 Christiane;

238 2701 363 2790 immo,
381 2699 470 2772 sicut
493 2722 648 2794 unquam
671 2702 781 2773 Deum
801 2700 946 2796 diligitis
970 2711 1005 2773 et
1026 2701 1171 2796 gratiam
1194 2709 1346 2774 nostram
1365 2721 1481 2773 caram
1499 2700 1653 2791 habetis,

238 2846 300 2920 pro
328 2824 485 2896 subsidio
515 2825 618 2897 Terre
642 2825 766 2898 Sancte
791 2827 867 2899 sina
899 2826 1066 2900 dilatione
1094 2827 1131 2898 in
1157 2827 1307 2922 presenti
1339 2826 1498 2922 passagio
1525 2835 1656 2898 certum

240 2971 421 3022 numerum
442 2949 589 3021 militum
607 2950 804 3042 destinetis,
824 2963 938 3047 preter
953 2951 1213 3026 retributionem
1233 2951 1389 3024 divinam
1413 2961 1579 3048 perpetuo
1594 2975 1658 3026 vo·

240 3074 293 3146 bis
311 3083 346 3146 et
362 3073 493 3146 civitati
513 3084 626 3147 vestre
644 3075 898 3171 imperatoriam
913 3077 1154 3151 celsitudinem
1173 3077 1385 3172 obligantcs;
1404 3078 1557 3151 maxime
1575 3100 1654 3150 cum

241 3196 302 3269 lilii
321 3198 526 3294 perditionis
542 3221 604 3295 pre
621 3199 741 3273 timore
758 3201 851 3273 illius
868 3223 939 3296 quo
958 3203 1125 3274 moriente
1146 3211 1235 3275 tarra
1253 3211 1344 3274 mota
1360 3212 1429 3294 est,
1448 3224 1520 3298 quo
1537 3225 1656 3276 resur-

241 3331 343 3418 gente
359 3323 405 3396 ad
428 3325 650 3420 sepulchrum
676 3326 782 3397 territi
809 3335 891 3398 sunt
913 3328 1096 3420 custodeS,
1112 3329 1183 3420 jam
1207 3327 1307 3422 quasi
1328 3337 1432 3402 totam
1457 3329 1658 3424 reliquerint

240 3449 377 3521 Tenum
397 3450 572 3523 Sanctam.
596 3452 707 3546 Super
721 3450 789 3524 hiis
811 3461 926 3525 autem
951 3453 1054 3548 plene
1073 3453 1220 3527 credatis
1236 3462 1271 3524 cl
1287 3453 1470 3527 efficaciter
1489 3455 1659 3551 impleatis

241 3595 462 3669 quecumque
483 3574 585 3648 vobis
605 3597 652 3648 ex
670 3583 768 3672 purte
789 3575 904 3650 nostra
921 3578 1125 3650 karissimus
1143 3579 1178 3650 in
1199 3577 1333 3652 Christo
1353 3589 1450 3675 pater
1468 3581 1661 3675 Hugolinus

242 3699 409 3773 Ostiensis
422 3711 457 3773 et
467 3701 686 3775 velletrensis
699 3701 894 3799 episcopus,
905 3703 1093 3799 apostolice
1108 3703 1207 3777 Sedis
1220 3706 1369 3798 legatus,
1385 3704 1525 3778 duxerit
1539 3727 1662 3802 prepo-

244 3823 372 3918 nenda,
390 3847 495 3920 quem
512 3825 653 3922 speciali
671 3826 853 3921 diligentes
869 3826 995 3900 affectu
1016 3837 1056 3900 ut
1072 3849 1255 3924 personam
1273 3837 1424 3902 nostram
1440 3829 1486 3903 ab
1499 3830 1663 3903 omnibus

244 3947 409 4021 volumus
423 3959 458 4021 et
474 3950 687 4046 precipimus
700 3951 875 4024 honorari.

291 4075 417 4146 Datum
432 4076 584 4169 Salerni,
600 4077 644 4149 lv
662 4076 743 4150 idua
763 4077 946 4168 lehruarii,
963 4079 1153 4153 indictione
1171 4079 1230 4153 lx.

294 4199 333 4272 ln
360 4201 523 4275 eumdem
550 4201 693 4276 modum
719 4204 885 4299 scriptum
911 4215 962 4278 est
984 4205 1146 4278 omnibus
1170 4205 1370 4278 civitatibus
1396 4203 1600 4278 lombardie
1628 4213 1662 4276 st

244 4325 382 4398 Tuscia.

289 4500 329 4583 (a)
350 4503 386 4564 In
400 4505 541 4582 impresso
553 4503 678 4585 scotico,
694 4521 798 4583 parurn
814 4487 903 4568 recta.
