4368 5876
517 581 575 642 122
1016 581 1230 647 Furbnnlcl
1254 583 1430 646 sscuunl
1743 581 1823 668 [lin.
1841 584 1928 648 1221.

513 731 632 795 eontra
656 721 747 794 hunc
771 729 921 795 vestram
948 731 1076 796 ternae
1102 723 1222 796 venire
1248 719 1496 820 presumpserit
1523 719 1734 811 libertatem,
1761 723 1930 818 imperiali

514 855 629 920 nostre
657 867 792 920 camme
818 847 940 920 uncias
965 848 1039 920 auri
1067 857 1209 922 centum
1239 849 1492 945 quinquaginta
1521 867 1726 943 componere
1753 857 1927 935 teneatur,

514 972 647 1068 prelata
674 973 830 1048 libertate
845 981 959 1046 vestra
977 981 1012 1046 et
1032 973 1143 1068 gratia
1158 974 1193 1044 in
1212 995 1278 1048 suo
1295 972 1518 1046 nihilominus
1537 971 1659 1045 robore
1680 972 1857 1047 duratura.
1877 970 1933 1048 Ad

513 1096 619 1189 hujus
652 1097 758 1188 igitur
785 1097 1037 1186 concessionis,
1065 1099 1315 1194 exemptionis,
1346 1097 1566 1194 protectionis
1596 1107 1632 1170 et
1665 1095 1934 1170 confirmationis

514 1230 628 1294 nostre
654 1223 852 1296 memoriam
878 1233 913 1296 et
938 1224 1045 1296 robur
1069 1233 1235 1320 perpetuo
1252 1225 1440 1297 valiturum
1463 1245 1605 1320 presens
1624 1223 1846 1321 priuilegium
1873 1243 1934 1318 per

514 1367 638 1419 manus
653 1347 771 1421 iacobi
791 1348 836 1423 da
853 1348 993 1422 Catania
1008 1349 1130 1422 notarii
1147 1359 1182 1422 et
1197 1348 1309 1423 fidelis
1326 1347 1433 1422 nosbi
1449 1349 1553 1421 scribi
1567 1358 1602 1421 et
1619 1348 1731 1443 sigillo
1747 1347 1933 1441 majestatie
2028 1415 2030 1421 .

515 1482 630 1545 nostre
645 1473 815 1565 jussimus
829 1475 1049 1568 communiri,
1070 1496 1175 1567 anno,
1192 1496 1312 1548 mense
1325 1484 1361 1548 et
1378 1473 1567 1548 indictione
1580 1472 1798 1569 subscriptis.

561 1600 687 1671 Datum
707 1600 837 1672 Salerni
858 1609 934 1696 post
952 1601 1084 1674 cunam
1100 1600 1214 1695 Capue
1233 1600 1456 1687 celebratam,
1475 1619 1568 1671 anno
1584 1598 1758 1673 dominice
1778 1597 1933 1670 incarna-

516 1723 618 1796 tionis
636 1725 818 1799 millesimo
839 1725 1076 1799 ducentesimo
1094 1725 1263 1821 vigesimo
1281 1727 1405 1822 primo,
1422 1747 1541 1797 mense
1559 1723 1741 1812 februarii,
1761 1723 1809 1794 lX
1828 1720 1936 1795 indic·

515 1849 630 1940 tionis,
642 1849 954 1945 regnantedomino
967 1861 1083 1924 nostro
1093 1851 1266 1926 Friderico
1275 1853 1337 1924 Dei
1344 1851 1454 1944 gratia
1466 1850 1695 1924 illustrissimo
1703 1851 1933 1923 Romanorum

516 1975 739 2072 imperatore,
766 1998 903 2073 semper
930 1988 1077 2074 augusto
1106 1987 1142 2050 et
1169 1999 1252 2073 rege
1276 1977 1410 2069 Sicilie,
1431 1975 1567 2072 imperii
1589 1977 1665 2070 ejus
1686 1997 1779 2050 anno
1804 1974 1931 2071 primo,

517 2100 614 2195 regni
632 2121 717 2173 vero
735 2099 850 2174 Sicilie
867 2123 958 2176 anno
978 2103 1144 2176 vicesimo
1162 2104 1278 2194 tertio,
1295 2102 1450 2177 feliciter.
1468 2099 1591 2175 Amen.

742 2411 1046 2422 9-——u-—u--m
1052 2411 1686 2422 ——u-——m—--m--n-

389 2766 416 2795 c,
445 2727 452 2752 ·
572 2689 805 2798 FridericuS,
829 2661 1089 2776 Romanorum
1117 2691 1341 2804 imperator,
1366 2691 1530 2775 restituit
1555 2699 1593 2774 et
1618 2687 1821 2774 confirmet
1842 2685 1939 2769 uni-

374 2819 453 2903 ,3:0·
472 2891 478 2905 .
519 2823 637 2905 uersis
651 2824 872 2909 hominibus
887 2827 935 2908 de
950 2824 1074 2909 Ebulo
1088 2826 1329 2937 privilegium
1343 2826 1448 2938 quod
1460 2824 1572 2936 juxte
1585 2823 1761 2935 generale
1774 2820 1941 2905 edictum

520 2955 559 3037 in
589 2956 695 3039 curia
721 2958 902 3067 Capuana
928 2957 1073 3040 factum
1101 2957 1172 3042 sibi
1192 2959 1499 3068 resignaverunt,
1525 2984 1603 3070 quo
1624 2958 1707 3068 ipse
1734 2967 1878 3039 terram
1904 2961 1942 3036 et

521 3089 696 3173 homines
710 3090 827 3202 hujus
846 3093 920 3175 loci
935 3092 975 3173 in
992 3119 1107 3177 suum
1122 3093 1344 3176 demanium
1358 3102 1549 3203 receperat
1563 3102 1601 3176 et
1614 3093 1716 3176 bona
1729 3091 1786 3175 eis
1799 3087 1942 3173 utenda

521 3223 811 3309 confirmaverat
824 3227 964 3336 quibus
978 3227 1214 3338 temporibus
1228 3229 1329 3338 regis
1344 3225 1537 3312 Guillelmi
1552 3226 1708 3310 secundi
1717 3222 1937 3309 utebantur.

604 3442 777 3513 (Memorat
801 3459 847 3521 ep.
869 3445 1037 3515 Bouana,
1051 3443 1162 3525 Repert.
1183 3443 1300 3521 imper,
1320 3460 1351 3520 p.
1368 3451 1442 3523 tto,
1455 3453 1489 3504 n⁰
1505 3451 1580 3519 tra,
1594 3459 1631 3506 ex
1655 3447 1843 3520 transumpto
1861 3437 1943 3518 qued

644 3551 759 3610 lnrenlt
772 3551 858 3613 Pertz
871 3554 904 3612 ln
918 3556 1026 3630 regest.
1041 3550 1189 3612 Alexand.
1205 3550 1258 3624 IV,
1274 3550 1300 3622 1,
1317 3554 1379 3624 eo.)

576 3731 639 3803 Per
658 3755 780 3806 manus
796 3735 913 3808 laconi
931 3737 976 3810 de
991 3737 1130 3810 Catenis
1148 3735 1271 3809 notarii
1289 3735 1395 3808 nostri
1400 3787 1776 3809 ..........

577 3857 701 3929 Datum
718 3859 849 3930 Salerni
863 3869 940 3956 post
956 3861 1086 3932 curium
1106 3861 1222 3955 Capua
1240 3860 1462 3952 celebratam,
1483 3881 1576 3933 anno
1590 3858 1765 3934 dominice
1782 3860 1948 3933 incarna—
1974 3825 1982 3834 ⁸

530 3981 632 4055 tionis
647 3981 826 4073 MCCXXI,
842 3984 887 4056 Ill
902 3983 983 4058 idus
996 3985 1175 4076 februarii,
1195 3984 1384 4059 indictione
1401 3985 1460 4057 lX.

349 4573 494 4673 ,fflp
589 4563 820 4672 Fridericus,
847 4567 1105 4653 Romanorum
1134 4569 1357 4680 imperator,
1381 4573 1567 4657 uniuersis
1595 4574 1745 4685 imperii
1772 4575 1952 4660 fidelihus

535 4708 572 4780 et
585 4699 763 4783 omnibus
776 4699 991 4785 ciumtibus
1008 4701 1257 4789 lombardiae
1269 4714 1308 4789 et
1320 4707 1477 4793 Tusciae
1490 4711 1649 4794 mandat
1662 4719 1705 4794 ut
1722 4711 1883 4795 uiriliter
1901 4713 1952 4795 ad
