4292 5894
569 524 631 588 334
1068 528 1282 592 aurosam!
1307 529 1483 593 arcuum
1788 530 1870 609 [An.
1892 528 1984 590 lm

569 661 716 756 Spoleti,
744 661 912 734 llanricns
937 683 1053 736 comes
1076 663 1123 738 de
1149 666 1334 756 liberetur,
1367 665 1525 740 Siiredus
1548 685 1663 738 comes
1684 665 1838 752 vienne,
1864 665 1986 739 canii

569 786 794 880 quamplures
809 785 982 882 principes
999 798 1033 860 et
1049 797 1228 882 magnates
1241 789 1373 886 imperii
1390 800 1425 862 et
1441 791 1553 886 regni.

619 909 763 1000 Signum
780 909 911 982 domini
927 911 1092 986 Fridorici
1108 913 1252 988 menradi
1270 900 1485 988 invictissimi
1504 917 1734 988 llomanomm
1750 915 1983 1010 immaturis,

569 1053 706 1128 semper
723 1035 861 1127 augusti
877 1043 912 1107 et
928 1035 1018 1129 regis
1030 1037 1158 1110 Sicilie.

616 1155 701 1230 Acta
728 1165 811 1230 aunt
835 1158 901 1230 hec
931 1182 1022 1233 anno
1052 1160 1225 1234 dominice
1257 1161 1503 1236 incarnationis
1533 1161 1714 1234 millesimo
1742 1161 1984 1234 ducentesimo

570 1281 697 1368 XXlll,
715 1303 833 1355 mense
854 1283 985 1374 martii,
1009 1283 1197 1358 indictione
1215 1287 1282 1377 xl,
1310 1285 1499 1382 imperante
1516 1285 1657 1360 domiuo
1674 1293 1791 1358 nostro
1808 1284 1985 1360 Friderioo

569 1406 631 1478 Dei
650 1406 759 1500 gratia
780 1409 928 1500 glorioso
948 1410 1178 1482 Romanorum
1195 1411 1419 1506 impemtore,
1440 1431 1577 1505 semper
1599 1419 1747 1503 unguem
1767 1417 1804 1481 et
1824 1431 1909 1503 rege
1927 1410 1987 1480 Si-

568 1531 658 1622 cilie,
681 1553 771 1604 anno
786 1532 921 1628 imperii
942 1537 1020 1627 ejus
1038 1535 1149 1624 tertio,
1173 1535 1270 1628 regni
1288 1555 1371 1608 veru
1384 1535 1461 1626 ejus
1476 1535 1645 1628 vigesimo
1664 1535 1800 1628 quinto,
1820 1534 1981 1606 felicita.

568 1653 690 1729 Arnen.

616 1781 741 1853 Datum
755 1781 851 1876 apud
865 1781 1096 1873 Ferentinum,
1113 1803 1217 1872 enno,
1235 1803 1353 1855 mense
1369 1790 1404 1852 et
1421 1781 1612 1856 indictione
1624 1781 1846 1876 supradictis.

1249 2123 1325 2130 ------
1331 2123 1390 2130 ..α-
1396 2121 1514 2130 --——--—.
1525 2122 1570 2129 ----
1578 2121 1732 2128 .-ο-...μ-

489 2524 497 2538 ¹
622 2419 854 2526 Fridericus,
880 2419 1138 2502 Romanorum
1156 2419 1381 2528 imperator,
1406 2417 1457 2501 ob
1480 2425 1589 2528 grata
1606 2425 1644 2499 et
1661 2421 1813 2524 acceptu
1832 2413 1985 2496 servitia

570 2553 726 2640 Gerardi
757 2553 905 2636 comitis
934 2552 1123 2636 Gelrensis
1154 2552 1373 2634 theloneum
1400 2551 1505 2662 quod
1536 2559 1616 2632 tam
1649 2549 1740 2636 otto
1766 2558 1877 2657 pater
1904 2547 1985 2656 ejus

568 2713 686 2800 quam
703 2687 784 2796 ipse
807 2687 908 2796 apud
932 2686 1115 2768 Aruheim
1130 2686 1178 2768 ab
1196 2686 1354 2794 imperio
1376 2684 1555 2767 tenebant
1573 2683 1613 2766 in
1636 2681 1768 2789 leode,
1783 2681 1834 2763 ad
1852 2681 1984 2763 villam

568 2821 718 2904 Lobcde
746 2819 925 2930 (Luhith)
952 2819 1200 2928 Trajectensis
1227 2818 1408 2902 dioecesis
1436 2815 1636 2922 transfert,
1665 2825 1709 2898 ut
1733 2815 1814 2922 ipse
1837 2821 1878 2895 et
1904 2811 1984 2922 ejus

568 2953 749 3036 haeredes
767 2951 864 3034 illud
886 2951 927 3034 in
950 2962 1175 3062 perpetuum
1192 2950 1401 3060 percipiant
1418 2961 1455 3032 et
1470 2958 1636 3032 teneant.

648 3191 767 3267 (Edldlt
784 3191 978 3266 Lscorrnnsr,
998 3187 1247 3270 Urhtawtbfitr
1259 3187 1304 3250 die
1320 3189 1414 3252 Gercd
1437 3187 1486 3250 der
1505 3186 1670 3264 Niedmd„
1686 3205 1743 3248 rw.
1765 3187 1862 3249 Band.
1880 3205 1912 3266 p.
1928 3193 1978 3254 st,

690 3308 725 3358 n⁰
737 3305 791 3372 993
807 3313 846 3357 ax
859 3297 1085 3376 Redlnghovans
1098 3299 1215 3358 summl.
1230 3315 1275 3376 ap.
1292 3297 1501 3371 Monaehlum,
1515 3303 1540 3360 t.
1555 3297 1616 3371 lli,
1634 3295 1685 3358 iol.
1703 3291 1744 3374 1.)

617 3513 655 3582 ln
673 3511 813 3584 nomine
829 3519 947 3582 sancte
965 3519 999 3582 et
1021 3509 1205 3582 individue
1221 3510 1407 3583 Trinitatis.
1434 3510 1629 3583 Fridericus
1658 3506 1837 3581 sccundus
1865 3505 1983 3580 divine

571 3637 708 3708 favente
723 3635 1150 3707 clementiallomanomm
1167 3635 1363 3730 imperator,
1380 3655 1517 3729 semper
1532 3641 1704 3728 angustus
1721 3641 1756 3704 et
1774 3653 1839 3704 mx
1852 3629 1980 3714 Sicilie,

570 3759 742 3832 universis
759 3757 882 3830 Christi
908 3757 1072 3830 fidelibus
1087 3758 1134 3830 ad
1153 3780 1242 3852 quos
1267 3781 1409 3854 presens
1426 3757 1555 3852 pagiua
1576 3755 1772 3852 pervenmit
1794 3754 1832 3825 iu
1855 3772 1983 3848 perpe-

571 3891 683 3954 tuum.
709 3883 860 3976 Dignam
888 3891 940 3954 est
970 3889 1005 3953 et
1032 3903 1054 3952 a
1079 3882 1221 3954 rationis
1246 3883 1382 3954 tramite
1405 3903 1475 3954 uon
1498 3880 1676 3954 discordet
1702 3878 1983 3974 imperialemquc

572 4007 740 4080 condecet
760 4005 1049 4099 magnificentiam
1068 4005 1176 4098 gratie
1195 4015 1309 4079 nostre
1327 4007 1481 4080 favorem
1502 4005 1709 4101 propensius
1728 4003 1797 4076 hiis
1818 3997 1982 4096 impertiri

571 4151 761 4225 eorumque
778 4130 988 4226 pmlectibns
1008 4129 1210 4222 vigilantius
1227 4129 1383 4203 insistere
1406 4130 1468 4224 qui
1491 4129 1598 4203 nostri
1615 4127 1778 4201 culminis
1794 4122 1981 4198 ferventius

571 4254 724 4326 uelantur
740 4254 921 4345 honorem,
942 4252 986 4325 de
1007 4273 1226 4348 quorumque
1250 4253 1332 4326 fidei
1356 4254 1505 4348 puritate
1526 4261 1618 4326 certa
1642 4250 1841 4343 colligimus
1863 4258 1900 4320 et
1921 4247 1979 4317 ha-

571 4378 695 4449 bemus
714 4387 930 4471 argumenta.
949 4376 1004 4448 Ad
1027 4386 1096 4448 tam
1114 4379 1323 4472 presentium
1342 4400 1447 4472 quam
1465 4379 1621 4449 futurum
1642 4374 1800 4448 notitiam
1821 4372 1979 4466 cupimus

572 4502 751 4595 pervenire
773 4501 869 4593 qnod
889 4522 969 4572 cum
990 4522 1055 4573 rex
1070 4523 1191 4596 regum
1208 4525 1269 4597 per
1284 4524 1347 4575 sue
1363 4503 1592 4576 miserationis
1614 4497 1833 4574 clementiam
1852 4495 1901 4567 ud
1918 4495 1978 4566 llo·

571 4623 665 4694 mani
687 4623 785 4716 regni
809 4645 872 4694 nos
894 4623 1028 4717 apicem
1051 4625 1288 4713 sublimasset,
1312 4627 1460 4699 dilectus
1483 4637 1599 4699 nostor
1619 4635 1657 4698 et
1676 4621 1789 4696 fidelis
1808 4619 1979 4694 Gerardm
