4298 5898
249 571 346 632 lrrnrcr.
366 567 426 646 12]
705 569 901 632 HISTORIA
925 569 1218 633 nlltoltallcrl.
1604 568 1665 629 dl't

248 705 370 802 prelati
393 703 546 801 episcopi
569 705 882 801 supplicationibus
906 707 1092 803 benignius
1116 707 1291 797 inclinati,
1312 705 1507 778 inherentes
1525 727 1665 802 quoque

249 829 405 924 vestigiis
427 829 660 924 predictorum
678 831 736 904 avi
756 842 790 904 et
807 833 914 929 patris
930 833 1038 906 nostri
1060 833 1215 906 lelicinm
1236 841 1484 927 augustorum,
1501 832 1664 905 eumdem

247 955 450 1051 episcopum
462 965 498 1028 et
508 955 620 1052 ipsam
630 954 834 1050 Regiensem
847 958 1027 1030 ecclesiam
1042 979 1122 1030 cum
1139 957 1302 1030 omnibus
1314 956 1417 1030 bonis
1431 956 1505 1029 suis
1520 956 1587 1030 suh
1598 957 1665 1029 im·

249 1079 335 1172 perii
356 1079 463 1152 nostri
487 1081 699 1174 protectione
715 1102 758 1154 ac
772 1079 973 1156 defensione
995 1082 1198 1179 recipimus,
1218 1083 1335 1156 omnic
1351 1103 1422 1177 qne
1445 1081 1664 1156 continentur

248 1203 422 1299 superius,
442 1203 533 1277 sicut
553 1226 595 1279 ea
610 1206 844 1302 suprascripta
863 1207 1061 1282 authentica
1077 1207 1259 1303 privilegia
1272 1207 1410 1303 plenius
1425 1205 1661 1298 continebant,

246 1328 363 1402 eidem
385 1328 550 1426 episcopo
568 1340 604 1404 et
620 1331 764 1406 ecclesie
783 1332 982 1428 supradicte
1007 1334 1044 1404 in
1063 1339 1268 1428 perpetuum
1288 1329 1548 1416 confirmem,
1567 1331 1665 1405 salva

249 1473 311 1547 per
329 1453 446 1526 omnia
463 1453 631 1549 imperiali
642 1455 789 1548 justitia.
809 1456 846 1529 Si
860 1457 940 1550 quis
955 1464 1073 1529 entem
1087 1455 1289 1530 temerarius
1308 1455 1452 1528 violator
1468 1454 1535 1528 hoc
1547 1463 1665 1528 nostre

249 1576 518 1652 confirmationis
539 1590 742 1677 preceptum
761 1580 948 1676 intringere
973 1580 1155 1655 tentaverit
1171 1588 1207 1653 et
1225 1603 1281 1654 res
1295 1581 1426 1675 pretate
1448 1579 1592 1654 ecclesie
1613 1579 1666 1652 in·

250 1701 379 1776 vadere
397 1711 458 1776 aut
477 1704 702 1779 intromittere
720 1705 796 1779 sine
812 1705 953 1780 licentia
970 1707 1206 1802 episcopcrum
1223 1704 1333 1800 ipsius
1349 1704 1491 1778 abhinc
1508 1705 1544 1776 in
1563 1713 1665 1778 antea

250 1829 512 1924 presumpserit,
537 1838 721 1925 cognoscat
738 1852 776 1904 se
792 1832 1061 1927 compositurum
1077 1832 1154 1904 anri
1174 1831 1254 1926 puri
1275 1829 1380 1904 libras
1400 1829 1512 1922 mille,
1533 1829 1664 1904 medic·

251 1961 355 2025 tatem
374 1975 508 2026 camere
526 1964 641 2028 nostre
656 1965 691 2029 et
708 1955 929 2029 medietatem
946 1956 1061 2030 eidem
1080 1955 1240 2051 Regiensi
1258 1955 1403 2028 ecclesie
1420 1976 1462 2027 ac
1481 1955 1557 2048 ejus
1572 1955 1668 2028 vica·

250 2077 322 2150 riis.
343 2075 397 2150 lu
418 2078 524 2172 hujus
543 2089 659 2153 autem
675 2089 790 2154 nostre
808 2079 1077 2154 confirmationis
1093 2080 1293 2154 memoriam
1316 2089 1351 2152 et
1372 2078 1478 2152 robur
1499 2089 1667 2176 perpetuo

251 2201 437 2274 valiturum
453 2225 597 2299 presens
610 2205 832 2300 privilegium
850 2205 924 2280 lieri
940 2213 975 2278 et
991 2205 1178 2300 majestatis
1190 2214 1305 2279 nostre
1319 2205 1433 2300 sigillo
1448 2205 1666 2302 precepimus

248 2327 469 2400 communiri.

300 2453 410 2545 Hujus
435 2453 486 2525 rei
509 2463 611 2526 testes
634 2463 716 2527 sunt
732 2455 905 2530 Berardm
918 2455 968 2553 (c)
985 2456 1247 2530 Panormitanus
1268 2465 1304 2528 et
1326 2455 1486 2529 Nicolaus
1505 2458 1667 2532 Tarenti-

250 2598 318 2649 nus
333 2577 381 2673 (d)
398 2577 665 2674 archiepiscopi,
688 2579 853 2654 Girardus
873 2579 1096 2654 Tridentinus
1115 2590 1149 2653 et
1166 2579 1344 2654 Conradus
1357 2582 1578 2674 Tergestinus
1593 2585 1667 2679 epi-

247 2703 359 2797 scopi,
377 2703 527 2777 Joaunes
539 2704 649 2777 abbas
660 2705 860 2798 Cesemarii,
873 2705 1071 2780 Wilielmus
1083 2705 1236 2779 murchin
1250 2706 1509 2798 Montisferrati,
1524 2707 1668 2803 Raynal-

250 2826 318 2898 dus
330 2827 408 2900 dux
425 2829 553 2922 Spoleti
570 2837 605 2901 et
621 2851 727 2923 quem
745 2830 862 2924 plnres
878 2829 949 2902 alii.

300 2950 445 3045 Signum
465 2951 599 3026 domini
619 2953 774 3028 Federici
796 2954 825 3024 ll
846 2953 909 3026 Dei
929 2953 1041 3048 gratia
1063 2953 1282 3027 invictissimi
1300 2955 1531 3030 Romanorum
1553 2957 1668 3054 impe-

251 3074 389 3164 ratoris,
414 3097 549 3172 semper
567 3079 708 3170 augusti
722 3087 759 3151 et
773 3078 866 3173 regis
882 3078 1010 3152 Sicilie.
1565 3161 1566 3164 ,

300 3198 386 3272 Acta
408 3212 489 3272 sunt
510 3201 576 3274 hec
597 3224 689 3278 anno
707 3202 881 3276 dominice
904 3203 1150 3276 incarnationis
1171 3203 1380 3296 Mccxxlv,
1402 3227 1520 3280 meuse
1538 3208 1666 3298 martii,

251 3322 313 3394 llll
335 3321 547 3417 indictionis,
563 3326 755 3422 imperante
770 3324 912 3399 domino
933 3336 1049 3400 nostro
1061 3326 1227 3402 Federico
1248 3328 1278 3400 ll
1295 3329 1358 3401 Dei
1381 3328 1492 3424 gratia
1512 3331 1668 3404 invictis-

251 3448 339 3520 simo
349 3447 581 3523 Romanorum
595 3451 812 3546 imperatore,
826 3471 962 3546 semper
975 3462 1124 3547 augusto
1136 3460 1171 3524 et
1184 3473 1265 3547 rege
1275 3453 1404 3547 Sicilie,
1418 3475 1510 3528 auno
1523 3455 1667 3530 Romani

251 3571 387 3667 imperii
405 3575 481 3666 ejus
495 3574 554 3665 tv,
572 3576 670 3668 regni
685 3597 770 3650 vero
785 3576 901 3650 Sicilie
914 3576 1038 3663 XXVI,
1055 3576 1210 3649 feliciter.
1228 3575 1352 3650 Amen.

300 3698 427 3771 Datum
440 3697 621 3792 Cathanie,
640 3722 746 3790 anno,
766 3723 885 3774 mense
898 3709 934 3773 et
948 3699 1138 3775 indictione
1152 3702 1359 3798 prescriptis.

306 4169 538 4278 Fridericus,
567 4173 827 4257 Romanorum
859 4175 1080 4286 imperator,
1105 4176 1155 4260 ed
1182 4177 1497 4302 supplicationem
1525 4179 1669 4266 Nicolei
1713 4195 1846 4295 “md

246 4303 418 4414 episcopi
427 4304 578 4415 Regini,
590 4306 623 4389 ei
638 4315 675 4390 et
687 4308 867 4392 ecclesiae
880 4308 962 4419 ejus
976 4309 1178 4394 confirmat
1190 4311 1431 4424 privilegium
1445 4341 1468 4398 a
1480 4324 1588 4427 patre
1598 4341 1668 4404 sno

249 4437 415 4521 ilenrico
432 4438 660 4548 imperatore
678 4444 732 4522 al
749 4443 841 4525 maii
860 4437 964 4526 1195
977 4445 1184 4529 indultum.

293 4595 330 4674 (a)
351 4597 406 4676 Ap.
423 4599 597 4662 Tlruboschl
612 4599 809 4672 Bertrondur,
825 4603 911 4666 male.

295 4703 335 4779 (d)
355 4707 412 4783 Ap.
430 4705 549 4787 Ughellt
570 4707 807 4787 Torrnrcrrcrrrr‘r,
822 4713 910 4774 mele.

354 4813 396 4873 ll.
