4298 5898
226 597 327 658 busur.
345 591 406 678 12]
677 587 875 650 HISTORIA
899 587 1190 651 utrbottattca
1581 585 1641 648 stt

226 731 293 828 ipsi
312 732 433 804 iratres
455 727 584 801 habent
600 725 636 796 in
655 725 874 818 civitatibuS,
900 726 1020 800 castris
1041 734 1077 798 ct
1094 723 1263 798 fortalitiis
1279 725 1377 819 regni
1396 723 1503 796 nostri
1524 733 1559 796 et
1582 733 1639 796 te·

227 855 390 929 nimentis
402 874 534 942 earum,
547 849 728 923 occasione
737 851 924 924 utilitatum
933 873 1022 946 quas
1034 851 1115 926 inde
1127 871 1190 946 pro
1205 859 1357 945 tempore
1368 857 1636 942 consequentur,

227 981 264 1054 in
292 980 446 1075 ipsorum
468 974 761 1072 reparationibus,
788 975 1039 1050 munitionibus
1066 985 1127 1049 aut
1147 976 1226 1048 aliis
1249 975 1415 1059 servitiis,
1440 972 1561 1063 datiis,
1583 971 1640 1044 vel

228 1104 378 1176 collectis
400 1101 549 1198 publicis
575 1100 631 1172 vel
656 1099 801 1195 privatis
819 1101 953 1174 solvere
979 1101 1113 1197 aliquid
1135 1107 1329 1173 teneantur.
1354 1099 1555 1192 Passagium
1584 1097 1642 1169 in-

228 1248 333 1322 super
350 1227 414 1298 lori
430 1221 510 1298 cum
534 1224 697 1297 omnibus
720 1224 924 1320 equitaturis
942 1227 1015 1298 suis
1030 1226 1179 1298 liberum
1198 1225 1364 1315 habeant,
1392 1233 1426 1296 et
1448 1246 1509 1318 per
1533 1231 1641 1295 totum

231 1369 383 1447 regnum·
396 1361 551 1424 nostrum
568 1349 688 1422 tamin
706 1350 892 1425 vendendo
905 1373 1012 1444 quam
1026 1351 1062 1422 in
1075 1351 1235 1441 emendo,
1252 1350 1368 1422 eundo
1390 1351 1448 1422 vel
1464 1345 1643 1420 redeundo

232 1484 322 1548 terra
348 1477 404 1547 vel
420 1475 508 1547 mari
528 1474 574 1547 ab
594 1475 687 1546 omni
704 1475 886 1547 exactione
906 1475 1075 1572 passagii,
1103 1475 1256 1569 dogane,
1285 1475 1455 1570 plateatici
1478 1475 1553 1546 sive
1581 1495 1642 1569 pe-

231 1598 326 1692 dagii
345 1599 507 1672 volumus
528 1611 693 1694 perpetuo
716 1597 788 1672 lore
810 1600 995 1672 immunes.
1019 1601 1134 1673 Liceat
1156 1601 1260 1672 etiam
1287 1601 1338 1673 eis
1361 1623 1423 1696 per
1449 1609 1558 1672 totum
1581 1598 1644 1670 de·

232 1722 385 1795 manium
409 1733 562 1796 nostrum
592 1723 697 1796 libera
722 1723 848 1796 habere
871 1746 1001 1819 pascua
1023 1746 1086 1820 pro
1113 1725 1274 1798 omnibus
1299 1725 1506 1797 animalibus
1534 1723 1644 1819 ipsius

232 1847 450 1938 monasterii,
480 1856 669 1920 statuentes
699 1849 794 1943 quod
825 1850 942 1921 nullus
974 1871 1035 1944 pro
1068 1851 1275 1922 animalibus
1303 1849 1413 1946 ipsius
1447 1849 1643 1922 monasterii

233 1971 450 2066 herbagium,
469 1971 705 2066 glandaticum
720 1975 776 2044 vet
800 1975 1019 2068 plateaticum
1040 1995 1100 2046 sen
1119 1975 1316 2070 passagium
1334 1975 1475 2068 exigere
1495 1974 1641 2063 audeat;

233 2119 299 2170 nec
318 2097 464 2171 obsistat
478 2098 528 2170 eis
547 2097 577 2169 si
598 2096 644 2170 de
662 2097 824 2171 demanio
842 2109 957 2172 nostro
975 2099 1079 2172 alicui
1099 2101 1320 2189 concedatur,
1341 2099 1404 2171 sed
1427 2099 1517 2172 hanc
1537 2099 1645 2172 liber-

234 2230 338 2296 tatem
356 2233 390 2295 et
405 2221 492 2296 alias
509 2245 615 2319 quam
633 2233 668 2296 et
684 2245 772 2317 quas
790 2223 905 2319 ipsum
924 2225 1168 2297 monasterium
1188 2224 1290 2296 modo
1312 2224 1415 2296 habet
1439 2223 1532 2295 omni
1554 2232 1645 2295 tem-

234 2368 319 2444 pore
337 2346 463 2420 habeat
481 2357 516 2419 et
535 2347 723 2442 possideat.
742 2348 940 2422 Molendina
957 2349 1061 2422 etiam
1082 2359 1117 2422 et
1138 2350 1283 2422 fullones
1301 2369 1380 2422 cum
1393 2371 1563 2442 aquarum
1580 2371 1645 2421 usu

235 2471 364 2545 habere
375 2494 437 2568 pro
446 2473 566 2568 pratis,
577 2473 697 2566 hortis,
710 2475 868 2568 virgultis
877 2483 912 2548 et
922 2475 998 2546 aliis
1007 2475 1209 2549 necessariis
1218 2496 1338 2548 eornm
1347 2475 1569 2549 concedimus
1575 2475 1648 2567 jam

236 2596 329 2670 dicto
340 2597 457 2671 abbati
467 2609 502 2670 et
511 2599 673 2671 tratribus
681 2599 769 2691 ejus,
781 2609 816 2671 et
827 2609 896 2672 tam
910 2600 1057 2672 tamulcs
1067 2621 1173 2694 quam
1184 2601 1316 2672 oblatos
1329 2599 1439 2695 ipsius
1452 2598 1649 2674 monasterii

236 2721 283 2794 ab
296 2722 458 2796 omnibus
471 2722 633 2816 servitiis,
649 2723 753 2798 datiis
765 2733 800 2797 et
815 2725 965 2798 collectis
976 2725 1124 2821 publicis
1136 2727 1194 2798 vel
1204 2725 1346 2821 privatis
1358 2725 1532 2798 absolutos
1545 2725 1649 2798 volu-

236 2869 315 2918 mus
331 2868 406 2920 esse
423 2848 566 2943 ubique,
584 2850 787 2925 mandantes
802 2857 840 2922 ut
854 2850 949 2922 nulla
965 2870 1112 2945 persona
1129 2851 1205 2946 ipsa
1224 2849 1410 2923 tenimenta
1425 2851 1480 2922 vel
1495 2851 1563 2923 alia
1574 2850 1651 2923 loca

237 2993 357 3045 eorum
375 2972 541 3047 invadere
558 2974 614 3046 vel
634 2975 797 3048 animalia
818 2997 879 3048 seu
900 2974 1065 3048 mandras
1086 2996 1205 3048 eorum
1229 2976 1410 3048 molestare
1431 2976 1487 3048 vel
1512 2996 1652 3048 movere

237 3097 295 3168 vel
307 3097 373 3169 alia
392 3099 554 3172 animalia
566 3100 811 3195 superinjicere
826 3097 1031 3198 [presumat]
1048 3109 1109 3172 aut
1122 3100 1256 3195 aliquid
1273 3101 1369 3173 aliud
1385 3102 1460 3174 sive
1472 3101 1653 3174 occasione

236 3221 365 3316 aliqua.
387 3224 626 3315 Herbaticum,
647 3224 903 3318 glandaticum,
925 3224 1140 3297 terreaticum
1165 3247 1226 3298 seu
1253 3223 1405 3298 decimas
1426 3226 1652 3320 terragiorum

235 3356 271 3418 ct
288 3347 440 3441 quelibet
450 3349 529 3440 jura
549 3349 616 3422 alia
633 3349 767 3443 integre
783 3349 828 3421 ab
846 3349 904 3422 illo
917 3349 1085 3445 recipiant
1102 3350 1234 3444 absque
1248 3351 1395 3445 alicujus
1412 3373 1557 3446 persone
1571 3371 1653 3423 con·

238 3469 451 3545 tradictione.
471 3473 522 3544 De
538 3472 835 3547 abundantissima
853 3495 994 3570 quoque
1015 3475 1125 3569 gratia
1145 3483 1261 3548 nostra
1281 3476 1504 3548 concedimus
1516 3484 1552 3549 et
1564 3497 1653 3548 con·-

237 3593 588 3690 firmamusjamdicto
602 3599 808 3671 monasterio
821 3620 942 3671 omnes
955 3597 1157 3673 donationes
1170 3609 1205 3672 et
1217 3601 1502 3674 commutationes
1516 3610 1551 3674 et
1565 3623 1653 3697 quas

237 3740 301 3814 pro
316 3720 498 3793 animabus
530 3723 770 3798 detunctorum
801 3723 851 3795 ibi
880 3725 1038 3818 legantur
1062 3725 1265 3798 oblationes.
1293 3724 1520 3798 Concedimns
1547 3727 1651 3802 ctiam

238 3845 436 3939 supradicto
462 3847 668 3920 monasterio
691 3867 811 3920 omues
834 3848 1007 3920 libertates
1024 3857 1058 3919 et
1077 3849 1205 3942 gratias
1227 3871 1315 3944 quas
1340 3851 1417 3922 aliis
1437 3852 1654 3925 monasteriis

239 3969 458 4041 meminimus
480 3972 701 4044 concessisse.
720 3972 810 4044 Nulli
834 3981 950 4044 autem
972 3973 1072 4046 liceat
1090 3995 1144 4045 res
1160 3983 1195 4045 et
1217 3975 1292 4046 loca
1312 3976 1508 4046 monasterii
1539 3976 1650 4072 ipsius

239 4092 295 4164 rel
312 4093 534 4189 grangiarum
550 4118 692 4169 suarum
711 4096 878 4170 invadere
893 4106 954 4169 aut
969 4097 1087 4192 aliquo
1107 4098 1211 4170 modo
1231 4099 1283 4170 eis
1301 4101 1490 4172 molestiam
1509 4101 1647 4193 inferre,

237 4216 301 4291 sed
325 4220 438 4292 omnia
461 4230 531 4294 tam
552 4221 691 4294 mobilia
712 4242 817 4315 quam
838 4221 975 4295 stabilia
993 4221 1187 4295 secundum
1211 4223 1420 4296 voluntatem
1444 4235 1478 4297 et
1501 4225 1651 4321 disposi-

239 4341 367 4414 tionem
393 4345 528 4417 abbatis
554 4354 589 4418 et
613 4346 756 4418 fratrum
783 4345 1024 4442 possideantur
1045 4355 1080 4420 et
1106 4345 1323 4420 ordinentur.
1350 4351 1418 4435 Qui
1446 4353 1649 4424 verbaliter

239 4465 357 4539 lecerit
372 4477 406 4540 et
422 4470 620 4543 contrahes
636 4470 835 4568 supradicta
850 4493 939 4546 ausu
957 4471 1138 4544 temerario
1156 4474 1275 4547 venire
1287 4476 1546 4571 presumpserit,
1560 4476 1648 4549 iram

238 4601 273 4663 ct
296 4591 569 4687 indignationem
596 4605 746 4669 nostram
776 4598 941 4669 incurrat.
971 4597 1014 4669 Et
1035 4597 1117 4669 licet
1142 4597 1178 4669 in
1206 4597 1283 4670 aliis
1306 4599 1497 4695 privilegiis
1523 4601 1648 4674 nostris

234 4714 422 4807 jubmmus
443 4741 580 4818 semper
593 4722 721 4818 apponi
739 4721 929 4795 clausulam
953 4720 1138 4817 illamqua
1160 4719 1287 4795 dicitur
1307 4724 1406 4798 salvo
1432 4725 1594 4801 mandato
1614 4734 1650 4798 et

339 4841 379 4903 11.
1454 4858 1492 4910 se
