4298 5898
516 555 578 620 428
1023 555 1234 620 ruinnaldi
1261 557 1435 620 sscitant
1745 561 1825 640 [hs.
1843 563 1927 624 1221„

519 703 651 790 quanto
675 693 798 766 allecto
825 703 1026 790 quantaque
1049 693 1213 768 instantia
1239 705 1273 768 te
1301 695 1539 792 quampluries
1575 717 1643 769 non
1672 699 1785 771 solum
1811 699 1929 772 litteris

520 817 584 892 scd
605 817 689 891 viva
713 837 800 890 voce
827 838 890 913 pro
916 818 992 914 ipso
1018 818 1238 913 rogavimus,
1267 827 1303 893 et
1325 831 1456 916 quanta
1483 821 1729 916 pollicitatione
1752 831 1788 896 te
1807 824 1929 897 nostris

519 942 684 1042 precibus
711 941 876 1016 annuisse
905 963 1002 1038 spem
1030 941 1190 1032 dederis,
1219 965 1440 1041 nequaqnam
1468 947 1583 1020 forsan
1612 955 1731 1021 uonna
1755 949 1868 1045 ipsum
1894 949 1928 1020 in

519 1069 638 1164 aliquo
655 1067 891 1164 processisses,
914 1067 977 1142 sed
992 1089 1075 1142 enm
1088 1067 1281 1166 specialiter
1298 1080 1414 1146 nostro
1426 1070 1630 1145 honorasses
1647 1073 1808 1163 obtentn;
1828 1083 1862 1148 et
1881 1073 1931 1146 sic

521 1195 609 1269 falsa
634 1204 726 1268 esset
747 1191 978 1288 quorumdam
1002 1193 1121 1291 opinio
1144 1195 1371 1268 asserentium
1390 1195 1487 1291 quod
1513 1195 1559 1269 ad
1584 1195 1652 1270 hoc
1675 1199 1790 1296 ipsum
1813 1199 1930 1271 laeuis

521 1319 668 1396 detineri
684 1327 723 1392 ut
738 1317 839 1391 nobis
857 1317 1006 1392 donares
1021 1319 1196 1394 eumdem.
1219 1319 1377 1394 Ceterum
1395 1341 1440 1394 no
1457 1321 1694 1396 liberalitatem
1711 1331 1807 1395 tuam
1826 1343 1931 1418 ques·

518 1445 671 1521 tionibus
689 1445 912 1540 impugnare,
928 1442 993 1517 sed
1011 1444 1128 1540 potius
1142 1444 1386 1518 commendare
1401 1445 1564 1544 precibus
1580 1445 1805 1538 deberemus,
1822 1448 1930 1521 velle·

520 1593 599 1646 mus
613 1579 655 1643 ut
667 1569 856 1666 prudenter
871 1567 962 1641 sicut
979 1566 1080 1642 decet
1096 1567 1278 1644 attendens
1290 1569 1387 1664 quod
1402 1569 1557 1645 Christus
1570 1591 1639 1646 non
1653 1571 1850 1662 dimidium,
1869 1572 1930 1645 sed

518 1707 629 1772 totum
645 1694 819 1770 bominem
844 1696 982 1768 salvum
1000 1695 1099 1787 lecit,
1118 1703 1154 1770 et
1177 1696 1363 1772 advertens
1378 1693 1475 1792 quod
1497 1697 1635 1794 proprie
1653 1697 1864 1771 liberalitatis
1880 1707 1929 1770 cst

454 1812 461 1828 ’
519 1822 699 1922 proprium
720 1822 823 1916 plura
842 1819 1033 1894 concedere
1056 1840 1162 1915 qnam
1182 1829 1336 1916 rogetur,
1358 1842 1400 1894 eo
1421 1821 1519 1917 quod
1538 1823 1728 1919 semiplena
1752 1831 1804 1896 est
1824 1823 1928 1916 gratia

519 1949 577 2022 cui
593 1943 727 2042 aliquid
742 1966 811 2018 non
833 1943 1007 2039 adjicitur,
1024 1943 1071 2018 ad
1094 1966 1157 2018 nos
1173 1944 1305 2018 dictum
1323 1946 1483 2020 comitem
1500 1951 1640 2040 [mium]
1657 1947 1804 2021 liberum
1822 1948 1929 2021 reuni-

521 2073 644 2164 sisses3
662 2071 744 2167 quia
758 2093 837 2144 curn
856 2067 993 2143 fictione
1007 2069 1055 2167 (a)
1069 2069 1157 2164 juris
1174 2079 1272 2166 pater
1284 2081 1320 2144 et
1334 2070 1427 2144 lilius
1441 2070 1677 2168 intelligantur
1688 2095 1759 2146 una
1772 2094 1926 2169 persona,

519 2219 741 2294 nequaquam
758 2203 868 2269 tolum
886 2195 1001 2292 ipsum
1020 2203 1153 2270 retento
1173 2195 1245 2270 lilio
1260 2218 1324 2270 suo
1345 2197 1446 2271 nobis
1465 2197 1662 2272 reddidisse
1678 2199 1825 2290 rideris,
1847 2219 1929 2294 pre-

520 2323 638 2398 sertim
661 2344 742 2395 cum
762 2324 1012 2416 nonnunquam
1037 2320 1219 2393 nobiscum
1241 2321 1369 2394 allecto
1393 2320 1541 2397 naturali
1568 2324 1724 2416 fallente,
1742 2332 1839 2420 pater
1861 2343 1927 2396 non

520 2449 636 2523 minus
653 2448 689 2520 in
705 2445 777 2520 filio
792 2467 898 2541 quam
916 2445 952 2518 in
969 2445 1084 2541 seipso
1099 2447 1207 2520 soleat
1225 2446 1385 2520 cruciari.
1403 2448 1447 2520 Ul
1461 2448 1567 2544 igitur
1582 2457 1632 2522 tot
1650 2449 1830 2521 inculcatio
1847 2469 1929 2542 pra-

519 2596 600 2648 cum
618 2583 813 2646 nostrarum
834 2569 929 2668 apud
948 2579 982 2643 te
1001 2571 1142 2667 plenum
1166 2571 1328 2646 sortiatur
1346 2571 1506 2646 effectum
1529 2594 1594 2648 nec
1612 2574 1727 2646 minus
1746 2582 1807 2646 tua
1823 2575 1928 2646 soluat

518 2698 704 2774 liberalitas
716 2721 822 2795 quam
838 2697 1009 2795 promisit,
1024 2698 1237 2794 imperialem
1251 2699 1554 2773 mansuetudinem
1567 2722 1742 2796 rogamus,
1756 2721 1929 2774 monemus

517 2835 551 2901 et
572 2827 750 2898 hortamur
771 2832 901 2896 attente
923 2820 1019 2895 omni
1044 2822 1225 2897 affectione
1246 2846 1316 2919 qua
1340 2846 1527 2922 possumus
1551 2824 1717 2919 quatinus
1743 2824 1930 2916 recogitans

521 2949 786 3044 magnanimiter
800 2946 895 3044 quod
913 2947 948 3019 in
963 2947 1128 3022 donando
1149 2958 1185 3022 et
1201 2949 1237 3021 in
1252 2950 1427 3047 parcendo
1445 2950 1657 3023 immensitas
1673 2958 1770 3024 tantu
1788 2949 1928 3046 principi

520 3076 652 3172 optima
677 3083 729 3148 cst
750 3093 933 3158 mensura,
949 3073 1081 3147 dictum
1101 3073 1236 3147 comitis
1250 3073 1359 3148 filium
1376 3075 1562 3150 liberaliter
1577 3075 1677 3148 nobis
1693 3075 1838 3169 donans,
1853 3097 1929 3148 eum

521 3198 567 3274 ad
589 3220 652 3272 nus
675 3199 833 3272 absolute
854 3197 1025 3291 remittas,
1052 3196 1136 3294 quia
1159 3221 1222 3295 pro
1246 3199 1339 3274 dicto
1364 3200 1489 3274 comite
1510 3221 1574 3273 nos
1599 3198 1814 3292 fidejussoria
1839 3199 1930 3273 obli-

521 3347 645 3422 gamus
666 3323 762 3420 qnod
780 3331 898 3396 contra
918 3332 952 3396 te
970 3323 1056 3394 nibil
1077 3324 1215 3420 penitus
1236 3324 1469 3420 attemptabit,
1489 3325 1552 3398 sed
1576 3347 1639 3422 pro
1655 3346 1758 3422 posse
1778 3326 1847 3398 tuis
1869 3323 1931 3396 be-

518 3450 700 3548 neplacitis
718 3449 941 3545 obsequetur,
962 3470 1106 3547 sperans
1124 3449 1220 3546 apud
1235 3459 1269 3524 te
1285 3451 1392 3524 nostri
1408 3451 1561 3526 maxime
1576 3453 1773 3524 interventu
1790 3471 1930 3546 pmpen·

520 3576 645 3651 siarum
664 3575 809 3671 gratiam
825 3572 996 3648 invenire.
1016 3575 1140 3647 Preces
1153 3585 1269 3648 autem
1290 3585 1424 3648 nostras
1438 3576 1504 3650 hac
1519 3577 1597 3650 vice
1617 3575 1730 3649 taliter
1747 3573 1931 3671 adimpleas

521 3702 618 3798 quod
641 3698 826 3773 mendaces
844 3698 1008 3775 ostendas
1023 3699 1101 3773 illos
1119 3699 1181 3794 qui
1203 3721 1250 3772 ex
1267 3699 1333 3774 boc
1350 3709 1469 3774 contra
1491 3711 1525 3775 te
1543 3699 1757 3774 mendaciter
1779 3720 1930 3772 murmu-

521 3834 618 3914 rant,
640 3833 676 3899 et
696 3845 760 3898 nos
774 3823 1005 3898 sinceritatem
1028 3833 1125 3897 tuam
1146 3824 1426 3900 commendantes
1449 3827 1486 3898 in
1507 3824 1655 3900 Domino
1674 3823 1802 3900 reddas
1817 3823 1930 3898 merito

524 3951 674 4025 latiores.

564 4101 603 4185 (a)
623 4103 659 4165 In
673 4103 832 4166 Godlclbns
845 4107 945 4164 tamen
950 4101 1091 4184 factiosae.

525 4341 612 4399 »cilia
628 4342 664 4399 ab
684 4341 847 4417 imperatore
867 4341 969 4400 detenti
990 4342 1025 4400 ad
1045 4341 1224 4402 interventum
1245 4343 1355 4401 lionorii
1371 4357 1457 4418 pupae
1475 4342 1581 4400 dimissi
1601 4348 1666 4401 sunt
1682 4341 1759 4400 liberi
1781 4350 1810 4400 et
1825 4354 1929 4416 reguum

525 4460 539 4494 ι
555 4448 664 4511 exeunt,
679 4440 736 4499 suis
749 4445 838 4498 minan
851 4439 912 4498 liliis
923 4446 952 4498 et
965 4441 1109 4517 nepotibus
1122 4457 1174 4516 pro
1187 4457 1217 4500 se
1229 4441 1370 4500 obsidibus
1383 4440 1464 4499 datis.
1479 4461 1492 4494 r
1505 4440 1581 4498 llaec.
1594 4457 1631 4498 nn
1644 4441 1673 4500 S.
1689 4439 1794 4512 (im,
1809 4437 1927 4499 olma.

526 4537 563 4596 od
576 4553 642 4596 ooo.
