4292 5894
198 533 301 597 luurcr.
319 534 380 614 11.]
649 531 845 596 HISTORIA
867 529 1162 592 brunonnrlcs.
1553 532 1613 596 333

201 669 397 764 prepositus
415 667 461 740 ds
479 669 616 757 Tanna,
636 667 814 740 Ebrardus
834 667 880 740 de
896 667 1019 755 Lutra,
1039 666 1257 738 Burmannus
1276 663 1321 738 de
1336 663 1481 757 Calena,
1501 665 1615 740 Guido

200 791 426 866 Buonieambi
454 791 698 880 Bononiensis,
727 791 874 866 Rufinus
909 791 1080 864 Presbiter
1107 789 1347 877 Placentinus,
1375 790 1546 864 lohannes
1570 791 1616 865 de

200 917 308 1011 Regio
329 916 466 1008 judices
491 915 587 989 curie
612 923 648 989 et
675 915 734 990 alii
759 917 995 1011 quamplures.
1015 953 1066 968 -
1081 916 1153 986 Hec
1175 923 1291 986 autem
1317 922 1393 986 acta
1420 922 1502 987 sunt
1524 936 1616 988 auno

202 1038 375 1112 dominice
387 1038 632 1111 incarnationis
648 1040 829 1112 millesimo
842 1038 1078 1111 ducentesimo
1092 1037 1197 1127 XXl',
1216 1034 1404 1108 indictione
1420 1057 1525 1126 noua,
1540 1038 1616 1133 glo·

200 1163 293 1236 rioso
319 1185 410 1236 anno
432 1163 568 1257 imperii
594 1162 726 1236 domini
755 1164 861 1236 nostri
888 1162 1052 1236 Friderioi
1077 1159 1221 1257 primo(
1246 1161 1272 1255 l.
1297 1163 1491 1234 -Datum
1520 1161 1617 1258 apud

200 1287 346 1360 Pedium
364 1287 493 1378 Bonizi,
512 1287 569 1360 die
582 1289 727 1382 septima
744 1285 911 1361 kalendas
923 1285 1087 1378 jnnuarii.

249 1413 319 1484 Nos
338 1413 444 1504 igitur
463 1412 677 1485 attendentes
699 1421 795 1506 grata
816 1420 850 1483 et
868 1411 995 1484 devota
1013 1410 1153 1482 servitia
1177 1429 1247 1504 que
1270 1419 1340 1482 tam
1355 1409 1617 1504 predecessores

203 1537 309 1608 nostri
326 1534 409 1609 dive
421 1534 670 1609 recordatiouis
688 1535 827 1629 augusti
844 1556 867 1608 a
883 1535 956 1608 suis
968 1532 1270 1629 predecessoribus
1288 1543 1491 1628 receperunt
1508 1543 1615 1630 atque

202 1659 305 1732 etiam
327 1681 391 1732 nos
406 1659 451 1731 ab
465 1681 507 1732 eo
526 1659 747 1733 meminimus
769 1659 974 1754 suscepisse,
991 1659 1064 1730 suis
1073 1659 1176 1751 justis
1194 1658 1501 1753 supplicationibus
1517 1661 1615 1733 laro-

202 1782 355 1856 rabiliter
377 1792 586 1872 annuentes,
614 1783 807 1878 predictum
830 1783 995 1878 seriptum
1015 1781 1284 1856 confirmationis
1301 1781 1458 1873 ejusdem
1479 1785 1615 1859 canoel·

202 1907 279 1980 larii
291 1907 336 1980 de
353 1907 462 1982 verbo
479 1907 525 1980 ad
541 1907 685 1980 verbum
701 1907 804 1979 scribi
826 1907 1056 2002 precepimus,
1074 1915 1187 1978 ratum
1207 1906 1371 1978 babentes
1389 1918 1424 1980 et
1440 1906 1485 1979 de
1501 1917 1615 1982 nostra

202 2033 311 2126 gratia
341 2054 387 2104 ex
413 2040 505 2104 certa
531 2032 674 2103 scientia
698 2031 764 2102 sibi
795 2039 830 2103 et
854 2031 930 2122 ejus
950 2031 1138 2104 heredibus
1166 2040 1334 2125 perpetuo
1359 2030 1613 2106 confirmantes.

202 2156 389 2227 Statuimus
406 2156 511 2248 igitur
529 2164 564 2227 et
579 2155 747 2249 imperiali
765 2154 878 2227 edicto
895 2155 1037 2227 firmiter
1055 2155 1253 2226 inhibemus
1271 2163 1310 2226 ut
1329 2155 1373 2227 de
1388 2165 1499 2229 cetero
1518 2159 1616 2232 nulla

202 2277 341 2368 civitas,
358 2280 494 2350 nullum
513 2300 679 2371 comune,
701 2279 796 2351 nulla
816 2301 970 2373 unquam
986 2299 1133 2374 persona
1148 2279 1343 2372 magnevol
1362 2300 1488 2373 parva,
1505 2282 1614 2354 eccle·

202 2402 339 2476 siastica
361 2405 418 2476 vel
437 2403 613 2496 secularis,
634 2404 804 2498 prelatum
827 2401 1027 2476 Raiuutium
1046 2402 1103 2473 vel
1127 2403 1203 2495 ejus
1224 2401 1371 2474 heredes
1393 2402 1439 2475 de
1460 2404 1615 2506 predicta

202 2523 424 2599 vendictione
446 2535 481 2600 et
502 2527 578 2598 aliis
598 2526 761 2599 omnibus
776 2525 985 2622 supradictis
1003 2534 1122 2597 contra
1143 2525 1233 2596 hanc
1254 2535 1404 2598 nostram
1426 2527 1614 2600 confirma-

201 2647 328 2720 tionem
350 2650 561 2744 inquietare,
588 2651 784 2736 molestare,
812 2649 868 2721 vel
891 2649 1061 2744 impedire
1085 2649 1215 2721 audeat
1239 2651 1295 2722 vel
1318 2661 1505 2743 presumat.
1527 2652 1611 2736 Qui·

203 2793 351 2868 cumque
368 2783 483 2846 autem
507 2774 572 2848 boc
599 2783 801 2870 attemptare
823 2773 1088 2869 presumpserit,
1110 2773 1383 2867 indignationem
1405 2786 1555 2848 nostram
1579 2786 1614 2848 et

202 2916 327 2990 penam
344 2906 483 2970 centum
501 2897 667 2971 librarum
688 2899 764 2970 auri
782 2898 903 2994 optimi
922 2920 960 2971 se
983 2899 1119 2970 noverit
1135 2898 1371 2989 incursurum,
1395 2901 1612 2974 medietatem

202 3021 302 3112 cujus
320 3019 403 3094 fisco
420 3031 556 3115 nostro,
574 3022 677 3096 aliam
702 3022 920 3096 medietatem
943 3045 1045 3118 passo
1064 3023 1226 3114 injuriam
1249 3023 1465 3096 decernimus
1484 3027 1614 3120 persol-

201 3147 363 3219 vendam.
384 3147 428 3219 Ut
447 3158 563 3221 antem
585 3148 649 3221 bec
671 3157 787 3222 nostra
808 3147 1021 3222 confirmatio
1046 3150 1152 3223 robur
1174 3150 1328 3222 obtineat
1350 3159 1385 3222 et
1411 3163 1613 3247 perpetuam

201 3267 411 3364 firmitatem,
428 3282 620 3366 presentem
634 3275 798 3369 paginam
813 3274 917 3347 scribi
931 3283 965 3348 et
977 3275 1084 3348 nostri
1095 3275 1200 3370 sigilli
1213 3275 1438 3370 impressione
1446 3275 1614 3368 jussimus

201 3393 344 3468 iuferius
357 3395 524 3469 roborari.

248 3519 360 3611 liujus
383 3521 476 3593 enim
495 3521 546 3593 rei
568 3529 672 3594 testes
697 3529 778 3593 sunt
801 3520 962 3594 filbertus
984 3520 1296 3616 Magdeburgensis
1321 3520 1613 3618 archiepiscopus,

200 3640 393 3716 Gerlandus
409 3644 747 3740 Brandeburgensis,
765 3645 1006 3740 Engolbardus
1026 3645 1194 3737 (licensis,
1214 3645 1391 3718 Conradus
1410 3644 1616 3720 lldesemen·

200 3766 261 3858 sis,
287 3768 466 3842 Bertoldus
483 3769 713 3860 Brixiuensis,
735 3769 899 3842 filbertus
919 3770 1156 3861 Tridentinus,
1175 3769 1321 3842 linricus
1341 3770 1612 3862 Warmatiensis‚

199 3874 349 3962 Jaoonus
370 3890 591 3964 Taurineusis
612 3891 782 3987 episcopi,
802 3893 877 3985 Ugo
900 3891 1010 3966 abbas
1030 3893 1282 3984 Morbaoensis,
1302 3890 1507 3966 Guillelmus
1525 3915 1615 3965 mar·

199 4009 278 4085 chio
300 4014 560 4100 Montislerrati,
575 4015 773 4114 Diupoldus
792 4017 945 4091 marchio
964 4015 1009 4090 de
1029 4016 1307 4112 Foehembnrgo,
1326 4015 1514 4090 Ruinaldus
1535 4015 1612 4090 dux

236 4453 273 4528 (l)
289 4454 330 4512 llx
349 4455 503 4514 indictionis
520 4474 632 4517 numero
648 4465 677 4518 et
691 4459 755 4518 anui
776 4459 804 4518 iu
819 4459 933 4535 imperio
950 4460 1084 4518 notatione
1102 4457 1180 4517 facile
1197 4458 1281 4534 liquet
1293 4457 1423 4530 scribam,
1438 4458 1501 4516 lieet
1512 4474 1612 4519 annum

198 4551 399 4611 immodeste
411 4555 458 4612 hic
472 4557 621 4628 notaverit,
636 4573 716 4615 usum
728 4558 811 4618 luisse
824 4575 895 4619 anno
907 4560 1082 4631 nativitatis,
1099 4557 1201 4617 scilieet
1216 4556 1373 4618 ariessimo
1390 4555 1484 4632 quinto
1500 4557 1543 4616 die
1561 4559 1613 4617 de·

197 4646 317 4707 cumbris
333 4650 397 4708 anni
413 4657 505 4711 nostro
519 4657 648 4728 computu
663 4656 743 4714 ⁴22⁰.
