4298 5898
216 499 315 562 lunum
333 493 395 579 l3.]
668 488 865 552 HISTORIA
890 488 1183 552 otrtottttrtce.
1570 485 1632 550 485

217 637 452 728 majestatem,
479 627 525 704 do
549 624 776 702 universitate
800 625 933 700 civium
955 627 1137 721 utriusque
1166 625 1274 724 partis
1300 623 1451 698 lllassilie
1474 623 1536 720 qui
1561 634 1631 696 tam

217 760 333 856 ipsum
363 777 473 852 quam
496 751 680 828 ecelesiam
699 751 851 827 Massilie
873 751 1157 846 juridictionibus
1182 750 1257 824 suis
1280 749 1435 822 indebite
1457 757 1491 822 et
1514 757 1632 822 contra

216 902 354 956 ornnem
383 879 553 973 justitiam
586 877 827 974 expoliarent,
855 886 974 950 conoe
1002 877 1235 970 juramentum
1266 883 1301 950 et
1335 873 1535 948 fidelitatem
1565 872 1632 946 sibi

217 1007 395 1103 prestitam
416 1025 581 1100 expresse
597 1004 718 1078 venire
743 1003 896 1076 insuam
918 1003 1153 1076 contusionem
1169 1010 1205 1074 et
1224 999 1450 1095 ignominiam
1472 1019 1543 1072 non
1567 1019 1634 1074 ve-

216 1141 351 1220 rentes,
374 1140 478 1227 prout
505 1130 543 1202 in
572 1128 711 1224 publico
740 1127 967 1201 instrumento
989 1137 1106 1202 nostro
1131 1127 1275 1200 culmini
1305 1137 1499 1223 presentato
1525 1126 1633 1222 partis

216 1256 368 1330 civitatis
391 1255 638 1330 vicecomitalia
668 1253 821 1328 Massilia
852 1253 948 1328 bulla
975 1254 1139 1349 plumbea
1172 1254 1332 1327 roborato
1362 1251 1542 1326 manifeste
1578 1251 1632 1322 in-

217 1381 399 1477 speximus
414 1379 582 1454 contineri
599 1377 663 1476 (l),
685 1399 828 1474 gravem
843 1400 905 1474 pro
923 1401 962 1452 se
979 1387 1014 1452 et
1029 1380 1173 1454 ecclesia
1188 1401 1252 1452 sua
1267 1379 1442 1475 querelam
1460 1377 1498 1450 in
1516 1386 1633 1450 nostru

218 1504 390 1599 presentia
408 1501 652 1600 pmponend03
670 1523 734 1576 nos
750 1501 1009 1576 venerabilibus
1024 1502 1239 1598 principibus
1254 1502 1378 1575 nostris
1393 1499 1532 1592 liuponi
1545 1496 1633 1572 Are·

218 1629 341 1704 latensi
359 1637 395 1701 et
411 1630 452 1701 B.
469 1627 626 1725 Aquensi
647 1626 915 1723 archiepiscopis
939 1628 997 1702 vel
1015 1647 1135 1700 eorum
1147 1626 1251 1700 altari
1270 1648 1333 1723 per
1352 1633 1487 1699 nostras
1504 1624 1633 1698 litteras

218 1751 362 1828 firmiter
388 1753 611 1851 precipiendo
637 1751 798 1826 dedimus
825 1753 862 1823 in
892 1751 1066 1828 mandatis
1095 1762 1134 1825 ut
1159 1752 1420 1826 universitatem
1442 1749 1633 1846 predictam

219 1888 398 1952 monerent
415 1889 450 1952 et
465 1887 582 1953 nostra
595 1877 673 1952 tutti
688 1877 890 1952 auctoritate
906 1877 1112 1953 inducerent
1125 1877 1171 1952 ad
1186 1877 1438 1952 restitutionem
1450 1896 1514 1950 sue
1526 1874 1633 1972 partis

218 2003 371 2076 civitatis
386 2011 421 2077 et
441 2003 544 2076 etiam
566 2003 759 2077 ablatorum
781 2003 980 2078 memoratis
999 2004 1163 2101 episcopo
1185 2012 1219 2076 et
1240 2002 1386 2078 ecclesie
1408 2000 1562 2099 plenarie
1582 2001 1634 2074 la·

217 2125 394 2200 ciendam.
415 2124 517 2212 Quod
537 2126 567 2198 si
585 2147 644 2200 eos
666 2125 862 2200 invenirent
883 2127 920 2200 in
941 2149 1006 2200 sua
1022 2128 1238 2202 contumacia
1260 2127 1495 2224 persistentes,
1514 2125 1634 2199 moni-

158 2231 160 2234 ’
220 2251 313 2324 tione
327 2251 495 2347 premissa
509 2260 614 2326 totam
637 2251 896 2325 universitatem
914 2271 997 2348 sepe
1013 2252 1142 2327 dictam
1156 2261 1272 2326 nostre
1284 2251 1501 2326 celsitudinis
1515 2251 1634 2325 banno

219 2385 456 2473 supponerent
472 2384 507 2450 ot
529 2375 692 2449 bannitus
712 2375 848 2472 imperii
872 2377 1106 2473 publicarent,
1127 2378 1269 2452 cuilibet
1291 2375 1379 2474 parti
1401 2376 1557 2470 ejusdem
1579 2376 1635 2449 ci·-

220 2501 349 2594 vitatis,
366 2501 554 2598 episcopali
573 2500 736 2576 videlicet
755 2509 790 2576 et
810 2501 870 2575 alii
887 2523 957 2597 que
972 2502 1219 2576 vicecomitalis
1235 2502 1374 2599 publice
1395 2509 1631 2597 nuncupatur,

219 2647 289 2720 que
305 2637 420 2702 tamen
436 2626 540 2701 modo
555 2625 836 2723 prodicionaliter
852 2636 887 2702 et
903 2627 1088 2702 infideliter
1103 2628 1193 2702 sicut
1208 2629 1406 2726 accepimus
1420 2637 1502 2701 sunt
1519 2629 1629 2718 unite,

220 2749 266 2824 ad
290 2752 444 2847 ipsorum
470 2751 746 2827 convincendam
765 2753 931 2827 malitiam
960 2754 1089 2826 litteras
1115 2762 1230 2828 nostro
1255 2753 1533 2827 mansuetudinis
1558 2749 1632 2854 [et]

219 2875 372 2969 benigne
395 2877 595 2952 monitionis
619 2875 845 2951 nihilominus
869 2877 1066 2972 dirigendo.
1092 2877 1178 2950 Cum
1203 2888 1319 2953 autem
1344 2879 1440 2953 solus
1460 2879 1632 2977 archiepi-

219 3023 346 3097 scopus
360 3000 587 3096 tlrelatensis,
606 3025 688 3078 curn
706 3003 883 3101 predictus
899 3026 986 3078 suus
1010 3005 1047 3078 in
1069 3003 1136 3078 bac
1150 3013 1248 3101 parte
1272 3005 1403 3102 collega
1424 3005 1518 3080 diem
1536 3006 1633 3079 clau·

219 3125 321 3200 sisset
350 3137 568 3220 extremum,
598 3128 703 3221 juxta
727 3137 881 3204 tenorem
909 3128 1097 3226 imperialis
1124 3127 1279 3204 mandati
1308 3130 1426 3206 debita
1455 3130 1635 3228 diligentia

219 3250 441 3350 processisset
461 3259 496 3324 et
515 3248 707 3347 predictam
732 3252 993 3328 universitatem
1016 3254 1053 3325 in
1078 3274 1142 3326 sua
1166 3253 1320 3350 nequitia
1336 3256 1556 3352 pertinaciter
1580 3257 1635 3329 in·

219 3374 401 3469 duratam,
426 3385 662 3450 contumacem
686 3386 721 3450 et
744 3375 914 3450 rebellem¹
932 3376 1059 3475 pariter
1085 3377 1293 3471 invenisset,
1319 3380 1501 3476 utriusque
1526 3382 1634 3478 partis

220 3499 369 3574 civitatis
393 3500 561 3596 populum
579 3509 615 3574 et
636 3508 744 3574 totam
766 3502 940 3576 civitatem
958 3510 1126 3600 potestate
1143 3502 1189 3575 ab
1208 3504 1411 3578 excellentia
1434 3516 1549 3579 nostra
1566 3506 1633 3580 sibi

220 3623 346 3698 tradita
372 3625 490 3699 banno
512 3625 684 3722 imperiali
706 3627 891 3723 supposuit
913 3635 949 3700 et
969 3627 1130 3701 bannitus
1153 3628 1293 3724 publice
1317 3629 1505 3721 nuntiavit,
1531 3643 1635 3726 prout

220 3747 314 3824 idem
339 3748 620 3846 archiepiscopus
642 3751 707 3824 hec
732 3750 850 3824 omnia
869 3771 931 3848 per
953 3771 1035 3822 suas
1059 3751 1188 3825 litteras
1210 3761 1325 3825 nostre
1350 3754 1546 3827 celsitudini
1571 3754 1633 3829 do-

220 3875 376 3968 claravit,
395 3897 459 3950 nec
481 3897 551 3949 non
568 3885 603 3950 et
629 3875 722 3952 idem
745 3875 868 3974 prelati
888 3876 1043 3974 episcopi
1063 3877 1161 3950 labor
1186 3899 1267 3950 cum
1291 3879 1455 3954 relatione
1479 3880 1634 3956 veridica

220 4001 408 4074 multorum
428 4001 569 4076 edocuit
593 4002 713 4078 iterato
736 4001 782 4077 ad
805 4011 955 4076 nostram
976 4025 1088 4098 usquo
1116 4003 1325 4100 presentiam
1346 4004 1534 4079 veniendo.
1564 4005 1634 4080 Nos

219 4123 326 4220 igitur
339 4125 435 4223 quod
455 4149 518 4224 per
534 4125 728 4224 predictum
751 4125 1048 4224 archiepiscopum
1070 4135 1184 4201 actum
1200 4137 1252 4202 est
1269 4127 1305 4201 in
1322 4129 1389 4203 hac
1404 4138 1514 4226 parte,
1530 4130 1634 4204 nullis

218 4251 340 4324 litteris
366 4253 663 4350 prejudicantibus
685 4255 742 4329 vel
767 4255 984 4330 obstantibus
999 4275 1021 4328 a
1037 4263 1151 4329 nostra
1175 4254 1271 4328 curia
1293 4255 1438 4329 veritate
1457 4255 1559 4330 tacita
1576 4257 1633 4330 vel

219 4377 367 4452 salsitate
388 4379 553 4474 subgesta
581 4380 800 4475 aliquatenus
828 4379 1037 4476 impetratis,
1066 4388 1179 4453 ratum
1207 4379 1375 4455 habentes
1400 4388 1436 4454 et
1464 4403 1512 4454 ex
1541 4391 1634 4455 certa

254 4649 292 4725 tt)
312 4649 432 4711 Alterum
444 4652 623 4714 verisimiliter
635 4653 773 4731 exemplar
783 4655 865 4731 hujus
877 4655 984 4715 chartae
996 4669 1078 4732 quam
1088 4669 1170 4730 sopra
1183 4653 1326 4728 edidimus,
1339 4669 1369 4730 p.
1382 4657 1433 4714 tto
1445 4659 1474 4715 ot
1484 4669 1563 4731 seqq.
