4368 5876
258 582 356 643 lucrer.
372 579 417 659 9.]
706 573 905 636 lllS'l'OlllA
930 573 1224 636 bll‘uollllrlcll
1617 570 1675 632 137

259 715 418 791 cedimus
440 713 545 788 etiem
562 710 678 785 eidem
696 711 906 785 monasterio
918 710 1035 785 Sancti
1050 711 1199 808 Spiritus
1215 709 1262 784 ds
1279 708 1375 784 Silva
1396 709 1518 782 Oreole
1540 716 1575 781 et
1594 728 1676 780 om·

260 841 366 914 nibus
375 838 454 914 aliis
465 837 568 911 dietis
581 835 737 910 ecelesiis
746 836 862 910 Sancti
875 836 1023 932 Spiritus
1035 837 1180 911 liberam
1193 837 1322 910 habere
1333 835 1509 910 licentiam
1518 832 1677 931 piscandi

261 962 476 1058 ubicumque
503 970 665 1059 poterunt
689 983 753 1034 seu
778 961 830 1036 eis
850 971 972 1059 aptum
996 963 1111 1036 luerit.
1140 963 1191 1034 De
1220 960 1341 1056 majori
1366 981 1508 1056 quoqne
1536 958 1679 1034 munili-

262 1089 375 1163 oentie
407 1097 524 1161 nostm
546 1087 657 1183 gratis
682 1086 878 1161 exemimus
901 1087 1034 1162 dictum
1060 1087 1309 1160 monasterium
1338 1097 1374 1160 et
1398 1097 1528 1160 ceteras
1556 1085 1681 1160 domos

263 1212 378 1289 Sancti
401 1212 550 1309 Spiritus
573 1213 684 1287 dictus
708 1214 754 1286 ab
775 1211 937 1288 omnibus
962 1211 1070 1304 datis,
1094 1212 1246 1286 collectis
1277 1219 1313 1284 et
1331 1211 1411 1285 aliis
1433 1211 1681 1286 vexationibus

264 1341 428 1414 comitum
451 1347 489 1412 et
502 1340 672 1411 baronum
688 1347 724 1410 et
738 1337 885 1412 aliarum
899 1337 1067 1411 laicarum
1086 1358 1329 1432 personarum3
1349 1337 1555 1411 mandantes
1571 1345 1606 1409 et
1622 1334 1682 1406 lir-

265 1465 366 1539 miter
383 1465 603 1558 injungentes
620 1474 661 1535 ut
673 1463 790 1536 nullus
807 1462 854 1537 de
869 1472 984 1536 cetero
1000 1463 1069 1536 sub
1083 1485 1174 1558 pena
1191 1461 1301 1557 gratie
1315 1471 1432 1534 nostre
1450 1461 1497 1534 sit
1512 1461 1575 1556 qui
1592 1461 1682 1535 inira

265 1601 365 1686 septa
378 1589 464 1662 dieti
480 1588 678 1662 monasterii
699 1597 734 1662 et
754 1588 832 1661 aliis
855 1587 1011 1662 eeclesiis
1033 1587 1149 1660 Sancti
1166 1587 1317 1682 Spiritus
1334 1585 1534 1660 violentiam
1556 1585 1683 1660 inferre

266 1723 460 1811 presumat,
484 1713 548 1787 sed
565 1734 702 1810 semper
723 1713 791 1787 snb
809 1721 927 1787 nostm
951 1723 986 1786 et
1010 1713 1180 1787 heredum
1201 1722 1397 1786 nostmrnm
1422 1709 1624 1784 defensione
1648 1721 1685 1786 et

266 1839 478 1937 protectione
500 1839 706 1930 consistant,
722 1839 821 1912 salvo
840 1839 878 1910 in
897 1838 1061 1911 omnibus
1080 1836 1243 1912 mandato
1263 1847 1299 1911 et
1316 1836 1535 1910 ordinatione
1551 1845 1680 1910 nostra.

267 1963 324 2036 Ad
341 1965 448 2057 hujus
466 1973 581 2039 antem
599 1974 715 2037 nostre
731 1963 963 2038 concessionis
988 1971 1023 2036 et
1039 1961 1308 2036 confirmationis
1323 1961 1524 2036 memoriam
1546 1971 1588 2035 et
1606 1983 1685 2059 per·

269 2099 409 2186 petuam
431 2086 627 2161 firmitatem
649 2088 873 2185 privilegium
897 2109 961 2185 per
982 2109 1107 2160 manus
1122 2085 1296 2160 Guillelmi
1314 2086 1360 2160 de
1378 2085 1540 2160 Cnsentiu
1562 2086 1686 2160 notarii

269 2222 305 2287 et
326 2211 441 2288 tidelis
462 2213 570 2286 nostri
594 2214 699 2286 scribi
721 2223 756 2288 et
781 2213 896 2308 sigillo
921 2213 1112 2306 majestatis
1136 2221 1252 2286 nostre
1268 2213 1439 2306 jussimus
1458 2213 1684 2302 communiri,

270 2359 376 2431 anno,
394 2359 514 2411 mense
529 2348 565 2411 et
580 2336 771 2412 indictione
784 2338 1002 2435 subscriptis.

318 2463 446 2536 Datum
461 2463 567 2556 Fogie
584 2471 662 2559 post
678 2462 810 2537 curiam
829 2462 947 2558 capue
969 2462 1199 2553 celebratam,
1224 2482 1317 2535 anno
1340 2460 1514 2535 dominice
1530 2460 1688 2534 inmina-

273 2587 376 2661 tionis
391 2585 576 2662 millesimo
603 2586 841 2662 ducentesimo
860 2587 1027 2661 vicesimo
1042 2586 1168 2682 primo,
1189 2607 1308 2660 mense
1323 2579 1504 2679 februarii,
1527 2607 1618 2660 none
1634 2589 1689 2659 in·

245 2725 251 2736 ’
274 2711 454 2806 dictionis,
475 2712 613 2810 imperii
631 2734 721 2786 -vero
745 2710 876 2787 domini
907 2711 1016 2786 nostri
1038 2711 1202 2786 Frideriei
1230 2711 1293 2783 Dei
1323 2711 1434 2816 gratia
1471 2711 1690 2786 invictissimi

272 2839 504 2913 Romanorum
525 2838 760 2934 imperatoris,
784 2859 922 2934 semper
941 2836 1082 2933 augusti
1100 2846 1136 2911 et
1158 2836 1252 2934 regis
1273 2837 1390 2912 Sicilie
1411 2857 1503 2911 auno
1527 2838 1639 2933 primo
1658 2848 1693 2910 et

273 2963 372 3059 regni
387 2963 506 3037 Sicilie
519 2963 687 3038 vicesimo
700 2963 813 3057 tertio,
831 2963 989 3038 leliciter.
1008 2962 1133 3037 Amen.

332 3606 564 3716 Friderious‚
582 3607 843 3694 Romanorum
861 3611 1086 3721 imperator,
1107 3613 1329 3727 Ludeycum
1347 3616 1524 3703 abbatem
1543 3623 1591 3705 de
1613 3619 1695 3705 Fe·
1762 3639 1867 3738 aazia,
1996 3685 1999 3694 .

278 3741 387 3825 bario
405 3741 593 3856 (Pfeffers)
612 3753 650 3828 et
666 3755 896 3830 conventum
913 3745 1087 3858 ejusdem
1104 3747 1178 3831 loci
1201 3776 1290 3834 oum
1308 3751 1461 3861 juribus
1479 3764 1517 3839 et
1533 3784 1695 3866 posses-

279 3876 451 3962 sionibus
468 3878 551 3988 ejus
569 3879 642 3963 sub
664 3907 734 3964 sua
757 3881 910 3991 speciali
936 3883 1167 3991 protectione
1193 3885 1326 3995 recipit
1351 3896 1389 3970 et
1416 3887 1466 3972 ab
1491 3892 1597 3973 omni
1619 3891 1695 4000 ju-

280 4009 496 4096 risdictione
504 4021 744 4124 patronatus,
754 4015 971 4100 mamutius
986 4042 1054 4100 seu
1071 4017 1275 4129 cujuslibet
1292 4019 1536 4130 subjectionis
1549 4025 1693 4110 eximit.

364 4253 688 4445 (Εῶὧὲἑίῐῗιοιιοιπ,
705 4257 840 4339 spoep.
858 4257 1015 4336 Carieneir,
1032 4259 1149 4342 (tter),
1164 4261 1231 4326 eod.
1246 4262 1362 4342 probet.
1379 4273 1429 4340 81,
1444 4283 1485 4329 ex
1497 4267 1620 4330 archivo
1633 4271 1697 4333 Fa-

333 4573 526 4650 Frideriens
548 4577 726 4652 secundus
747 4578 867 4655 divina
886 4582 1024 4655 lavente
1044 4581 1225 4657 elementia
1241 4584 1474 4664 Romanorum
1494 4588 1696 4687 imperator,

284 4719 421 4795 semper
439 4711 611 4796 augustus
633 4714 669 4777 et
688 4725 752 4778 rex
768 4704 897 4780 Sicilie.
921 4707 1013 4779 luter
1036 4715 1150 4782 cetera
1173 4729 1278 4879 opera
1298 4710 1449 4785 mriutis
1474 4713 1532 4787 illa
1555 4715 1592 4788 ln
1616 4741 1698 4793 con·

385 4824 427 4886 11.
1506 4845 1543 4900 ts
