4292 5894
545 513 607 576 ars
1046 515 1261 579 rnrnnrrcr
1287 515 1461 580 sncnrnr
1509 540 1513 546 ·
1772 519 1852 600 [aa.
1871 517 1953 582 ram

547 650 713 742 bitamus,
726 659 762 724 et
774 650 857 746 quia
869 651 999 726 diversi
1012 653 1151 728 diversa
1162 676 1245 752 sepe
1259 651 1396 751 lingunt
1410 663 1445 730 et
1460 675 1551 729 nova
1567 652 1810 747 adinveniunt,
1823 655 1956 728 univer·

548 775 684 848 sitalem
701 783 851 848 vestram
872 775 919 850 de
934 799 1005 872 qua
1022 779 1171 852 multum
1188 778 1398 854 confidimus
1414 801 1519 876 super
1533 787 1623 852 statu
1640 787 1757 854 nosue
1773 778 1956 852 certifieme

548 898 695 996 dignum
714 898 894 974 duximus.
916 903 1086 978 Noveritis
1109 903 1283 999 siquidem
1306 904 1402 1000 quod
1423 904 1500 978 sani
1518 925 1640 980 sumus
1660 912 1696 976 et
1714 903 1956 978 incolumeaet

546 1047 628 1098 cnm
647 1024 846 1100 bominibus
862 1026 986 1101 nostsis
1002 1027 1040 1102 in
1053 1027 1146 1102 bona
1161 1028 1373 1103 coutinentia
1389 1029 1621 1126 persistimus3
1640 1027 1844 1122 qemeina
1861 1027 1956 1100 vobis

549 1150 673 1226 audire
688 1151 874 1248 plurimum
893 1151 1141 1228 desideramus.
1163 1153 1273 1230 Causa
1289 1163 1407 1230 autem
1422 1163 1562 1252 propter
1580 1175 1686 1251 quam
1701 1174 1878 1228 moramur
1895 1152 1956 1226 alia

547 1296 616 1348 non
640 1283 694 1348 est
711 1274 777 1348 nisi
793 1276 891 1372 quod
913 1276 1006 1351 dem
1031 1277 1068 1350 in
1091 1277 1251 1376 proximo
1270 1289 1456 1353 venturum
1480 1281 1517 1352 in
1537 1301 1608 1374 quo
1626 1278 1789 1352 dominus
1814 1278 1906 1373 Papa
1925 1285 1957 1350 et

547 1399 732 1496 imperator
749 1400 815 1472 sibi
837 1411 1017 1475 occupent
1041 1423 1120 1476 cum
1141 1401 1219 1476 aliis
1237 1402 1453 1500 principibus
1470 1412 1713 1500 expectamus,
1735 1401 1781 1475 de
1797 1421 1956 1474 successu

548 1525 649 1598 Terre
671 1527 795 1599 Saoce
819 1534 853 1599 et
869 1547 957 1622 pace
975 1527 1127 1621 generali
1148 1527 1339 1602 tractaturi.
1358 1525 1416 1600 Ad
1431 1527 1546 1624 ipsum
1570 1528 1663 1602 enim
1684 1527 1777 1601 diem
1798 1525 1957 1599 dominns

547 1649 641 1744 Papa
665 1672 745 1722 cum
763 1650 998 1724 cardinalibus
1014 1672 1062 1725 ex
1081 1673 1152 1725 una
1169 1661 1266 1748 parte
1286 1660 1322 1726 et
1346 1651 1509 1726 domiuus
1527 1652 1710 1748 imperator
1728 1672 1809 1723 cum
1827 1670 1910 1743 rege
1926 1657 1958 1722 et

548 1773 744 1868 patriarcba
758 1775 1045 1868 lerosolimitano,
1064 1776 1213 1872 Templi,
1236 1774 1364 1851 domus
1380 1776 1564 1872 Hospitalis
1583 1783 1618 1850 ct
1634 1776 1759 1850 domus
1777 1773 1958 1848 Teutonico

548 1898 734 1992 magistris,
755 1908 791 1972 et
807 1899 1024 1996 principibus
1037 1899 1200 1976 videlieet
1216 1899 1509 1997 Magdeburgensi
1525 1899 1800 1995 archiepiscopo,
1818 1897 1958 1971 Triden-

549 2021 687 2114 tinensi,
708 2021 922 2114 Brixineusi,
941 2023 1091 2112 Cicansi,
1110 2022 1413 2120 Brandeburgensi
1434 2032 1470 2098 et
1488 2021 1703 2097 verdunensi
1721 2020 1774 2120 (l)
1791 2020 1959 2117 episeopis

548 2153 583 2218 et
596 2146 860 2242 quampluribus
879 2147 956 2220 aliis
978 2147 1193 2244 principibus
1214 2159 1249 2222 et
1266 2149 1446 2223 nobilibus,
1459 2170 1506 2222 ex
1525 2149 1631 2222 altera
1650 2155 1748 2243 parte
1768 2146 1839 2220 sibi
1862 2167 1958 2218 ocur·

547 2279 645 2360 rent,
673 2281 742 2342 tam
764 2271 928 2346 salubria
949 2293 1055 2366 quam
1079 2272 1182 2346 saluti
1204 2273 1397 2345 animarum
1419 2270 1656 2368 provenientia
1672 2269 1804 2344 ibidem
1821 2270 1958 2344 ordina-

548 2395 629 2486 turi,
652 2407 691 2467 ut
707 2395 838 2470 exinde
861 2419 940 2469 cum
966 2397 1073 2470 multa
1097 2397 1309 2470 exultatione
1329 2406 1365 2470 ct
1383 2395 1512 2490 gaudio
1537 2405 1573 2468 et
1593 2395 1669 2470 letis
1695 2395 1895 2470 rumoribus
1916 2393 1958 2468 ad

548 2539 613 2592 vos
631 2542 694 2592 nos
709 2521 744 2592 in
759 2521 859 2594 brevi
872 2543 1050 2616 speremus
1060 2515 1242 2594 redituros.
1260 2523 1355 2594 Scire
1368 2521 1471 2594 etiam
1483 2541 1548 2594 vos
1559 2522 1721 2594 volumus
1733 2521 1833 2616 quod
1848 2519 1958 2595 omnia

548 2655 663 2718 nostra
685 2645 822 2741 negotia
848 2654 918 2719 tam
939 2644 1033 2740 apud
1058 2643 1237 2718 dominum
1260 2647 1388 2741 Papam
1405 2667 1511 2740 quam
1532 2645 1627 2740 apud
1652 2645 1894 2740 imperatorem
1916 2640 1958 2714 ad

547 2771 714 2844 honorem
743 2771 805 2842 Dei
838 2769 1015 2864 genitricis
1049 2777 1082 2842 et
1112 2771 1324 2842 voluntatem
1356 2779 1504 2843 nostram
1535 2769 1626 2842 bene
1656 2767 1905 2865 expedivimus
1928 2773 1959 2839 et

548 2895 694 2989 gratiam
710 2915 815 2987 quam
835 2891 1073 2966 desideramus
1089 2892 1125 2964 in
1141 2902 1327 2988 conspectu
1345 2892 1516 2967 dictorum
1533 2893 1729 2990 principum
1747 2892 1786 2962 in
1803 2891 1958 2965 omnibns

548 3016 693 3113 agendis
717 3017 841 3090 nostris
869 3016 973 3090 etiam
1001 3017 1199 3098 invenimus
1226 3025 1396 3115 optatam;
1417 3017 1881 3114 superquo,sicutj11stum
1896 3021 1955 3104 est,

549 3143 678 3238 gratias
708 3142 780 3214 Deo
806 3151 946 3238 agentes
973 3162 1037 3213 vos
1062 3141 1162 3214 nobis
1186 3143 1223 3213 in
1251 3141 1320 3214 biis
1349 3143 1625 3238 congratulantes
1651 3162 1722 3214 non
1748 3140 1954 3214 dubitamus.

548 3267 636 3339 Hinc
654 3275 706 3339 est
720 3265 817 3362 quod
831 3265 1088 3340 universitatem
1107 3277 1257 3338 vestram
1278 3265 1314 3337 in
1330 3266 1477 3340 Domino
1494 3265 1658 3341 attentius
1673 3285 1873 3356 exoramus,
1893 3270 1955 3336 etc.

549 3391 730 3486 [Sequitur
757 3388 952 3464 exhortatio
973 3399 1014 3462 ut
1036 3391 1176 3463 clericos
1200 3400 1235 3462 et
1258 3390 1439 3464 universos
1463 3390 1547 3486 ipsis
1572 3390 1774 3464 commissos
1802 3381 1958 3462 manue

549 3524 654 3588 neant
672 3525 706 3587 et
724 3513 928 3606 defendant,
948 3523 983 3588 at
999 3515 1184 3611 praecipue
1201 3514 1341 3588 beatam
1357 3515 1548 3610 Virginem,
1564 3523 1686 3612 utpote
1703 3513 1859 3610 reginam
1878 3507 1957 3585 coel

547 3649 583 3713 et
601 3638 806 3713 advocatam
823 3639 992 3728 omnium,
1013 3639 1186 3734 condigno
1204 3637 1373 3713 honorent
1391 3627 1590 3736 obsequio]

597 3765 721 3838 Datum
739 3763 835 3861 apud
852 3766 1014 3838 Sanctum
1031 3761 1252 3857 Germanum,
1269 3765 1331 3838 Xll
1345 3763 1512 3838 kalendas
1528 3761 1657 3836 martii.

586 4123 622 4196 (l)
641 4123 701 4181 Non
712 4121 758 4180 bic
770 4120 972 4198 intelligendum
990 4120 1110 4195 torosa,
1123 4121 1172 4180 sed
1187 4120 1284 4179 Vardca
1298 4137 1381 4196 super
1391 4121 1522 4194 Allaram,
1538 4121 1610 4179 siout
1624 4135 1721 4196 supra,
1734 4135 1764 4195 p.
1775 4121 1839 4178 298.
