4272 5886
576 577 637 640 5¹10
1076 579 1290 644 ruluuutcl
1315 581 1488 645 saeuum
1798 583 1881 663 [nn.
1899 585 1983 646 ΙΝ.

629 691 772 808 Signum
799 714 942 808 predicti
965 717 1096 790 domiui
1119 717 1281 791 Friderici
1301 717 1447 792 meandi
1466 719 1530 792 Dei
1551 717 1659 812 gratia
1681 717 1902 793 invictissimi
1923 721 1984 794 llo·

579 859 760 911 manorum
779 840 1013 936 imperatoris,
1034 865 1170 940 semper
1192 843 1349 938 angusti,
1373 843 1557 916 Ierusalem
1574 852 1609 915 et
1624 841 1739 916 Sicilie
1755 842 1861 937 regis.

628 965 713 1037 Acta
729 973 810 1037 sunt
826 965 891 1038 heo
908 989 1000 1042 anno
1018 967 1190 1043 dominice
1212 968 1456 1040 incarnationis
1473 967 1653 1040 millesimo
1674 967 1914 1040 ducentesimo
1932 969 1982 1040 ri·

578 1089 711 1182 gesimo
731 1099 844 1182 sexto,
865 1111 984 1164 mense
1001 1091 1123 1182 madii,
1142 1091 1403 1188 quartadecima
1418 1091 1618 1182 indictione,
1639 1091 1830 1188 imperante
1848 1090 1984 1165 domino

579 1223 695 1288 nostro
712 1214 883 1288 Friderico
900 1217 962 1289 Dei
980 1217 1091 1310 gratia
1109 1217 1353 1312 gloriosissimo
1366 1217 1836 1312 Romanorum‘imperatore,
1852 1239 1984 1312 semper

578 1347 744 1433 augusto,
766 1339 948 1413 Ierusalem
968 1351 1003 1414 et
1022 1343 1138 1415 Sicilie
1160 1363 1261 1436 rege,
1280 1365 1371 1416 anno
1390 1341 1525 1438 imperii
1543 1343 1619 1433 ejus
1639 1351 1754 1432 sexto,
1775 1341 1874 1436 regni
1895 1343 1983 1414 lero·

578 1464 761 1570 solimitani
780 1464 892 1561 primo
912 1476 947 1540 et
969 1467 1066 1561 regni
1084 1467 1199 1540 Sicilie
1218 1487 1311 1540 anno
1331 1467 1501 1562 vigesimo
1517 1475 1661 1558 octavo,
1681 1466 1834 1540 feliciter.
1857 1468 1977 1539 Amen.

625 1591 750 1662 Datum
764 1591 860 1688 opud
879 1593 1036 1666 Ymolam
1054 1590 1127 1688 (t),
1145 1613 1254 1683 anno,
1273 1613 1392 1666 mense
1407 1601 1443 1666 et
1459 1590 1647 1666 indictione
1665 1590 1877 1687 prescriptis.

443 2325 504 2366 mi·
624 2239 861 2349 FrideriouS,
896 2243 1158 2327 Romanorum
1188 2245 1412 2354 imperator,
1440 2243 1661 2328 Bertoldum
1693 2243 1849 2326 fratrem
1880 2241 1978 2350 Ray-

570 2375 675 2456 naldi
693 2375 801 2458 ducis
820 2376 962 2486 Spoleti
984 2387 1022 2460 et
1044 2377 1202 2461 Tusciae
1223 2377 1339 2490 legati
1361 2379 1441 2462 rice
1463 2379 1583 2488 ipsius
1602 2377 1643 2459 iu
1664 2376 1841 2460 Tusciam
1868 2374 1977 2456 mittit

571 2517 614 2590 ut
631 2509 796 2592 rationes
815 2509 962 2619 imperii
981 2512 1135 2621 recipiat
1152 2523 1190 2595 et
1205 2521 1393 2622 procuret.

648 2726 772 2803 (lnedlt.
787 2729 819 2787 tn
835 2726 917 2788 arch.
932 2743 1041 2788 comm.
1056 2727 1196 2802 Senensl,
1214 2722 1321 2807 Geteffo
1337 2721 1462 2800 semida,
1476 2723 1530 2789 iol.
1548 2733 1604 2788 tes
1619 2740 1720 2798 verso,
1737 2740 1776 2784 cx
1797 2713 1975 2800 transumpto

689 2831 858 2896 authentico
871 2837 942 2896 annl
959 2842 1046 2911 ttae,
1063 2843 1098 2896 15
1113 2832 1298 2914 decembris.)

616 3020 841 3094 Fredericbus
858 3021 920 3094 Dei
944 3025 1051 3116 gratia
1074 3024 1305 3096 Romanorum
1328 3021 1524 3118 imperator,
1547 3041 1684 3116 semper
1702 3029 1895 3113 augustus,
1919 3019 1973 3090 le-

568 3147 717 3218 rusalem
737 3155 771 3218 et
788 3145 903 3218 Sicilie
923 3168 1005 3238 rex,
1028 3147 1201 3220 universis
1223 3147 1362 3243 prelatis
1378 3146 1549 3234 lloclesie,
1569 3145 1851 3234 marchionibus,
1871 3143 1974 3216 oemi-

569 3269 679 3362 tibus,
699 3269 905 3361 baronibus,
934 3273 1178 3367 potestatibus,
1200 3272 1408 3364 rectoribus,
1433 3270 1585 3343 consiliis
1608 3279 1643 3342 et
1666 3268 1910 3344 communibus
1926 3267 1974 3338 ci-

567 3395 732 3486 vitatum,
765 3395 946 3482 villarum,
978 3405 1167 3468 castrorum
1197 3418 1259 3491 per
1282 3396 1440 3470 Tusciam
1466 3395 1676 3487 constitutis,
1700 3393 1974 3487 quibuscumque

567 3525 742 3614 presentes
763 3519 873 3592 littere
895 3529 1032 3592 ostense
1055 3519 1200 3612 fuerint,
1224 3520 1386 3594 fidelibus
1404 3519 1498 3611 suis,
1516 3520 1662 3614 gratiam
1680 3540 1781 3591 suam
1800 3527 1836 3590 ct
1855 3517 1974 3590 bonam

604 3828 642 3902 (t)
663 3847 677 3882 t
690 3828 787 3886 Postea
805 3828 952 3901 imperator
965 3828 1015 3886 ivit
1025 3828 1147 3900 lmolam,
1163 3834 1259 3903 postea
1275 3829 1323 3886 ivit
1333 3828 1504 3900 Medicinam,
1518 3833 1614 3903 postea
1628 3825 1753 3884 censivit
1763 3825 1842 3898 juxta
1854 3823 1975 3881 &ndum
2049 3849 2053 3862 ·

569 3925 748 3983 »lobannem
768 3927 795 3983 in
807 3911 945 3984 'reomao
965 3933 993 3984 et
1011 3926 1163 4001 hospitatus
1184 3927 1236 3983 luit
1257 3934 1332 3984 extra
1349 3933 1466 3985 castrm
1487 3927 1578 3984 Sancti
1597 3926 1736 3984 lobannis.
1759 3921 1866 3980 Deinde
1887 3921 1933 3977 irit
1951 3918 1979 3992 in

571 4043 585 4076 s
599 4024 795 4095 Lcmberdiam,
808 4029 835 4081 et
845 4041 896 4099 per
906 4025 955 4082 Dei
969 4025 1079 4100 gratiam
1092 4025 1158 4082 nibil
1172 4026 1261 4100 potuit
1276 4026 1364 4083 tacere
1380 4026 1414 4083 do
1425 4042 1458 4082 eo
1471 4025 1545 4099 quod
1560 4023 1678 4082 babebat
1694 4023 1722 4079 in
1734 4021 1826 4079 corde.
1841 4037 1855 4073 s
1869 4021 1973 4076 Manu.

569 4136 606 4179 ns
621 4121 720 4180 usim.
732 4138 777 4196 ap,
791 4122 951 4193 Monaroru,
965 4121 1078 4196 Scapt,
1095 4123 1193 4192 XVlll,
1209 4126 1268 4180 tto.
1288 4124 1377 4194 Quum
1392 4123 1543 4180 Fridericus
1560 4121 1594 4180 de
1608 4117 1823 4180 Bononiensibus
1838 4115 1972 4180 diffideret,

388 4253 391 4262 ·
485 4266 490 4278 .
568 4217 604 4274 ab
618 4233 711 4276 eornm
723 4219 831 4276 civitate
844 4219 961 4278 divertit.
977 4221 1031 4279 Sed
1045 4220 1134 4295 pluria
1150 4221 1266 4278 maxima
1283 4222 1424 4294 ingruente
1435 4227 1464 4278 et
1480 4220 1568 4279 fluviis
1581 4219 1727 4294 praecipue
1741 4217 1818 4274 ltsuo
1830 4221 1972 4270 bamasm-

566 4317 649 4389 tibus,
659 4333 714 4374 non
724 4317 784 4375 sine
796 4332 902 4375 summa
913 4317 1067 4376 difficultate
1076 4319 1295 4394 cumlantgrario
1305 4320 1467 4395 Thuringiae
1476 4319 1547 4376 ultra
1557 4318 1673 4376 monstra
1684 4315 1781 4390 potuit.
1798 4311 1901 4372 metat
1909 4311 1972 4366 int&

555 4429 634 4496 ¹quos
644 4413 878 4488 llagdeburgensis
892 4415 1123 4492 archiepiscopus,
1138 4433 1231 4474 comes
1247 4417 1386 4475 Conradus
1404 4417 1438 4475 de
1452 4416 1677 4490 Schwartnburg,
1696 4427 1790 4471 comes
1806 4407 1969 4468 lleinbarrlus

564 4509 599 4566 de
612 4511 731 4586 ltlolberg
742 4519 772 4569 et
789 4513 865 4570 multi
883 4513 989 4572 nobiles
1001 4513 1167 4572 Tbeutoniae
1185 4513 1257 4590 apud
1271 4515 1419 4573 Bononiam
1436 4514 1567 4591 hospitari
1583 4513 1670 4571 coacti
1688 4516 1769 4580 sunt;
1785 4523 1854 4584 qnos
1870 4511 1967 4581 postet

565 4607 609 4664 die
626 4609 808 4668 Bononienses
820 4611 945 4684 insecuti,
958 4612 1095 4670 tardantes
1107 4613 1175 4671 malo
1189 4619 1382 4688 tractaverunt,
1394 4615 1480 4673 donec
1491 4615 1575 4673 citato
1588 4627 1669 4670 cursu
1680 4607 1875 4668 blotinensium
1892 4611 1965 4661 toros

564 4703 727 4778 attigissent.
742 4706 783 4765 Gt.
799 4708 927 4768 Olrontc.
944 4707 1598 4785 Sclwortcbnrp.,ep.Scnorrosuctllnsrs1c,
1613 4708 1775 4786 diplomat,
1790 4706 1817 4780 l,
1832 4705 1894 4760 ⁴5⁹.
