4272 5886
528 575 589 638 seo
1029 580 1244 643 rainerum
1271 579 1445 642 sacuam
1755 579 1836 658 [aaa.
1855 580 1938 642 raas.

532 713 712 808 sequimur
740 715 844 788 officii
866 715 963 810 quod
990 717 1063 790 Deo
1083 739 1145 813 pro
1172 739 1274 813 posse
1301 716 1547 790 satisfacientes
1572 726 1608 791 at
1630 713 1782 806 bomini,
1814 715 1852 786 iu
1878 717 1941 789 boc

532 838 686 932 gerimus
702 839 831 912 utiliter
846 840 1022 934 negotium
1036 852 1152 914 nostre
1164 842 1285 915 salutis
1298 851 1332 914 et
1347 851 1418 931 tue,
1435 863 1515 914 cum
1532 839 1665 914 deterre
1679 839 1810 912 bomini
1828 851 1941 914 conta

532 962 644 1034 mum
662 963 840 1058 presertim
861 963 896 1035 iu
922 964 1048 1038 talibus
1068 966 1113 1038 sit
1133 987 1255 1038 nocere
1269 987 1312 1039 ac
1328 987 1468 1060 parcere
1493 965 1538 1036 sit
1556 964 1681 1036 sevire.
1702 965 1829 1036 Manus
1851 965 1941 1038 enim

531 1086 804 1160 misericordium
824 1088 1007 1162 mulierum
1031 1088 1119 1162 lilios
1140 1088 1342 1162 occiderunt
1362 1098 1398 1160 et
1414 1087 1647 1175 decoxemnt3
1666 1087 1730 1160 sed
1746 1087 1942 1162 babetrera
2015 1167 2017 1169 ,

531 1209 671 1284 dilectio
685 1213 804 1307 plagas
818 1233 900 1285 suaa
917 1234 986 1306 que
1008 1213 1179 1286 dulciores
1196 1213 1284 1296 liunt
1297 1235 1375 1284 cum
1395 1213 1545 1284 amarius
1557 1213 1763 1283 inferuntur.
1779 1212 1941 1304 Adjecisti

530 1344 683 1431 preterca
700 1335 794 1430 quod
812 1346 890 1433 post
903 1337 1051 1410 reditum
1068 1347 1165 1410 tuum
1182 1337 1219 1409 in
1232 1359 1377 1430 regnum
1397 1335 1529 1426 Sicilie,
1554 1335 1795 1429 redintegratis
1806 1339 1941 1429 juribus

529 1459 599 1533 tuis
618 1481 680 1556 pro
697 1469 890 1556 temporum
914 1462 1080 1536 varietate
1097 1461 1262 1556 dispersis
1285 1470 1320 1534 et
1337 1461 1489 1534 exclusis
1509 1460 1713 1552 rebellibus,
1727 1460 1816 1533 dicis
1832 1464 1941 1535 eccle-

529 1583 618 1656 siam
634 1593 751 1658 contra
770 1585 887 1658 matris
903 1585 1054 1657 officium
1074 1595 1252 1681 suspectos
1269 1585 1359 1658 filios
1378 1594 1582 1679 receptasse.
1606 1585 1651 1656 Et
1667 1584 1811 1680 quidem
1830 1587 1875 1660 de
1886 1590 1939 1680 ju-

530 1709 620 1781 rium
650 1707 939 1802 redintegratione
963 1710 1158 1804 gaudemus
1179 1737 1187 1782 :
1212 1719 1248 1784 et
1273 1713 1404 1784 utinam
1436 1709 1701 1803 redintegrantis
1726 1711 1863 1784 affectio
1894 1713 1940 1784 sic

532 1831 658 1907 debitis
680 1843 839 1906 contenta
861 1833 982 1908 luisset
1006 1835 1176 1907 limitibus
1193 1835 1289 1930 quod
1302 1835 1442 1927 justicia
1459 1835 1727 1929 recuperationis
1751 1836 1789 1907 in
1812 1838 1886 1908 suis
1906 1837 1939 1908 in

531 1957 653 2030 alianis
670 1959 717 2032 ad
731 1958 964 2054 usurpationis
981 1959 1141 2050 injuriam
1159 1981 1228 2033 uon
1244 1961 1436 2049 transisset,
1452 1959 1534 2053 quia
1547 1968 1660 2054 preter
1676 1959 1713 2031 id
1725 1961 1825 2054 quod
1837 1962 1874 2032 iu
1888 1961 1941 2034 die

531 2081 721 2156 novissimo
744 2082 889 2156 districti
912 2082 1037 2175 judicii
1062 2085 1195 2159 ratione
1215 2085 1397 2177 reddetur,
1418 2085 1647 2158 consummari
1674 2085 1837 2158 felicibus
1862 2087 1940 2158 aub-

530 2207 656 2280 stantia
674 2230 743 2281 non
758 2208 938 2282 consuevit
953 2210 1149 2298 eventibus,
1166 2210 1361 2302 augmentis
1374 2231 1442 2281 non
1456 2219 1642 2304 aggregata
1650 2209 1829 2302 legitimis,
1841 2213 1940 2304 quiu-

531 2331 604 2405 imo‘
623 2331 765 2426 ganda
788 2353 934 2406 acervus
962 2331 1112 2405 inficitur
1133 2335 1238 2430 partis
1259 2333 1453 2427 adjectione
1475 2342 1645 2428 oomupte.
1666 2335 1777 2428 Super
1792 2336 1942 2408 exclusis

529 2477 694 2552 responso
725 2457 952 2552 supersedere
975 2479 1174 2552 possemus,
1191 2459 1258 2530 nisi
1284 2459 1431 2550 alicujus
1450 2456 1586 2550 judicio
1611 2456 1809 2532 crederetur
1834 2471 1942 2534 relat*

530 2580 650 2655 datum
677 2583 852 2655 silentium
879 2583 1057 2679 repetitam
1078 2581 1266 2674 justificare
1288 2583 1477 2677 querelam.
1502 2582 1571 2655 Sed
1589 2593 1629 2654 ut
1650 2583 1830 2676 videmus,
1849 2587 1942 2679 quod

528 2703 769 2803 respondentis
798 2706 965 2780 hacteuus
1001 2707 1229 2782 dissimulatio
1260 2707 1411 2798 distulit,
1444 2729 1539 2780 nuuc
1571 2717 1753 2803 extorquet
1783 2710 1943 2783 instantia

529 2831 784 2925 conquerentis.
811 2830 842 2903 Α
873 2833 1038 2904 memoria
1066 2855 1206 2927 quoque
1238 2844 1298 2905 tua
1329 2832 1504 2905 excidisse
1533 2855 1603 2905 non
1642 2831 1817 2906 credimus
1847 2835 1941 2929 quod

529 2956 645 3028 comiti
675 2955 874 3044 Thomasio,
898 2955 1076 3050 Rayualdo
1101 2956 1146 3030 de
1168 2957 1300 3030 Aversa
1315 2955 1367 3052 (l)
1382 2966 1418 3029 et
1433 2956 1624 3031 fautoribus
1639 2957 1862 3050 eorumdem,
1879 2983 1939 3033 au·

529 3089 669 3172 taquam
696 3089 901 3173 castraque
925 3080 1059 3152 viribus
1085 3081 1240 3154 obtinere
1268 3081 1477 3175 nequiveras
1501 3082 1731 3175 resignarent,
1757 3084 1848 3156 inter
1876 3085 1940 3158 alia

529 3225 600 3298 que
622 3203 762 3298 publica
796 3215 877 3277 sunt
900 3213 935 3278 et
963 3203 1159 3278 authentica
1188 3205 1416 3278 conventione
1447 3215 1579 3295 notata,
1612 3207 1708 3279 venit
1742 3211 1940 3302 expraeslus

530 3349 754 3425 personarum
781 3329 948 3402 securitas
982 3330 1018 3400 in
1044 3329 1271 3425 promissum,
1296 3338 1331 3402 et
1354 3338 1393 3401 ut
1413 3329 1451 3402 id
1473 3330 1611 3421 maioris
1640 3329 1808 3403 firmitatis
1836 3333 1940 3404 robur

528 3453 690 3543 haberet,
708 3473 772 3526 nos
794 3463 828 3525 et
855 3454 1035 3526 universos
1061 3455 1181 3526 iratres
1208 3464 1342 3526 nostros
1366 3453 1553 3526 affectuose
1572 3457 1698 3549 rogasti
1721 3479 1782 3549 per
1801 3457 1937 3528 nuntios

528 3589 563 3650 et
579 3578 708 3650 litteras
724 3577 891 3674 speciales
906 3577 943 3649 in
962 3578 1193 3652 testimonium
1214 3589 1431 3652 conservatas
1448 3587 1486 3650 ut
1500 3579 1654 3654 Romana
1670 3580 1824 3653 Ecclesia
1839 3605 1939 3678 super

527 3723 566 3776 se
596 3700 807 3774 confidenter
842 3702 1010 3798 reciperet
1041 3723 1083 3775 ac
1110 3724 1229 3776 secura
1260 3701 1359 3797 quod
1394 3703 1638 3777 iuviolabiliter
1667 3705 1836 3799 promissa
1865 3728 1939 3801 pre-

528 3826 631 3901 dictis
646 3825 840 3900 atteuderes
864 3835 898 3899 et
922 3827 1074 3922 plenarie
1089 3848 1323 3900 conservares.
1344 3827 1412 3900 Sed
1429 3837 1543 3899 utrum
1559 3829 1675 3901 verbis
1693 3831 1784 3903 lacta
1801 3853 1939 3926 respon·

530 3951 643 4026 derint
659 3950 817 4046 fidesque
833 3951 1022 4046 promissis,
1036 3953 1115 4046 plus
1128 3973 1233 4047 quam
1245 3950 1367 4025 deceat
1377 3951 1477 4026 Sedis
1490 3952 1676 4047 apostolice
1689 3962 1725 4026 et
1739 3956 1939 4028 excellentie

530 4075 718 4173 imperialis
740 4076 921 4166 bonorem,
942 4076 1187 4149 afflictionibus
1209 4076 1357 4172 publicis
1383 4086 1417 4150 et
1437 4077 1536 4172 penis
1553 4077 1744 4151 manifestis
1761 4088 1941 4174 exponunt

530 4202 688 4274 nonnulli
708 4198 754 4273 de
771 4201 951 4274 memorati
969 4201 1106 4273 comitis
1123 4201 1333 4292 fautoribus,
1350 4223 1499 4297 quorum
1520 4202 1647 4274 multos
1672 4212 1751 4298 post
1771 4215 1939 4299 speratam

531 4325 576 4398 de
607 4324 789 4398 securitate
815 4324 979 4399 fiduciam
1006 4323 1135 4398 dedisti
1163 4325 1271 4397 axilio
1304 4333 1339 4396 et
1369 4323 1539 4418 quosdam
1569 4325 1798 4419 ignominiosa
1833 4337 1940 4401 morte

568 4631 605 4702 (l)
624 4629 646 4686 li
663 4635 726 4686 suut
743 4629 902 4687 Thomasius
922 4629 957 4687 de
976 4629 1087 4701 Celano,
1103 4645 1195 4687 comes
1213 4627 1324 4702 llolisii,
1339 4635 1368 4687 et
1389 4629 1543 4704 ltayualdus
1560 4629 1595 4688 de
1613 4629 1715 4690 Aram
1731 4631 1853 4690 sororius
1871 4631 1936 4705 ejus.

529 4726 597 4786 llide
609 4741 706 4800 supra,
720 4743 750 4800 p.
766 4729 817 4782 356
832 4734 860 4784 et
871 4743 950 4801 seqq.
