4298 5898
187 501 287 562 lemur.
306 497 366 582 lm]
637 495 838 558 HISTORIA
861 493 1153 557 olenomartca.
1544 490 1606 554 ata

187 646 222 710 et
236 633 403 723 edificiis,
424 641 491 706 ete.
521 629 979 727 [maerensmaerens
1000 635 1037 705 in
1053 629 1281 726 diplomatibus
1303 627 1606 722 aeceperunt

189 761 303 833 Caroli
316 759 430 853 mcpai
443 760 509 855 (l),
528 779 629 852 aspare
647 759 693 830 cd
711 755 742 855 :]
762 757 852 831 sicut
867 759 914 833 ab
933 755 1214 854 imperatoribus,
1237 753 1399 847 regibus,
1417 761 1451 825 et
1472 751 1607 826 idoneis

189 908 231 959 ac
259 883 436 958 catholicis
462 883 663 956 bominibus
690 882 881 978 antiquitus
907 884 944 954 in
969 883 1046 978 ipsa
1077 879 1223 954 ecclesia
1252 876 1475 952 constitutum
1502 876 1608 950 inisse

190 1009 393 1106 reperimus.
417 1007 709 1080 Confirmaverant
736 1003 884 1105 [etiam]
911 1015 947 1078 el
971 1005 1277 1079 corroboraverant
1302 1001 1417 1075 eidem
1444 999 1605 1095 Regiensi

191 1134 334 1208 ecclesie
357 1154 419 1228 per
442 1131 624 1228 privilegia
647 1131 847 1228 supradicta
867 1141 1000 1205 curtem
1024 1129 1167 1202 Lazarie
1190 1135 1350 1201 vocatam
1373 1147 1455 1198 cum
1478 1126 1609 1221 capella

191 1257 306 1331 Sancti
331 1257 421 1330 sixti
448 1257 485 1328 in
510 1257 586 1330 loco
613 1256 792 1330 Pdndano
814 1254 975 1329 edificata
995 1275 1131 1327 necnon
1151 1261 1186 1328 et
1211 1255 1289 1347 gajo
1308 1251 1397 1324 inter
1417 1249 1550 1324 Padum
1575 1258 1611 1324 et

138 1449 141 1454 .
192 1382 396 1456 Bondenum
412 1382 478 1454 sito
495 1403 576 1456 cum
600 1383 762 1454 omnibus
785 1379 1002 1477 pertinentiis
1022 1389 1058 1452 et
1080 1377 1289 1474 appenditiis
1312 1375 1387 1450 suis
1410 1399 1452 1449 ac
1469 1374 1610 1448 familiis

194 1506 375 1601 utriusque
404 1527 523 1579 sexus.
556 1506 771 1580 Presentavit
800 1507 904 1578 etiam
936 1506 1122 1602 episcopus
1158 1501 1378 1598 supradictus
1413 1499 1611 1576 celsitudini

196 1639 311 1704 nostre
325 1653 386 1726 per
406 1630 576 1726 prelatum
591 1631 751 1704 nuntium
771 1653 874 1704 suum
897 1629 965 1704 alia
983 1629 1055 1704 duo
1072 1629 1271 1702 authentica
1287 1627 1469 1724 privilegia
1484 1645 1506 1699 a
1521 1626 1613 1700 clare

197 1754 552 1830 memorieFrederieo
568 1777 635 1830 avo
649 1764 765 1829 nostro
783 1765 818 1829 et
833 1755 981 1829 Henrico
999 1764 1097 1852 patre
1115 1762 1231 1827 nostro
1247 1751 1510 1848 imperatoribus
1522 1750 1613 1824 divis

199 1880 355 1971 augustis
370 1878 567 1975 supradicte
581 1881 725 1955 scetere
740 1881 900 1975 Regiensi
919 1878 1055 1954 indulta
1072 1880 1109 1951 in
1126 1878 1257 1974 quibus
1275 1875 1514 1950 continebatur
1527 1898 1614 1970 que·

201 2005 278 2077 liter
296 2004 363 2101 ipsi
383 2025 472 2078 avus
489 2014 524 2078 et
540 2017 637 2102 pater
657 2015 775 2079 noster
797 2006 978 2080 ecelesiam
995 2006 1106 2100 ipsam
1129 2025 1210 2076 cnm
1228 2001 1401 2076 universis
1424 2001 1613 2097 possessio·

199 2127 305 2199 nibus
323 2127 413 2216 suis,
438 2129 543 2204 rebus
564 2138 599 2202 et
616 2128 774 2226 personis
799 2129 866 2204 suh
891 2151 954 2203 sne
979 2127 1167 2224 majestatis
1192 2125 1392 2201 defensione
1414 2135 1613 2222 receperant

199 2251 302 2347 eique
326 2251 495 2349 imperiali
523 2255 725 2328 auctoritate
749 2253 1036 2328 confirmaverant
1061 2275 1181 2327 omnes
1207 2262 1321 2325 curtes
1342 2261 1377 2324 el
1400 2251 1519 2347 plebes
1539 2271 1616 2324 om·

200 2397 333 2470 nosque
353 2398 409 2449 res
430 2386 465 2451 et
486 2379 709 2475 proprietates
737 2379 775 2450 in
796 2377 920 2452 eodem
946 2379 1108 2472 Regiensi
1133 2377 1297 2451 comitatu
1328 2397 1389 2450 seu
1414 2376 1611 2467 Parmensi,

200 2499 386 2574 Mutinensi
403 2510 508 2597 atque
526 2503 750 2596 Bononiensi,
766 2503 954 2576 Veronensi
973 2525 1015 2576 ac
1031 2503 1189 2598 Papiensi
1208 2500 1425 2575 comitatibus
1441 2503 1609 2594 jacentes,

200 2647 265 2720 per
279 2635 440 2722 precepta
453 2635 708 2701 antecessorum
724 2627 969 2724 imperatorum
987 2627 1116 2716 Caroli,
1136 2625 1321 2716 Ludovici,
1339 2625 1530 2717 lamberti,
1549 2627 1613 2699 Be-

199 2749 350 2844 rengarii
368 2751 582 2847 aliorumque
595 2751 843 2848 imperatorum·
856 2760 891 2827 et
906 2773 1026 2846 regum
1044 2773 1106 2824 seu
1121 2773 1419 2847 quorumcumque
1433 2750 1613 2824 bominum

200 2895 263 2970 per
284 2875 417 2970 aliquas
434 2876 673 2972 inscriptiones
687 2884 722 2949 et
735 2883 935 2949 testamenta
952 2875 1067 2950 cidem
1079 2875 1224 2949 ecclesie
1243 2875 1396 2971 legitime
1407 2875 1612 2970 assignatas,

202 2999 366 3074 videlicet
383 3021 486 3074 omne
500 3002 706 3095 districtum,
725 3003 910 3094 teloneum,
928 2999 1138 3093 terraticum,
1154 2999 1390 3093 stradaticnm,
1407 3021 1616 3094 omnemque

201 3122 377 3218 publicum
392 3126 604 3200 fonctionem
623 3135 693 3199 lam
710 3125 798 3198 inire
813 3125 970 3198 eamdem
985 3123 1159 3197 civilatem
1176 3123 1377 3218 Regiensem
1392 3145 1499 3219 quam
1516 3131 1616 3198 extra

203 3248 401 3322 incircuitu
421 3273 483 3346 per
498 3261 648 3346 quatuor
664 3251 901 3324 milliariorum
922 3249 1054 3347 spatia,
1073 3237 1207 3322 necnon
1222 3259 1257 3322 et
1271 3259 1401 3322 curtem
1417 3250 1617 3323 Mazenzati·

201 3393 292 3464 cam,
308 3385 523 3470 curtemque
537 3376 634 3449 Nove
648 3375 866 3450 dioilnrcum
880 3375 994 3472 plebe,
1009 3383 1141 3449 curtem
1154 3372 1199 3448 de
1212 3376 1337 3448 Sancto
1350 3375 1523 3470 Stephano
1536 3397 1616 3448 cum

202 3499 316 3594 plebe,
337 3510 469 3573 curtem
486 3500 735 3594 Mereoriatica,
754 3502 932 3576 castellum
951 3499 997 3573 de
1015 3499 1179 3573 Favorice
1191 3498 1386 3596 (Fabrical)
1403 3520 1484 3571 cum
1501 3499 1616 3596 plebe,

201 3623 349 3698 insulam
364 3626 410 3699 de
421 3624 562 3700 Suzaria
573 3647 652 3698 oum
667 3625 768 3720 plebe
781 3635 817 3701 et
828 3625 903 3698 suis
915 3624 1148 3721 pertinentiis,
1164 3624 1300 3720 plebem
1315 3624 1360 3697 de
1371 3623 1532 3714 Luzaria,
1547 3624 1619 3719 ple·

200 3748 281 3820 hem
299 3746 345 3822 de
358 3748 607 3842 Wardastalla,
633 3750 769 3844 plebem
791 3748 836 3824 de
856 3749 1078 3844 Pigugnaga,
1098 3749 1235 3844 plebem
1252 3747 1297 3822 de
1313 3749 1464 3841 Revera,
1487 3757 1618 3822 cnrlern

199 3873 315 3945 Sancti
323 3872 460 3946 Martini
471 3872 515 3946 de
524 3873 632 3970 Spino
642 3895 721 3946 oum
731 3855 889 3969 piscariis
897 3881 933 3946 et
941 3873 1286 3969 paludibus,plebem
1296 3872 1617 3968 deCarpo,plebem

201 3995 247 4068 de
263 3997 440 4090 Herberia,
459 3996 744 4092 Cardignaoulam
768 4019 848 4070 cum
862 3998 1011 4093 capella,
1032 3997 1167 4094 plebem
1186 3998 1231 4072 de
1247 3997 1348 4070 Prato
1364 4019 1445 4070 cum
1463 3997 1615 4086 castello,

200 4129 333 4193 curtem
354 4120 399 4194 de
413 4122 690 4218 Camporotundo
710 4143 792 4196 curn
811 4121 930 4217 plebe,
947 4122 1083 4217 plebem
1101 4121 1147 4198 de
1163 4123 1291 4195 Balnea
1306 4143 1388 4195 cum
1405 4131 1514 4215 cume,
1534 4143 1620 4194 cas·

201 4245 321 4318 tellum
339 4245 385 4320 de
401 4246 525 4321 Arceto
550 4269 629 4320 cum
650 4247 724 4320 suis
749 4245 983 4344 pertiuentiis,
1003 4256 1135 4322 curtem
1155 4247 1200 4321 de
1221 4246 1370 4320 blilitnlo
1392 4269 1473 4320 cum
1496 4245 1616 4343 plebe,

202 4381 335 4445 curtem
358 4369 404 4445 de
423 4375 548 4446 Sancto
577 4375 773 4466 salvatore,
799 4371 936 4468 plebem
961 4370 1007 4444 de
1030 4373 1155 4446 Sancto
1175 4369 1383 4465 Eleucedio,
1409 4371 1544 4468 plebem
1572 4370 1619 4444 de

241 4677 280 4749 (t)
299 4677 339 4737 ct.
354 4677 538 4750 Trsmoscnr,
554 4678 670 4752 ibidem,
686 4685 707 4736 t.
723 4679 749 4752 l,
763 4675 880 4754 append.
895 4693 923 4750 p.
942 4679 1004 4747 aaa,
1019 4681 1048 4734 et
1061 4689 1158 4750 supra,
1176 4691 1205 4748 p.
1219 4675 1235 4730 6
1249 4677 1276 4731 et
1288 4675 1318 4730 7.
