4296 5898
542 539 605 604 tm
1047 541 1267 604 salutasset
1292 543 1468 606 stellam
1771 543 1853 624 [hu.
1871 543 1950 607 lm

545 673 670 757 ullum
701 674 922 760 theloneum
953 677 1056 786 apud
1087 677 1293 786 beheim,
1327 677 1556 786 Osterbeck,
1588 676 1738 762 Lobede
1767 677 1828 762 rel
1863 677 1951 762 ubi-

543 835 710 920 cumque
737 837 851 920 super
881 810 1058 894 Rhenum
1079 811 1258 922 deinceps
1285 813 1471 922 acciperet
1495 811 1554 896 rel
1581 809 1757 918 haberet,
1783 812 1954 922 idemque

542 969 671 1027 comes
688 945 913 1028 mandatum
932 971 1048 1029 suum
1073 948 1341 1056 contempserit
1361 947 1537 1030 homines
1564 946 1743 1030 ecclesiae
1768 943 1953 1056 [hunjec-

543 1078 659 1160 tensis
677 1079 726 1161 de
743 1077 945 1162 Deventria
966 1089 1005 1163 et
1030 1079 1226 1164 Sellandia
1251 1082 1361 1165 novis
1386 1081 1572 1166 theloneis
1601 1081 1859 1188 molestando,
1887 1083 1955 1165 hoc

541 1211 666 1295 eidem
685 1213 759 1296 snb
776 1241 900 1323 poene
913 1215 1187 1328 indignationis
1206 1243 1297 1300 suae
1314 1217 1441 1300 denno
1458 1215 1647 1327 prohibet.

621 1465 750 1540 (ltdtder.
766 1467 872 1547 Hans,
887 1467 963 1530 hist.
981 1470 1063 1549 episc.
1081 1465 1199 1552 olous,
1213 1487 1245 1549 p.
1263 1479 1330 1533 195.
1343 1501 1384 1516 -
1398 1469 1519 1544 cm,
1533 1471 1576 1532 ne
1589 1467 1778 1552 depellente,
1794 1487 1823 1548 p
1840 1479 1905 1532 tot.
1915 1503 1954 1517 -

661 1574 872 1648 binmaus,
886 1576 930 1637 ne
950 1573 1074 1648 nom..
1095 1594 1128 1655 p.
1147 1587 1267 1638 tls-
1281 1579 1434 1654 Βοιωιι,
1455 1575 1705 1648 Charta-bow.
1729 1578 1762 1651 l,
1782 1593 1815 1656 p.
1841 1587 1953 1640 82¹1.-

660 1681 780 1760 Lurnn,
803 1679 871 1746 Cart
883 1701 972 1765 perur-
988 1681 1151 1765 apeme,
1169 1687 1241 1760 tll,
1256 1703 1287 1764 p.
1307 1683 1407 1765 tut)

591 1915 793 1990 Fredcricus
814 1917 876 1990 Dei
903 1919 1013 2012 gratia
1033 1920 1265 1992 Romanorum
1281 1919 1479 2014 imperator,
1504 1939 1640 2014 semper
1656 1925 1826 2012 augustus
1844 1927 1879 1990 et
1895 1939 1952 1990 rer

543 2042 670 2134 Sicilie,
693 2043 865 2116 universis
880 2053 1057 2140 presentes
1071 2044 1200 2117 litteras
1216 2045 1422 2141 inspecturis
1435 2043 1598 2118 fidelibus
1613 2043 1687 2116 suis
1699 2043 1846 2138 gratiam
1858 2063 1951 2116 suam

543 2177 578 2240 et
599 2189 702 2242 omne
727 2167 870 2240 bouum
895 2168 985 2254 Quia
1011 2189 1093 2240 cum
1116 2167 1213 2264 apud
1234 2167 1477 2242 Franckentort
1498 2170 1535 2240 in
1558 2169 1655 2242 curia
1678 2169 1876 2242 solemniter
1898 2169 1951 2240 iu-

544 2293 636 2368 dicte
647 2293 781 2387 judicio
804 2293 1080 2389 presideremus,
1106 2315 1168 2389 per
1183 2294 1358 2391 principes
1381 2295 1442 2390 qui
1462 2292 1593 2367 ibidem
1612 2293 1757 2368 aderaut
1780 2294 1858 2366 talis
1875 2293 1951 2367 datu

545 2417 610 2492 luit
638 2418 807 2492 sententia
830 2429 865 2492 et
889 2419 934 2492 ab
959 2418 1091 2492 eisdem
1115 2420 1306 2515 approbata
1333 2420 1430 2514 quod
1455 2421 1584 2492 nullam
1615 2419 1852 2492 auctoritatem
1880 2420 1949 2493 sive

542 2545 759 2620 warandiam
779 2544 904 2618 telonei
929 2545 964 2616 in
984 2545 1151 2618 damnum
1170 2546 1227 2618 vel
1247 2544 1478 2641 prejudicium
1496 2545 1644 2638 aliquns
1666 2553 1782 2618 nostra
1804 2557 1949 2642 prestare

542 2671 708 2745 serenitas
722 2671 908 2767 potuissct;
930 2692 1033 2765 quare
1048 2694 1128 2744 curn
1151 2670 1197 2744 de
1213 2671 1337 2744 comite
1353 2669 1505 2745 Gelreusi
1528 2691 1634 2768 super
1658 2673 1792 2746 teloneo
1807 2671 1902 2766 quod
1915 2693 1949 2744 se

542 2817 564 2870 a
581 2795 681 2870 nobis
697 2797 843 2870 asseruit
862 2805 995 2889 tenere,
1013 2795 1142 2870 clamor
1155 2796 1442 2892 conquerentium
1459 2817 1528 2869 non
1545 2795 1704 2870 modicus
1719 2817 1821 2870 aures
1840 2797 1948 2870 excel·

542 2922 645 2996 lentie
663 2932 778 2994 nostre
796 2921 996 3018 pulsaverit,
1015 2921 1083 2994 sub
1102 2921 1244 2995 obtentu
1267 2921 1377 3016 gratie
1398 2929 1513 2994 nostre
1530 2920 1645 2994 eidem
1661 2921 1777 2994 comiti
1794 2919 1947 2996 dedimus

541 3046 578 3120 in
594 3046 767 3120 mandatis
779 3069 821 3120 ac
834 3047 973 3143 penitus
987 3047 1228 3144 prohibuimus
1243 3046 1339 3142 quod
1354 3048 1489 3118 nullom
1505 3047 1676 3120 teloneum
1694 3044 1791 3142 apud
1804 3045 1945 3120 Arnbem

541 3171 598 3244 vel
616 3171 823 3245 Oesterbclre
848 3193 911 3245 seu
930 3171 1067 3246 lobeds
1088 3173 1143 3246 vel
1159 3173 1195 3244 in
1218 3194 1439 3268 quocumque
1460 3174 1535 3244 locu
1552 3193 1657 3267 super
1671 3171 1832 3245 Rhenum
1852 3171 1946 3246 dein-

543 3318 625 3394 ceps
645 3297 815 3393 accipcret
831 3298 888 3370 vel
903 3297 1063 3388 baberet,
1081 3318 1150 3370 non
1173 3298 1330 3372 obstante
1347 3297 1464 3392 eliqua
1489 3295 1669 3372 werendiu
1684 3319 1790 3394 quarn
1807 3320 1847 3372 se
1866 3295 1946 3372 dixit

542 3423 671 3498 habere
703 3443 767 3496 nec
795 3423 971 3518 aliquibus
1000 3422 1121 3496 litteris
1146 3422 1369 3496 obviantibus
1395 3445 1415 3496 a
1440 3423 1541 3496 nobis
1572 3423 1628 3496 vel
1655 3422 1945 3518 predecessoribus

543 3548 669 3622 uostris
684 3545 893 3644 impetretis,
910 3570 1016 3644 super
1035 3547 1089 3621 bis
1104 3547 1234 3621 litteras
1255 3557 1392 3643 apertas
1414 3525 1587 3620 universis
1608 3569 1667 3622 ees
1691 3547 1944 3644 inspicientibus

543 3673 768 3748 destinantes.
793 3674 922 3747 Verum
950 3673 1035 3770 quie
1059 3672 1153 3746 idem
1177 3694 1293 3747 comes
1312 3673 1347 3744 in
1370 3673 1425 3745 bis
1441 3673 1606 3748 mundato
1630 3682 1665 3747 et
1685 3674 1814 3770 scripto
1839 3681 1943 3747 nostro

542 3807 670 3874 temere
692 3799 862 3874 contraire
884 3820 1087 3895 presumens
1102 3796 1323 3896 postmodam
1346 3795 1544 3872 theloneum
1565 3799 1631 3872 sibi
1651 3799 1862 3895 prohibitum
1882 3817 1942 3870 nou

541 3923 654 3998 solnm
667 3933 886 4020 extorquere,
907 3923 1013 3998 immo
1029 3925 1145 4017 etiam,
1162 3921 1258 4019 quod
1273 3922 1416 4017 gravius
1429 3933 1493 4017 est,
1511 3924 1547 3995 in
1563 3923 1786 4020 dispendium
1802 3921 1942 4021 episcopi

541 4050 767 4144 TreJectcnsis
784 4058 819 4122 et
834 4049 977 4122 ecclesie
994 4070 1057 4122 sue
1070 4048 1226 4121 homiues
1247 4069 1329 4122 suos
1346 4047 1391 4122 de
1409 4049 1595 4124 Davsntria
1613 4059 1647 4124 et
1664 4049 1837 4124 Sallandia
1853 4045 1943 4120 novis

542 4178 753 4250 teloneorum
763 4175 1005 4249 exactionibus
1014 4176 1108 4272 apud
1119 4174 1277 4249 Lobbeke
1283 4173 1356 4273 (sic)
1365 4177 1573 4272 presumpsit
1582 4197 1789 4271 aggravar03
1801 4177 1942 4248 nolentes

544 4301 648 4397 igitur
661 4309 700 4372 ut
717 4323 779 4398 per
789 4300 988 4375 violentiam
1003 4300 1138 4374 comitis
1151 4300 1272 4396 prelati
1287 4299 1450 4396 episcopo
1460 4299 1627 4392 jamdicto
1639 4308 1674 4372 et
1684 4300 1829 4373 ecclesie
1843 4295 1941 4394 ipsius

543 4426 724 4500 occasione
739 4425 894 4521 premissi
913 4423 1061 4498 thelonei
1078 4424 1220 4519 aliquod
1234 4424 1465 4521 prejudicium
1482 4424 1540 4498 liat
1554 4425 1711 4518 ulterius,
1725 4426 1940 4516 litterasquas

544 4571 651 4648 super
674 4549 878 4624 inhibitione
899 4549 1056 4642 ejusdem
1082 4550 1206 4623 telonei
1231 4549 1442 4623 indulsimus
1465 4549 1705 4625 confirmantes
1723 4549 1936 4632 innovamus,

542 4699 586 4752 uc
614 4676 735 4750 iterato
757 4674 926 4773 imperiali
949 4675 1149 4750 auctoritate
1170 4675 1386 4750 werendiem
1405 4676 1530 4750 telonei
1550 4675 1645 4770 epud
1670 4675 1746 4749 loca
1767 4677 1938 4749 memorata
