4292 5894
242 543 339 604 lucrm.
358 538 418 624 ll.]
691 531 887 596 lllS'l'OlllA
911 531 1202 596 nlrtomurlcu.
1590 533 1646 598 831

241 686 364 770 gustm
377 684 412 748 et
433 695 498 746 rex
516 671 649 754 Sicilie,
669 669 926 744 venerabilibus
944 671 1106 744 iratribus
1125 671 1242 744 abbati
1258 678 1294 744 et
1308 670 1493 745 conventui
1510 670 1650 745 Louedii

242 799 516 876 cisterciensium
541 795 675 871 ordinis
696 797 733 868 in
759 805 975 891 perpetuum.
1000 795 1226 870 Atundentes
1247 795 1449 890 religionem
1476 817 1518 868 uo
1539 795 1653 870 devo-

244 925 371 999 tionem
387 944 493 1017 quam
509 941 645 1016 semper
662 941 743 1014 erga
762 941 827 994 nos
849 929 885 994 et
899 920 1083 1016 imperium
1098 921 1286 1008 habuistis,
1305 920 1407 993 vobis
1422 941 1469 994 ex
1488 920 1599 1014 gratia
1619 929 1654 994 et

242 1069 289 1122 ex
312 1056 405 1121 certa
432 1046 575 1120 scientia
601 1044 768 1118 duximus
793 1045 1054 1120 concedendum
1077 1052 1116 1116 ut
1142 1045 1283 1140 possitis
1307 1043 1510 1118 auctoritate
1537 1055 1654 1118 nostra

242 1171 410 1245 animalia¹
421 1179 536 1270 vestra
552 1178 587 1242 ct
605 1191 662 1242 res
682 1169 729 1242 ad
745 1177 878 1242 vestros
895 1191 981 1242 usus
998 1169 1153 1264 proprius
1176 1169 1358 1265 deputatas
1381 1169 1511 1242 ducere
1530 1190 1574 1242 ac
1595 1191 1653 1242 re-

245 1296 388 1384 ducere,
409 1304 545 1390 portare
562 1315 604 1368 ac
626 1303 800 1389 reportare
817 1293 950 1387 ubsque
967 1293 1149 1367 exactione
1165 1295 1221 1368 vel
1242 1293 1389 1389 pedagio
1410 1295 1546 1389 aliquo,
1567 1316 1655 1388 quo·

245 1441 397 1514 cumque
423 1419 603 1495 volueritis
627 1427 662 1492 et
688 1419 789 1493 vobis
814 1417 979 1492 novantis
1000 1419 1181 1514 expedire.
1206 1419 1336 1512 Siqua
1356 1419 1465 1512 igitur
1488 1439 1653 1514 persona,

244 1546 366 1618 civitas
384 1545 442 1618 vel
464 1557 650 1620 commune
672 1543 819 1636 alicujus
843 1544 909 1616 luci
932 1542 1015 1616 hnic
1030 1543 1212 1638 privilegio
1229 1551 1347 1616 nostro
1364 1565 1453 1616 ausu
1475 1541 1655 1616 temerario

244 1669 489 1763 presumpserit
513 1666 700 1760 contraire,
725 1667 853 1742 damno
874 1667 1144 1761 quingentarum
1167 1689 1362 1740 marcarum
1384 1667 1518 1758 argenti
1536 1667 1655 1759 subja·

243 1800 330 1883 ceat,
351 1793 453 1885 cujus
466 1791 634 1866 medietas
649 1801 764 1866 vestra
781 1792 838 1880 sit,
858 1792 999 1866 residua
1015 1800 1129 1866 nostra
1144 1813 1280 1865 camere
1296 1792 1475 1864 inferatur.

291 1917 417 1988 Datum
433 1913 623 2007 Ferentini,
642 1915 754 2010 pridie
770 1915 851 1989 idus
868 1916 997 2004 martii,
1016 1936 1109 1989 anno
1128 1915 1264 1988 Domini
1283 1915 1467 1989 millesimo
1482 1915 1656 1988 ducente-

243 2041 331 2113 simo
348 2040 522 2134 vigesimo
538 2040 652 2132 tertio,
669 2039 858 2114 indictione
869 2040 930 2114 Xl.

472 2357 724 2368 W
731 2359 778 2370 -ιιι
785 2357 1431 2370 --υο--ο-σι-ι-ι--ιι--σ--η-ὺ-ι-

296 2663 526 2770 Eriderious,
557 2665 817 2750 Romanorum
846 2666 1067 2776 imperator,
1091 2675 1215 2750 ratam
1232 2667 1464 2776 pronuntiat
1485 2667 1658 2750 chartam

246 2796 408 2881 Conradi
424 2799 589 2908 episcopi
607 2799 782 2884 Metensis
809 2808 847 2883 et
870 2801 1076 2910 imperialis
1102 2801 1141 2881 in
1169 2799 1277 2882 ltalia
1293 2799 1434 2911 legati,
1456 2827 1533 2910 qua
1555 2827 1657 2883 ven-

243 2930 337 3014 ditio
365 2932 478 3014 castn'
501 2933 617 3043 Ripae
639 2933 740 3016 faeta
766 2933 943 3017 Rainutio
965 2934 1128 3044 Philippi
1149 2933 1373 3022 Malaroltae
1401 2933 1473 3018 oiri
1501 2935 1658 3018 Senensi

245 3088 314 3170 per
331 3063 593 3173 Spataeurtam
611 3063 777 3149 Ubemini
795 3066 1055 3151 confirmatur.
1233 3059 1237 3066 ’

326 3303 446 3383 (lnedlt.
461 3325 500 3369 ex
512 3309 619 3388 origin.
633 3326 683 3389 ap.
698 3309 812 3373 archiv.
827 3327 976 3374 commun.
990 3311 1146 3385 Seueusls,
1160 3327 1306 3390 pergam„
1320 3315 1344 3373 t.
1360 3309 1424 3385 Ill,
1440 3317 1476 3370 η’
1492 3307 1574 3386 ten.)

290 3522 329 3594 ln
349 3523 489 3597 nomine
511 3531 630 3598 sancte
652 3531 687 3598 et
702 3523 887 3599 individue
906 3523 1092 3598 Trinitatis.
1114 3523 1308 3597 Fridericus
1331 3521 1509 3596 secundus
1534 3522 1655 3596 divina

241 3645 381 3718 favente
397 3646 579 3720 clementia
591 3649 819 3722 Romanorum
835 3649 1034 3745 imperator,
1052 3671 1187 3743 semper
1202 3657 1372 3742 augustus
1387 3657 1423 3719 et
1440 3670 1505 3720 ren
1523 3647 1650 3720 Sicilie.

241 3767 296 3841 Ad
315 3771 597 3864 prosequendum
614 3782 807 3848 nostrorum
820 3783 901 3846 vote
921 3771 1076 3847 fidelium
1095 3782 1270 3846 eteorum
1287 3771 1553 3846 comoditatibus
1573 3794 1654 3867 pro·

241 3891 435 3966 videndum
450 3895 568 3970 innata
584 3897 669 3970 solio
686 3906 802 3970 nostro
819 3898 1085 3971 clementianus
1102 3896 1256 3989 inducit,
1277 3905 1334 3988 ut,
1360 3897 1445 3970 dum
1462 3898 1514 3971 eis
1536 3906 1653 3973 nostra

243 4015 490 4091 condescendit
512 4020 716 4111 liberalitas,
737 4021 784 4094 ad
805 4024 995 4118 perlectum
1017 4023 1235 4094 devotionem
1261 4043 1381 4094 eorum
1402 4021 1492 4094 circu
1514 4021 1651 4116 imperii

240 4141 347 4213 nostri
371 4143 511 4217 servitia
535 4145 725 4218 ferventius
740 4146 936 4218 incitemus.
952 4144 1038 4218 lnde
1060 4155 1112 4218 est
1127 4146 1244 4240 itaque
1260 4145 1357 4240 quod
1376 4167 1454 4218 cum
1470 4145 1651 4218 Rainutius

239 4263 363 4358 Philipi
380 4266 564 4341 lllalavolte
581 4269 669 4342 civis
682 4268 855 4362 Senensis,
876 4269 989 4346 fidelis
1006 4279 1133 4360 noster,
1149 4269 1327 4364 quoddam
1343 4270 1508 4366 scriptum
1526 4270 1651 4343 confir·

240 4388 402 4462 matianis
417 4391 449 4463 ei
463 4391 641 4486 quondam
658 4415 720 4490 per
735 4393 931 4468 Conradum
948 4393 1183 4468 uenerabilem
1197 4394 1385 4467 Metensem
1398 4401 1434 4466 et
1452 4395 1648 4488 spirensem

240 4511 442 4607 episcopum
463 4515 651 4612 imperialis
666 4518 746 4592 aule
763 4519 1003 4592 cancellarium
1018 4527 1053 4592 et
1071 4518 1175 4592 totins
1191 4517 1287 4589 ltalie
1309 4524 1391 4588 tunc
1411 4518 1581 4613 legatum,
1601 4543 1648 4594 ex

240 4637 442 4712 auctoritate
459 4640 641 4735 legationis
657 4663 727 4736 qua
746 4644 954 4736 fungebatur
969 4642 1036 4716 sibi
1052 4641 1238 4732 indultum,
1256 4661 1361 4736 super
1379 4643 1581 4718 venditione
1597 4647 1648 4719 ei·

1742 2690 1804 2744 Apud

1699 2743 1852 2794 Ferentinum,

1731 2801 1818 2842 nnuc.
