4296 5898
370 1105 503 1214 mc.

371 1213 496 1258 murt.

1012 549 1015 557 ’
1050 559 1265 624 FRlDElthl
1290 561 1465 626 SECUNDI
1773 563 1855 644 [du.
1874 563 1953 628 iffi

605 1115 846 1225 Fridericus‚
887 1115 1147 1214 Romanorum
1192 1119 1422 1229 imperator,
1459 1118 1591 1203 domui
1628 1117 1787 1202 Sanctae
1826 1113 1957 1200 Mariae

551 1248 872 1334 Theutonicomm
894 1278 1123 1361 praecavens
1145 1253 1275 1337 statuit
1293 1263 1336 1338 ut
1354 1251 1450 1338 nulli
1467 1263 1672 1364 postquam
1689 1251 1809 1362 ipsius
1826 1251 1956 1334 domus

551 1382 775 1496 religionem
793 1387 1087 1496 assumpserint,
1109 1413 1223 1498 super
1239 1385 1377 1472 debitis
1403 1413 1503 1498 quas
1525 1397 1613 1472 ante
1639 1395 1857 1496 susceptum
1882 1383 1954 1464 ha-

549 1515 674 1602 bitum
707 1521 962 1604 contraxerint
991 1521 1258 1632 requirantur,
1292 1524 1360 1606 sed
1390 1521 1447 1606 illi
1482 1499 1682 1607 teneantur
1712 1520 1763 1604 ad
1797 1541 1954 1630 quorum

548 1653 763 1738 dominium
780 1653 971 1739 bonomm
998 1655 1185 1740 successio
1205 1656 1375 1741 noscitur
1395 1657 1587 1742 devoluta.

632 1871 762 1950 (Edtder.
774 1871 943 1945 Duronius,
959 1871 1068 1933 litator.
1079 1869 1143 1934 ord.
1160 1869 1337 1949 thutooic,
1346 1873 1471 1952 append.
1489 1882 1523 1934 n·
1539 1881 1588 1936 45.
1601 1903 1638 1921 -
1648 1873 1790 1944 Hrnuss,
1813 1865 1882 1930 Cod.
1896 1861 1954 1926 ord.

673 1975 850 2053 rimoso„
867 1995 896 2057 p.
918 1987 969 2058 ct,
984 1989 1018 2040 n⁰
1031 1979 1095 2059 6².)

597 2164 793 2240 Fridericus
811 2165 874 2240 Dei
896 2167 1006 2262 moda
1026 2168 1257 2241 Romsnomm
1275 2166 1473 2265 imperator,
1496 2187 1633 2264 semper
1652 2175 1824 2260 augustus
1842 2176 1878 2238 et
1897 2185 1956 2238 rex

548 2292 677 2366 Sicilie.
695 2293 859 2366 Locorum
882 2292 1121 2388 religiosorum
1140 2292 1369 2368 incommodis
1385 2293 1520 2366 obviari
1537 2315 1585 2368 ex
1603 2291 1786 2366 commissa
1806 2291 1874 2364 sibi
1891 2292 1957 2385 plc-

548 2418 708 2492 nitudiuc
726 2418 904 2515 potestatis
928 2419 1115 2515 imperialis
1138 2419 1454 2516 circumspectionis
1475 2417 1672 2492 sollicitudo
1692 2416 1838 2512 requirit
1858 2427 1892 2488 et
1911 2415 1958 2486 sic

548 2543 634 2640 ipsis
652 2543 828 2640 provideri
852 2543 888 2615 in
909 2543 1073 2616 omnibus
1098 2543 1145 2618 ad
1167 2544 1336 2616 cautelam
1361 2551 1399 2614 ut
1424 2543 1510 2615 nihil
1533 2539 1629 2639 apud
1653 2563 1695 2616 ea
1712 2549 1888 2614 remaneat
1906 2539 1956 2611 in·

548 2668 745 2743 discussum
762 2666 856 2740 unde
880 2667 967 2742 locis
989 2667 1074 2764 ipsis
1088 2667 1312 2764 dispendium
1334 2669 1449 2742 valeat
1464 2667 1628 2742 suboriri.
1647 2667 1835 2762 Eupropter
1855 2685 1957 2738 vene

550 2793 650 2866 rabili
664 2793 782 2868 domui
800 2795 923 2866 Sancte
939 2793 1047 2867 llario
1060 2794 1340 2884 reumnicorum,
1352 2815 1423 2888 que
1435 2792 1597 2867 divorum
1614 2801 1844 2888 augustorum
1855 2791 1912 2864 avi
1924 2801 1956 2861 et

550 2919 658 3014 patris
677 2918 783 2990 nostri
799 2939 842 2991 ao
864 2927 980 2991 nostra
1002 2927 1173 2992 structura
1196 2928 1248 2992 est
1268 2919 1444 3015 specialis,
1465 2918 1500 2992 in
1518 2919 1653 2992 cunctis
1671 2939 1740 3013 que
1758 2917 1826 2992 sibi
1843 2927 1877 2990 et
1894 2918 1955 2989 tra·

550 3043 663 3116 tribus
686 3043 815 3116 ibidem
840 3043 1034 3116 constitutis
1059 3053 1199 3139 possent
1220 3044 1342 3117 obesse
1367 3045 1522 3118 volentes
1543 3044 1716 3139 augustali
1742 3039 1955 3138 providentia

551 3188 749 3264 precavere,
775 3166 820 3241 de
836 3167 978 3241 consilio
996 3168 1198 3242 dilectorum
1222 3168 1416 3264 principum
1440 3179 1475 3242 et
1493 3169 1639 3242 aliomm
1659 3177 1854 3242 nostrorum
1875 3163 1955 3238 tide·

551 3291 637 3366 lium
654 3293 926 3389 subscriptorum
943 3294 1112 3390 presentis
1127 3293 1254 3390 pagine
1269 3303 1386 3366 tenore
1403 3292 1579 3367 sancimus
1599 3304 1638 3366 ut
1654 3293 1761 3384 nulli,
1779 3302 1954 3389 postquam

551 3419 662 3517 ipsius
679 3417 804 3492 domus
822 3419 1021 3514 religionem
1042 3419 1291 3515 assumpserint
1304 3427 1338 3492 et
1355 3417 1512 3492 hobitum
1531 3418 1760 3514 gestavmnt,
1779 3439 1882 3512 super
1897 3415 1954 3488 ali·

547 3544 679 3641 quibus
703 3541 831 3617 debitis
855 3565 925 3638 que
951 3552 1030 3616 ante
1053 3554 1254 3642 susceptum
1275 3544 1432 3618 habiturn
1458 3553 1718 3636 contraxerant,
1743 3543 1955 3638 requirantur

548 3677 611 3744 sut
622 3691 665 3744 ea
677 3669 811 3744 solvere
823 3669 1085 3766 compellantur,
1102 3669 1165 3744 scd
1181 3670 1233 3743 illi
1247 3693 1309 3766 pro
1321 3670 1406 3766 ipsis
1420 3670 1548 3745 debitis
1561 3679 1741 3746 tencantur
1755 3669 1801 3743 ad
1812 3689 1952 3766 quorum

547 3795 742 3871 dominium
768 3793 968 3868 hereditatis
993 3804 1027 3868 et
1051 3795 1221 3870 bonorum
1245 3816 1388 3870 suorum
1413 3795 1565 3868 noscitur
1590 3795 1764 3870 successio
1780 3795 1950 3881 devoluta,

547 4107 597 4166 ssd
610 4107 700 4164 miuus
713 4111 802 4177 recta,
818 4105 944 4163 dicituro
956 4109 985 4162 st
999 4103 1144 4178 Oiottcro).
1160 4126 1173 4160 ι
1188 4105 1228 4163 Du
1240 4105 1403 4164 Feranzuola
1419 4104 1591 4180 (Ferentino)
1606 4105 1765 4163 cominando
1783 4108 1816 4162 48
1833 4103 1919 4178 miglis
1930 4101 1952 4158 rt

550 4203 694 4279 »picciolo
713 4201 781 4261 colle
800 4201 927 4278 reggonsi
946 4201 955 4258 i
972 4201 1071 4275 restigi
1089 4217 1171 4276 sopra
1188 4203 1276 4278 quello
1290 4203 1318 4261 di
1335 4203 1464 4275 Ciuitate,
1481 4202 1548 4261 citts
1567 4202 1672 4261 roinata
1684 4219 1720 4260 ne
1733 4201 1818 4278 tempi
1831 4203 1866 4260 de
1877 4199 1951 4260 nostri

550 4299 667 4375 spodii.
684 4319 698 4353 r
717 4301 826 4358 lusu.
841 4299 979 4370 Annus,
994 4299 1112 4356 ouans.
1126 4297 1157 4356 di
1170 4305 1242 4357 tutto
1262 4298 1347 4356 l'ltct.
1365 4299 1476 4374 (4577),
1494 4299 1657 4375 (inplicata,
1673 4316 1702 4374 p.
1718 4304 1772 4358 253
1793 4305 1876 4358 recto.
1890 4296 1951 4355 ltuic

546 4413 657 4472 quoque
665 4398 705 4455 rei
714 4397 857 4456 maximam
866 4397 955 4454 lucem
965 4398 1044 4456 affert
1054 4397 1152 4454 ttutteo
1165 4396 1329 4468 ditiorem,
1341 4397 1472 4454 Diumstt
1478 4439 1486 4468 ,
1498 4397 1515 4471 5
1528 4402 1580 4456 488
1591 4400 1660 4458 :tiu
1671 4398 1759 4456 chisto
1766 4415 1837 4456 anno
1846 4401 1911 4456 4858
1920 4395 1951 4470 (t)

550 4513 564 4547 ι
579 4494 614 4552 da
634 4494 660 4553 lo
681 4509 755 4552 meso
768 4493 797 4551 di
807 4510 899 4554 marzo
913 4495 939 4553 lo
955 4511 986 4554 ro
1001 4494 1167 4569 (desumo)
1181 4494 1237 4554 seso
1255 4511 1363 4554 scusurc
1381 4495 1493 4570 Siponte
1511 4502 1539 4555 ot
1554 4495 1668 4556 Ciuitate
1687 4503 1717 4554 et
1734 4495 1893 4556 comendare
1905 4493 1951 4551 cbo

549 4611 564 4646 s
579 4591 723 4650 audassoro
734 4592 769 4648 nd
781 4591 910 4650 ubitarea
921 4591 1115 4652 btsuiredonia.
1130 4611 1144 4646 s
1159 4592 1259 4652 cinos
1269 4593 1349 4652 sedes
1364 4600 1423 4652 erut
1433 4591 1602 4669 episcopalis,
1614 4594 1650 4654 ad
1662 4593 1791 4654 suctum
1803 4595 1924 4654 Severum
1936 4607 1949 4646 u

546 4689 678 4764 Gregorio
690 4690 752 4748 xru
765 4705 836 4749 anno
849 4693 918 4748 4584
930 4691 1040 4750 taudem
1051 4691 1186 4750 translata.
