4292 5894
355 4434 539 4546 Intltlnffiljigl’lo.

552 541 615 606 392
1056 541 1272 606 ttttlbsslttcl
1296 543 1474 606 suculam
1788 544 1870 630 [dm.
1887 546 1969 608 lm

553 677 664 752 sentio
688 675 913 774 precipiendo
928 675 1110 753 mandavit
1127 686 1168 751 ιιι
1188 679 1341 775 integras
1363 678 1518 753 decium
1536 687 1671 753 nostres
1688 688 1758 753 tam
1781 679 1829 756 de
1844 683 1972 758 victua·

553 802 646 876 libns
671 822 777 897 qnam
802 801 847 876 de
874 801 952 875 aliis
978 800 1174 876 redditibus
1200 803 1328 878 nosbis
1353 804 1500 878 ecclesie
1524 804 1747 902 persolveret,
1772 807 1970 882 mandatum

553 935 709 1002 nostrum
732 935 772 1000 nt
788 927 910 1000 asserit
933 925 1068 1000 distulit
1093 927 1297 1025 adlmplcre.
1331 927 1431 1003 Unde
1457 928 1542 1024 qnia
1572 927 1618 1002 de
1639 929 1818 1004 volontate
1844 930 1971 1006 domini

554 1051 663 1126 nostri
685 1049 862 1148 magnifici
888 1051 1104 1147 imperatoris
1125 1062 1162 1125 et
1184 1061 1300 1126 nostru
1322 1061 1431 1126 estut
1450 1052 1568 1128 debite
1587 1053 1650 1126 Dei
1668 1055 1824 1128 ecclesiis
1841 1055 1974 1130 decime

552 1179 687 1274 integre
708 1188 742 1252 et
762 1177 841 1251 sine
855 1175 1088 1252 diminutione
1108 1177 1301 1270 solvantur,
1324 1176 1532 1253 mandemus
1554 1177 1710 1253 vobisut
1728 1177 1872 1254 firmiter
1889 1201 1974 1277 pre·

553 1303 703 1400 oipImns
719 1311 893 1398 qunmnns
906 1303 1003 1376 omni
1019 1323 1116 1377 mora
1131 1311 1167 1377 et
1181 1303 1363 1378 occasione
1380 1313 1549 1397 cessante,
1564 1302 1890 1380 decimnansentie
1904 1317 1971 1380 tam

554 1427 600 1504 de
614 1428 824 1504 victualibus
837 1449 944 1522 ιιιιιιιιι
964 1425 1011 1504 de
1027 1427 1106 1502 eliis
1124 1427 1320 1504 redditibus
1336 1431 1462 1504 nostris
1479 1429 1613 1506 lacintIs
1630 1433 1776 1507 ecclesIe
1792 1431 1974 1505 Cusendnc

555 1575 636 1626 cnm
650 1552 775 1628 eodem
787 1552 907 1646 bajulo
920 1560 1037 1628 nostro
1047 1554 1181 1650 integre
1194 1563 1229 1628 et
1240 1554 1317 1628 sine
1331 1553 1562 1630 diminutione
1575 1557 1785 1653 pernotuere,
1806 1565 1846 1630 nt
1861 1567 1974 1632 nostra

554 1676 724 1752 celsitudo
738 1677 785 1751 de
799 1685 914 1751 cetero
927 1679 1062 1751 nullum
1076 1677 1159 1752 inde
1173 1677 1287 1752 valent
1300 1677 1425 1754 andire
1438 1677 1638 1754 clamorem.
1655 1680 1782 1754 Datum
1798 1679 1971 1773 Panormi,

556 1804 665 1876 XXIII
682 1801 741 1876 die
755 1802 887 1876 mensis
896 1803 1007 1897 junii,
1024 1805 1102 1878 XIV
1119 1802 1333 1878 indictionis.

606 1927 676 2002 Nos
693 1927 812 2024 ituqne
832 1949 896 2024 pro
919 1929 1073 2004 remedio
1095 1927 1291 2002 enlmarum
1312 1927 1464 2002 felicium
1488 1948 1611 2023 regum
1635 1925 1917 2024 predecessorum
1937 1938 1972 2002 et

559 2053 720 2129 divorum
743 2063 969 2150 angustorum
991 2067 1175 2151 parentum
1197 2063 1393 2130 nostrornm
1417 2053 1583 2128 memorie
1607 2052 1811 2148 recolende,
1835 2075 1897 2151 pro
1918 2074 1970 2126 sa·

560 2183 631 2254 lute
650 2200 793 2276 qnoque
810 2187 925 2252 nostru
942 2188 977 2252 et
998 2179 1137 2253 IIonrioi
1156 2179 1251 2272 regis
1270 2179 1439 2253 carissimi
1459 2178 1523 2252 lilii
1543 2179 1669 2272 nostri,
1689 2179 1807 2252 omnia
1823 2201 1893 2274 que
1907 2199 1970 2252 su-

562 2307 679 2404 perins
696 2307 733 2378 in
752 2305 837 2402 ipsis
853 2304 1046 2401 privilegiis
1062 2313 1098 2378 ct
1115 2305 1239 2378 litteris
1254 2304 1474 2380 eontinentur
1490 2304 1605 2380 eidem
1627 2303 1820 2379 venerabili
1839 2301 1970 2378 nrcbie·

561 2432 716 2529 pisoopo,
737 2430 997 2504 successoribus
1013 2429 1087 2502 suis
1106 2438 1142 2502 et
1159 2430 1305 2504 ecclesie
1318 2429 1505 2504 Cneentine
1519 2430 1557 2503 in
1572 2439 1780 2526 perpetuum
1796 2428 1843 2503 de
1860 2437 1970 2504 nostra

560 2557 671 2654 gratia
689 2555 912 2631 concedimus
937 2564 972 2628 et
994 2553 1253 2645 confirmamus,
1272 2554 1429 2630 volentes
1445 2563 1481 2627 et
1497 2551 1728 2650 precipientm
1745 2561 1786 2626 nt
1804 2551 1970 2628 caomnia

561 2683 607 2758 de
624 2692 736 2757 cetero
754 2679 898 2778 pacifice
915 2689 951 2755 et
964 2681 1039 2754 sine
1063 2679 1294 2754 diminutione
1309 2679 1461 2756 bubcunt
1480 2687 1516 2752 et
1530 2678 1649 2772 quiete
1666 2677 1874 2776 percipiant,
1888 2677 1972 2750 sicut

560 2831 682 2904 regum
708 2807 861 2881 lelicinm
890 2807 1068 2882 Willielmi
1092 2806 1197 2904 pn'mi
1221 2810 1257 2881 et
1281 2804 1429 2880 secundi
1457 2815 1613 2900 tempore
1637 2825 1751 2900 nsque
1774 2802 1823 2878 ad
1845 2803 1971 2878 obitum

561 2933 703 3010 dominc
715 2931 894 3028 qnondam
911 2931 1138 3028 imperatricis
1151 2931 1347 3006 constantin
1363 2929 1484 3004 matris
1498 2939 1614 3003 nostre
1628 2931 1884 3004 oomucvunnt
1896 2949 1969 3024 per·

560 3059 677 3154 cipere
694 3065 730 3131 et
749 3056 890 3130 bebere.
910 3055 967 3129 Ad
993 3055 1100 3151 hujus
1123 3059 1241 3132 antem
1267 3055 1494 3130 immunitatis
1513 3057 1549 3128 et
1569 3053 1842 3128 confirmationis
1866 3059 1972 3126 nosue

561 3183 760 3256 memoriam
777 3191 812 3254 et
827 3181 1064 3256 inviolabilem
1077 3179 1274 3255 firmitatem
1288 3177 1524 3276 predictorum
1539 3180 1799 3277 privilegiorum
1805 3229 1970 3252 .....

566 3361 736 3380 .....
761 3327 823 3404 per
838 3327 964 3380 menne
980 3306 1120 3380 Bennoi
1144 3305 1270 3380 notarii
1285 3315 1322 3379 et
1340 3304 1453 3380 fidelis
1472 3307 1581 3380 nostri
1597 3305 1673 3380 fieri
1690 3314 1726 3379 et
1744 3304 1859 3400 sigillo
1874 3301 1973 3378 celsi·

562 3434 694 3510 tndinis
715 3441 831 3508 nostre
848 3433 1018 3526 jussImns
1040 3433 1215 3526 roborari,
1234 3453 1346 3527 anno,
1367 3454 1487 3507 mense
1503 3442 1540 3506 et
1554 3431 1743 3508 indictione
1762 3428 1969 3525 subscriptis.

607 3562 734 3635 Datum
751 3559 788 3632 in
804 3561 892 3633 urbe
914 3559 1005 3632 lelici
1021 3559 1196 3648 Panormi,
1215 3579 1309 3632 anno
1322 3556 1496 3632 dominice
1510 3557 1755 3633 iummationis
1768 3551 1970 3644 blCCXXIll,

562 3707 681 3760 mense
697 3685 791 3779 julii,
819 3685 867 3757 XI
894 3683 1117 3777 indictionis,
1147 3683 1284 3780 imperii
1308 3682 1443 3757 domini
1472 3683 1581 3757 nocui
1603 3681 1757 3757 Federici
1783 3681 1847 3754 Dei
1870 3677 1971 3776 graba

561 3957 654 4010 anno
666 3935 712 4009 III
728 3942 763 4008 ct
780 3934 879 4030 regni
897 3934 973 4028 ejus
987 3932 1104 4008 Sicilie
1120 3954 1214 4008 anno
1227 3933 1292 4006 XX
1309 3930 1372 4030 (o),
1393 3932 1548 4008 feliciter.
1571 3932 1694 4007 Amen.

808 4189 850 4200 un·
857 4186 1068 4198 c—n-o——u-

619 4408 829 4518 Imperator
845 4404 884 4486 in
903 4403 1031 4488 Sicilia
1050 4403 1258 4490 Saracenos
1274 4411 1395 4488 arctat
1409 4415 1448 4486 et
1464 4399 1633 4506 obsidet,
1653 4419 1821 4508 quorum
1838 4397 1976 4502 partem

566 4568 644 4628 non
662 4540 854 4625 modicam
872 4537 946 4623 sibi
964 4537 1175 4648 subjectam
1194 4538 1244 4622 ad
1265 4549 1392 4650 partes
1418 4535 1536 4621 mittit
1562 4531 1723 4658 Apuliae
1747 4536 1975 4612 moraturam

607 4704 647 4787 p)
670 4701 984 4766 uenarumrrvr.
