4436 5870
565 546 601 608 ltt
1060 545 1278 610 retonare!
1302 549 1477 611 saeuum
1789 551 1865 637 [dau.
1885 554 1969 618 lm

559 681 724 772 serentur,
746 689 780 752 et
801 679 1003 754 nominatim
1027 680 1208 754 ecclesiam
1231 681 1325 758 illam
1347 706 1419 779 qne
1443 693 1496 758 est
1516 687 1620 778 juxta
1642 687 1829 761 ebusum
1854 709 1973 764 mona·

559 801 653 876 sterii
671 811 706 876 et
715 802 818 895 juxta
830 804 978 898 plateam
993 803 1095 896 burgi
1113 811 1148 876 et
1160 824 1288 900 aquam
1304 803 1396 878 illam
1413 806 1564 900 regalem
1579 827 1685 902 qnam
1700 806 1830 882 babent
1848 809 1885 881 in
1907 810 1973 883 dn·

560 927 654 1000 mine
669 925 818 1016 Tiberis,
838 927 929 1000 sicut
943 926 992 998 illi
1008 928 1152 1000 ecclesie
1168 927 1359 1024 antiquitus
1377 949 1540 1003 concessa
1558 931 1624 1002 tuit
1645 939 1682 1002 et
1698 931 1909 1005 massaritias
1927 931 1972 1006 dc

559 1051 733 1146 Cusnpruti
764 1051 855 1122 sicut
882 1049 995 1123 eidem
1024 1052 1231 1125 monasterio
1258 1073 1420 1126 concema
1450 1063 1533 1126 eunt
1563 1062 1598 1126 et
1625 1053 1826 1126 auctoritate
1857 1065 1972 1128 nostre

559 1177 773 1251 celsitudinis
790 1186 956 1274 perpetuo
977 1175 1243 1268 confirmamus,
1266 1176 1477 1272 firmiterque
1498 1178 1721 1274 precipiendo
1740 1181 1914 1254 sancimus
1933 1190 1972 1253 nt

560 1303 654 1374 nulla
682 1323 807 1396 magna
830 1321 983 1395 parvave
1006 1321 1153 1396 persona
1185 1321 1233 1374 ex
1262 1301 1425 1376 omnibus
1456 1302 1664 1396 supradictis
1687 1302 1819 1396 aliquid
1844 1303 1970 1378 audeat

561 1426 726 1498 violenter
746 1424 881 1498 aniene
897 1425 952 1498 vel
974 1435 1108 1496 mamre
1127 1433 1189 1498 ant
1207 1425 1335 1518 injuste
1357 1425 1523 1499 detinere.
1545 1427 1610 1498 lles
1626 1447 1767 1521 qnoque
1781 1447 1823 1500 ac
1839 1449 1969 1522 posses

559 1551 672 1622 siones
691 1571 813 1623 omnes
833 1549 1059 1642 burgensium
1074 1569 1163 1642 quas
1187 1569 1281 1622 nnnc
1297 1549 1390 1641 juste
1406 1549 1533 1624 habent
1553 1551 1666 1623 autin
1684 1552 1801 1622 tuturo
1819 1551 1969 1644 legaliter

560 1682 693 1746 etcum
712 1673 889 1744 voluntate
903 1671 1038 1744 abbatis
1060 1671 1283 1765 acquisierint
1305 1693 1347 1744 ao
1364 1671 1520 1746 similiter
1538 1693 1657 1746 omncs
1677 1673 1833 1766 ejusdem
1851 1695 1967 1747 monu-

561 1797 656 1870 sterii
686 1817 741 1869 res
768 1817 810 1868 ac
838 1795 1072 1890 possessiones
1098 1795 1345 1868 rationabiliter
1369 1796 1555 1891 acquisitas
1579 1817 1641 1870 sen
1671 1796 1900 1890 acquirendas
1923 1797 1968 1870 ab

562 1921 656 1994 omni
674 1921 764 1992 mala
785 1919 901 1992 usaria
921 1919 1045 1992 liberas
1063 1929 1099 1992 et
1123 1919 1299 1992 absolutes
1321 1941 1397 1992 esse
1414 1919 1645 1992 decernimus.
1665 1920 1798 2015 Siquis
1821 1941 1905 1993 vero
1924 1920 1969 1994 de

561 2045 667 2117 rebus
690 2065 751 2116 seu
773 2041 989 2139 pertinentiis
1016 2041 1213 2136 supradicte
1233 2042 1378 2116 ecclesie
1401 2065 1495 2116 nnnc
1514 2043 1648 2137 aliquid
1673 2043 1800 2136 injuste
1825 2051 1917 2117 tenet
1934 2053 1969 2116 et

564 2167 651 2240 inira
667 2167 726 2240 XL
741 2165 817 2240 dies
834 2175 1015 2261 postquam
1034 2165 1138 2238 luerit
1154 2165 1253 2240 tertio
1270 2166 1456 2261 requisitus
1477 2187 1497 2240 a
1516 2166 1715 2261 supradicto
1734 2168 1861 2241 abbate
1877 2168 1968 2261 ejus-

561 2312 633 2386 que
653 2290 909 2364 successoribus
922 2311 990 2361 non
1014 2290 1233 2379 satisfecerit,
1251 2289 1297 2362 ad
1316 2289 1450 2381 justitie
1467 2290 1622 2362 bannum
1642 2293 1721 2383 jure
1742 2291 1918 2383 subjaceat
1935 2301 1968 2364 et

561 2416 678 2492 abbati
695 2417 795 2488 liceat
812 2415 848 2486 in
867 2413 1093 2486 tenimentum
1114 2413 1242 2485 intrare
1266 2423 1382 2485 nostra
1403 2415 1605 2487 anctoritate
1625 2434 1809 2508 quousque
1833 2415 1967 2509 plenam

559 2550 788 2634 consequatur
815 2537 1002 2632 justitiam,
1027 2538 1114 2608 nihil
1143 2537 1329 2610 obnoxius.
1360 2537 1571 2632 Precipimus
1597 2545 1638 2609 ut
1661 2537 1795 2631 burgus
1818 2537 1874 2610 ille
1900 2557 1966 2610 non

559 2672 690 2738 crescat
711 2683 867 2757 unquam
886 2683 950 2734 nec
977 2659 1187 2734 extendatur
1209 2660 1275 2733 nisi
1298 2661 1334 2732 in
1360 2660 1526 2734 allodium
1550 2661 1688 2736 abbatie
1710 2661 1825 2736 Sancti
1848 2663 1967 2757 Sepul-

560 2787 633 2859 chri
659 2795 694 2858 et
717 2788 849 2880 burgus
877 2785 934 2857 ille
957 2793 1277 2880 quantumcumque
1302 2794 1414 2880 potest
1439 2793 1474 2858 et
1497 2786 1646 2858 voluerit
1671 2793 1913 2881 angmentetur
1934 2795 1968 2858 et

560 2910 784 3007 protendatur
800 2909 889 2980 infra
902 2907 1069 2981 allodium
1089 2909 1324 3004 prenominata
1341 2909 1480 2982 abbatie
1497 2931 1544 2982 ex
1563 2909 1657 2982 omni
1676 2919 1785 3004 parte.
1803 2909 1967 2983 Voluntas

562 3039 703 3129 insuper
721 3043 755 3106 et
773 3039 972 3129 preceptum
996 3039 1148 3104 nostrum
1174 3041 1226 3104 est
1243 3041 1283 3104 ut
1298 3033 1328 3104 si
1345 3033 1427 3126 quis
1447 3032 1656 3128 burgensem
1677 3033 1829 3128 aliquem
1853 3033 1966 3106 Sancti

561 3157 740 3256 Sepulchri
759 3161 795 3228 in
821 3157 933 3251 burgo
955 3156 1014 3227 illo
1038 3157 1095 3228 vel
1121 3159 1197 3250 ejus
1221 3155 1379 3231 districtu
1406 3178 1509 3252 snper
1532 3157 1649 3250 aliqua
1674 3176 1712 3229 re
1734 3157 1918 3253 impetierit
1933 3165 1967 3230 et

561 3283 777 3358 securitatem
805 3281 841 3352 in
865 3302 971 3354 manu
994 3279 1130 3353 abbatis
1153 3280 1268 3353 Sancti
1293 3280 1471 3375 Sepulchri
1496 3282 1677 3376 protestari
1699 3281 1865 3365 noluerit,
1884 3282 1967 3354 bur·

562 3407 678 3502 gensis
705 3427 774 3479 non
802 3416 958 3478 teneatur
984 3405 1033 3475 illi
1058 3403 1125 3475 sub
1150 3403 1268 3498 aliquo
1292 3404 1511 3500 respondere.
1541 3405 1611 3478 llec
1633 3404 1750 3477 omnia
1769 3405 1966 3502 supradicta
2019 3409 2021 3412 ’

561 3533 607 3606 de
623 3532 748 3606 abbate
764 3539 799 3604 et
813 3528 951 3603 abbatia
966 3528 1082 3600 Sancti
1099 3527 1277 3623 Sepulchri
1299 3536 1334 3600 et
1348 3527 1451 3619 burgi
1469 3535 1503 3600 et
1520 3527 1746 3622 burgensium
1760 3538 1795 3602 et
1811 3530 1966 3601 omnium

560 3655 842 3752 pertinentiarum
856 3675 999 3725 suarum
1013 3660 1088 3726 rata
1101 3673 1236 3745 semper
1249 3660 1284 3724 et
1298 3650 1397 3724 firma
1414 3671 1616 3747 permanme
1632 3651 1853 3747 precipimus,
1871 3654 1966 3726 salva

560 3783 594 3853 in
611 3779 773 3854 omnibus
791 3775 962 3872 imperiali
973 3783 1088 3848 nostra
1106 3775 1249 3867 justitia.
1277 3774 1313 3846 Si
1331 3775 1411 3869 quis
1427 3785 1561 3866 numm,
1582 3776 1677 3870 quod
1692 3777 1801 3869 absit,
1820 3798 1966 3873 magnus

559 3906 616 3980 vel
641 3924 771 4000 parvus
798 3909 914 3974 contra
940 3899 1045 3990 hujus
1068 3899 1174 3972 nostri
1204 3896 1396 3992 augustalis
1421 3897 1526 3972 edicti
1552 3909 1719 3974 statutum
1741 3900 1862 3975 venire
1888 3923 1965 3998 pre·

558 4027 742 4124 sumpserit
756 4025 812 4100 vel
828 4025 904 4121 ipse
919 4025 1069 4116 burgum
1083 4045 1105 4095 a
1121 4031 1237 4096 nostra
1250 4021 1390 4117 speciali
1408 4025 1614 4120 proprietate
1628 4034 1689 4099 aut
1706 4025 1752 4096 ab
1769 4025 1834 4098 huo
1851 4025 1965 4098 Sancti

558 4153 737 4251 Sepulchri
749 4147 1004 4245 attemptaverit
1017 4167 1207 4236 removere,
1226 4168 1316 4242 pene
1332 4156 1471 4220 centum
1485 4148 1577 4222 mille
1587 4147 1638 4247 (a)
1650 4149 1816 4222 librarum
1832 4149 1964 4241 urgenti

559 4277 637 4370 puri
661 4274 837 4367 subjaceat
840 4323 946 4345 .......
967 4291 1087 4343 earum
1102 4268 1322 4343 medietatem
1341 4291 1477 4346 camere
1495 4271 1663 4367 imperiali
1680 4281 1715 4346 et
1734 4275 1875 4347 almrurn
1892 4295 1963 4347 me·

560 4398 722 4470 dietatem
737 4395 875 4468 abbatie
885 4394 1122 4490 prenominate
1139 4395 1331 4490 persolvat,
1349 4403 1384 4468 et
1396 4395 1462 4467 hoe
1481 4406 1680 4493 preceptum
1693 4397 1731 4468 in
1748 4419 1812 4472 sua
1832 4397 1963 4472 stabili·

599 4661 638 4742 (a)
657 4662 847 4740 lumpero
858 4653 919 4734 illo,
933 4659 1020 4721 mab.
