4326 5896
539 479 601 540 51⁰
1039 479 1255 542 salcetum
1280 478 1455 540 saccant
1762 479 1844 558 [Aur.
1864 481 1950 542 iffi

541 634 673 704 servos,
695 611 851 686 aldiones
873 634 935 686 seu
951 614 1141 690 residentes
1159 615 1270 711 ipsius
1283 614 1428 688 acaia
1443 613 1570 711 placita
1586 622 1702 688 leuem
1722 616 1779 688 vel
1801 618 1952 710 quolibet

544 737 649 810 modo
672 733 897 832 distringere,
922 737 1120 834 pignorare,
1149 739 1331 834 angariare
1354 745 1549 835 [presumat
1564 742 1645 828 seu]
1665 761 1791 812 census
1806 752 1868 813 aut
1885 743 1952 815 ali-

543 884 632 957 quas
653 861 939 936 redibitiunculas
962 866 1017 938 vel
1038 864 1157 960 aliqua
1179 862 1323 939 denaria
1346 865 1478 958 exigat.
1502 865 1648 958 iusuper
1668 883 1788 938 omnes
1811 865 1952 938 distric-

543 987 654 1060 tiones
679 981 751 1085 [et]
774 987 901 1082 placila
924 990 1029 1064 Beato
1057 991 1191 1064 Donato
1220 989 1449 1085 ejusdemque
1473 989 1606 1064 vicem
1624 987 1779 1062 Amedeo
1811 991 1953 1086 suisque

541 1111 800 1185 successoribus
817 1113 902 1208 ipsis
925 1113 960 1184 in
981 1123 1189 1212 perpetuum
1212 1115 1457 1204 concedimus,
1478 1124 1513 1189 et
1536 1114 1780 1188 confirmamus
1801 1115 1949 1198 maella,

542 1237 777 1331 possessiones
803 1246 838 1310 et
864 1237 932 1310 alia
953 1259 1174 1333 quecumque
1197 1239 1290 1312 bona
1313 1261 1384 1335 que
1407 1261 1471 1336 per
1491 1239 1688 1312 authentica
1710 1237 1952 1334 imperatorum

541 1362 619 1434 sive
633 1383 756 1456 regum
775 1362 1008 1434 Romanorum
1032 1361 1179 1435 aliorum
1202 1363 1386 1461 privilegia
1406 1365 1463 1436 vel
1485 1365 1612 1459 scripta
1630 1363 1697 1458 ipsi
1715 1364 1858 1436 ecclesie
1874 1375 1954 1436 sunt

541 1506 718 1560 concessa.
739 1487 897 1560 Preterea
910 1486 956 1561 de
975 1487 1080 1583 plena
1097 1487 1321 1582 benignitatis
1340 1495 1457 1560 nostre
1471 1487 1581 1580 gratia
1598 1486 1753 1582 predicto
1771 1487 1949 1582 epncopo,

541 1610 687 1685 ecclesie
719 1608 860 1684 Aretine
884 1611 1027 1706 suisque
1052 1612 1310 1686 successoribus
1337 1610 1559 1684 concedimus
1585 1621 1621 1684 et
1645 1611 1871 1705 indulgemus
1889 1633 1952 1683 au·

542 1735 737 1808 thoritatem
755 1734 909 1808 cudendi
926 1744 962 1809 et
982 1734 1136 1810 habendi
1152 1745 1325 1810 monetam
1338 1737 1375 1808 in
1394 1738 1470 1809 loco
1487 1736 1542 1808 sui
1563 1735 1798 1831 episcopatus,
1818 1747 1952 1809 servata

541 1860 636 1933 omni
665 1858 838 1953 legalitate
867 1859 904 1932 in
931 1860 1075 1935 materia
1102 1869 1138 1934 et
1164 1861 1295 1954 valore,
1322 1861 1517 1933 secundum
1538 1858 1636 1954 quod
1659 1882 1706 1932 cx
1733 1859 1951 1932 concessione

540 1991 795 2058 antecessorum
816 1992 1011 2057 nostrorum
1032 1984 1186 2058 noscitur
1208 1984 1385 2058 habuisse.
1409 1985 1553 2078 Insuper
1574 1983 1688 2056 eidem
1713 1984 1856 2057 ecclesie
1877 1981 1948 2081 [el]

540 2107 703 2204 episcopo
717 2105 753 2178 in
774 2127 839 2180 suo
851 2109 931 2200 jure
948 2107 1132 2204 providere
1147 2109 1318 2196 volentes,
1337 2107 1560 2181 concedimus
1579 2117 1751 2202 quatenus
1765 2107 1803 2178 in
1816 2129 1951 2202 possm-

539 2234 695 2307 sionibus
711 2239 772 2306 aut
792 2234 898 2306 rebus
919 2233 1065 2308 ecclesie
1089 2234 1277 2308 malestatis
1300 2242 1361 2306 aut
1382 2233 1510 2325 iniuste
1527 2255 1548 2305 a
1565 2254 1786 2328 quacumque
1807 2253 1949 2327 pomona

541 2358 689 2433 detentis
710 2381 799 2454 quas
821 2368 972 2455 repertas
990 2370 1025 2432 et
1034 2363 1128 2454 juste
1141 2380 1347 2455 recuperare
1366 2358 1527 2451 voluerit,
1544 2358 1640 2430 nullu
1662 2357 1863 2454 presumptio
1884 2357 1950 2429 nisi

538 2484 597 2556 LX
618 2503 788 2556 annorum
812 2491 881 2555 lam
905 2482 942 2554 in
965 2505 1108 2578 presens
1131 2505 1238 2578 quam
1265 2483 1302 2556 in
1328 2485 1483 2557 futurum
1505 2482 1572 2578 ipsi
1593 2491 1800 2578 opponatur.
1824 2483 1951 2553 Decre-

539 2608 657 2681 vimus
683 2608 800 2701 itaqua
822 2615 858 2680 et
876 2605 1018 2680 firmiter
1030 2608 1195 2701 jubemus
1219 2616 1258 2680 ut
1280 2608 1346 2682 hee
1367 2607 1555 2701 majestatis
1580 2615 1696 2680 nostre
1717 2601 1893 2679 concessio
1915 2605 1949 2676 in

537 2740 744 2828 perpetuum
761 2739 836 2804 rata
861 2731 1076 2822 observetur,
1096 2732 1261 2827 nullaque
1283 2732 1426 2805 omnino
1450 2753 1597 2827 persona
1622 2751 1730 2827 parve
1750 2731 1807 2804 vel
1828 2751 1950 2823 magna

540 2877 618 2928 eam
636 2855 823 2950 intringere
845 2865 1021 2950 presumat
1036 2856 1093 2928 vel
1112 2857 1326 2952 perturbare.
1346 2855 1449 2941 Quod
1467 2856 1498 2927 si
1516 2856 1598 2951 quis
1614 2854 1849 2943 attentaverit,
1869 2853 1949 2926 Cli·

541 2980 623 3052 bras
637 2980 712 3051 auri
729 3001 790 3075 pro
804 3001 894 3075 pena
910 2989 1106 3076 componat,
1122 2979 1307 3053 dimidium
1324 3001 1458 3054 camere
1476 2990 1592 3054 nostre
1604 2989 1639 3053 cl
1655 2981 1826 3073 reliquum
1842 2979 1951 3074 passis

542 3104 716 3198 injuriam.
735 3101 791 3178 nd
810 3105 910 3195 cujus
927 3105 978 3177 rei
995 3105 1150 3178 notitiam
1166 3113 1361 3200 presentem
1380 3105 1543 3201 pagiuam
1563 3104 1647 3178 inde
1666 3104 1770 3178 scribi
1786 3105 1949 3197 jussimus

540 3237 576 3302 et
600 3228 788 3321 majestatis
805 3237 922 3302 nostre
943 3229 1056 3323 sigillo
1079 3229 1299 3302 communiri.
1316 3269 1366 3284 —
1378 3231 1489 3324 Hujus
1505 3229 1557 3302 rei
1581 3237 1662 3302 suut
1678 3236 1783 3302 testes
1801 3227 1950 3322 Angelus

536 3352 742 3426 Tarentinus
762 3351 1061 3448 archiepiscopus,
1081 3353 1270 3427 Walterius
1284 3355 1451 3446 Trojanus
1468 3352 1668 3450 episcopus,
1689 3352 1853 3425 Albcrtus
1873 3373 1950 3447 pro-

539 3477 730 3554 lcnotarius
756 3477 945 3573 imperialis
969 3477 1066 3572 aule,
1091 3479 1292 3551 Wemerius
1313 3478 1507 3574 prepositus
1528 3477 1643 3551 sanci
1660 3475 1802 3550 loannis
1822 3477 1860 3548 iu
1874 3475 1951 3548 Wi-

540 3601 708 3696 cemburg
725 3599 795 3699 (a),
814 3599 988 3676 Comedus
1005 3601 1083 3676 dux
1102 3603 1243 3698 Spoleti,
1262 3603 1458 3676 Thebaldus
1476 3601 1665 3698 prefectus,
1684 3599 1855 3674 Henricus
1868 3599 1952 3694 pin-

539 3745 643 3798 cerna
664 3733 699 3799 et
723 3724 781 3799 alii
799 3725 1035 3820 quamplures.
1053 3765 1101 3782 -·
1116 3726 1263 3820 Signum
1290 3723 1424 3798 domiui
1447 3725 1585 3798 Henrici
1610 3724 1700 3797 sexti
1721 3724 1950 3796 Romanorum

539 3849 755 3946 imperatoris
772 3850 988 3923 invictissimi
1007 3858 1043 3922 et
1059 3849 1153 3944 regis
1169 3850 1296 3924 Sicilie.
1320 3847 1613 3946 (Monogrummc.)
1626 3847 1762 3940 —Ego
1779 3846 1951 3919 mundns

537 3975 777 4049 lldesemeusis
789 3976 933 4066 electus,
945 3974 1133 4071 imperialis
1146 3977 1225 4048 aule
1238 3975 1476 4063 cancellarius,
1488 3973 1566 4046 vice
1575 3971 1731 4068 Adulphi
1743 3969 1951 4045 coloniensis

536 4099 786 4195 archiepiscopi
809 4108 844 4172 et
867 4099 973 4172 totius
998 4098 1093 4172 ltalia
1122 4098 1434 4192 archicancellarii,
1459 4097 1659 4193 recognovi.
1685 4135 1734 4154 -
1753 4094 1840 4169 Acta
1873 4103 1952 4169 suut

537 4223 602 4297 bec
628 4246 720 4298 anuo
748 4223 922 4298 dominice
941 4223 1186 4298 incamatiouis
1211 4226 1393 4317 Mcxcvl,
1416 4223 1605 4298 indictione
1628 4222 1719 4314 xlv,
1742 4243 1836 4295 anno
1854 4219 1951 4314 regui

536 4350 612 4440 ejus
636 4350 780 4438 XXVII,
808 4349 943 4444 imperii
968 4369 1052 4422 vero
1077 4358 1112 4421 et
1137 4349 1235 4444 regni
1256 4348 1372 4424 Sicilie
1394 4349 1436 4422 ll.
1465 4387 1509 4402 -
1527 4349 1653 4420 Datum
1681 4345 1779 4442 apud
1802 4347 1950 4418 Mentem

536 4472 748 4566 blasconam,
767 4473 830 4544 Xll
845 4471 1013 4547 kalendas
1029 4473 1241 4547 novembris.

554 4665 556 4672 ,
577 4611 618 4690 (a)
639 4614 675 4675 ln
689 4615 830 4692 impresso
842 4615 931 4678 mam
942 4617 1035 4696 Bure,
1050 4615 1137 4677 mule.
