4436 5870
278 563 377 624 44444.
395 559 439 638 a]
734 553 931 617 arsronm
955 552 1247 616 4444444444.

336 1191 548 1279 Fridericus
571 1193 832 1277 Romanorum
860 1194 1066 1302 imperator
1089 1189 1310 1274 doctoribus
1333 1199 1370 1272 et
1394 1189 1605 1274 scolaribus
1627 1189 1701 1274 Ro-

282 1328 419 1413 noniae
441 1327 556 1410 mittit
577 1325 682 1438 leges
702 1353 799 1438 quas
821 1327 860 1408 iu
879 1327 941 1408 die
965 1325 1220 1409 coronationis
1243 1350 1334 1407 suae
1355 1323 1492 1432 edidit,
1510 1323 1700 1407 mandans

283 1475 326 1548 ut
339 1489 404 1548 cas
419 1463 459 1544 iu
474 1462 646 1572 ipsorum
660 1459 854 1545 codicibus
869 1459 982 1543 scribi
999 1458 1140 1541 faciant
1153 1469 1190 1542 et
1204 1457 1347 1570 legant.

365 1703 375 1786 l
383 1705 499 1767 mdis·
514 1705 671 1779 Sfflbll‘
682 1701 754 1766 clm.
768 1704 881 1765 Botion·
888 1701 1023 1784 prosus„
1038 1718 1107 1780 pars
1121 1705 1158 1777 1¹,
1173 1719 1204 1780 p.
1221 1711 1272 1764 40.
1284 1733 1325 1750 -
1337 1703 1474 1782 Samum,
1485 1698 1596 1763 Ansiul.
1613 1697 1699 1763 Boto-

402 1813 494 1896 puem‘,
507 1813 549 1886 ll,
566 1819 633 1873 449.
650 1842 692 1859 -
705 1811 815 1885 Parra,
831 1809 961 1871 Monum-
979 1811 1073 1870 64444.
1087 1809 1173 1884 litat,
1189 1809 1242 1884 lv,
1255 1808 1337 1888 445.)

331 2026 524 2100 Fridericus
537 2027 769 2098 Romanorum
790 2019 1004 2119 [imperator]
1027 2031 1061 2095 et
1080 2043 1216 2118 semper
1237 2030 1427 2117 augustus,
1448 2020 1620 2094 universis
1641 2043 1701 2094 sa-

283 2173 419 2225 crarum
437 2151 552 2246 legum
576 2148 776 2221 ductoribus
793 2156 828 2220 et
852 2147 1043 2220 scolaribus
1063 2146 1219 2219 Bononio
1243 2144 1535 2218 commorantibus
1553 2146 1699 2218 salutem

283 2286 317 2350 et
334 2275 479 2370 gratiam
497 2297 609 2348 suam.
627 2271 682 2345 Ad
700 2271 866 2346 honorem
881 2271 1128 2367 omnipotentis
1140 2271 1202 2344 Dei
1218 2278 1252 2344 et
1265 2270 1416 2343 Ecclesia
1430 2279 1548 2343 sancte
1562 2291 1644 2356 sue,
1661 2270 1698 2340 iu

283 2401 341 2475 dic
358 2423 429 2496 quo
451 2399 497 2473 de
520 2420 624 2472 maun
647 2396 867 2470 sacratissimi
894 2395 999 2490 patris
1024 2397 1131 2468 nostri
1154 2395 1197 2468 Η.
1225 2395 1350 2467 summi
1382 2392 1554 2490 pontilicis
1577 2417 1699 2468 susm-

282 2525 398 2619 pimus
415 2523 551 2620 imperii
573 2521 755 2612 diadema,
776 2519 952 2594 edidimus
973 2519 1144 2613 quasdam
1168 2518 1264 2613 leges
1279 2540 1368 2612 quas
1394 2520 1545 2614 presenti
1572 2519 1699 2614 pagina

265 2649 428 2723 ‘lecimus
447 2647 624 2739 adnotari,
650 2668 715 2744 per
737 2645 927 2742 imperialia
951 2645 1053 2719 vobis
1074 2644 1202 2740 scripta
1219 2644 1424 2718 mandantes
1445 2653 1618 2739 quatenus
1640 2666 1700 2717 cas

284 2773 414 2848 faciatis
432 2775 468 2846 iu
488 2773 611 2845 vestris
633 2771 737 2845 scribi
760 2771 941 2846 codicibus
963 2780 998 2843 et
1023 2769 1069 2842 da
1094 2781 1208 2844 cetero
1230 2770 1352 2862 legatis
1377 2771 1599 2866 solempniter
1624 2779 1701 2842 tau-

282 2921 386 2994 quam
406 2896 579 2993 perpetuis
598 2895 807 2990 temporibus
824 2895 1000 2967 valituras.

284 3113 1693 3128 —n-ffl—

283 3258 384 3316 indicat
398 3257 458 3315 cod.
472 3256 590 3316 vindob.
604 3258 663 3331 jur.
682 3272 779 3314 conon.
800 3255 863 3314 427.
879 3253 922 3313 Nil
939 3271 1004 3314 uero
1022 3255 1112 3314 obstat
1127 3257 1193 3330 quin
1209 3257 1300 3331 reipsa
1319 3257 1465 3330 imperator
1482 3259 1701 3318 mustitutionem

283 3356 363 3412 istam
374 3361 490 3412 exeunte
503 3356 663 3425 44444220,
678 3353 750 3428 apud
762 3354 881 3428 Capuam
890 3353 933 3410 vol
944 3353 1094 3427 Neapolim,
1107 3353 1197 3411 denuo
1211 3352 1263 3412 sub
1278 3352 1329 3411 bac
1341 3353 1425 3412 forma
1441 3356 1661 3430 pmmulgaverit;
1675 3366 1702 3416 et

283 3453 385 3511 notabo
399 3453 461 3510 anui
479 3456 544 3512 4224
563 3451 597 3509 ad
610 3451 680 3509 hauc
695 3452 849 3526 opinionem
867 3451 1038 3509 refellendam
1051 3469 1108 3510 uon
1123 3453 1208 3527 viget,
1226 3468 1312 3526 quum
1331 3453 1452 3512 notarius
1466 3455 1612 3529 imperialis
1624 3459 1703 3531 paulu

284 3551 434 3609 accuratius
444 3565 544 3607 anuum
557 3549 753 3608 incarnationis
768 3566 818 3624 pro
834 3565 906 3607 anno
918 3549 1072 3608 Natiuitatis
1092 3550 1126 3608 ad
1145 3553 1181 3610 25
1195 3549 1318 3609 decemb.
1336 3550 1482 3627 incipiente
1499 3552 1646 3612 inscribere
1657 3571 1704 3630 po-

284 3649 375 3719 tuerit,
389 3653 420 3705 ut
430 3663 488 3705 ram
504 3647 605 3720 pluries
617 3649 674 3722 iam
686 3663 768 3722 supra
778 3646 904 3705 vidimus.
918 3647 1072 3706 Notandum
1088 3665 1199 3722 quoquc
1218 3651 1358 3722 Baovrura,
1370 3650 1473 3708 44444.
1492 3651 1576 3722 lirul,
1595 3659 1616 3709 t.
1629 3654 1701 3722 xiil,

284 3747 318 3804 ad
329 3753 393 3802 ann.
406 3749 485 3816 4224,
499 3745 555 3818 42,
566 3743 637 3802 hauc
649 3759 746 3803 novam
759 3745 1000 3819 promulgationem
1012 3761 1189 3818 memorasse,
1206 3746 1250 3805 bis
1263 3747 1355 3806 uerbis
1367 3767 1374 3804 z
1386 3750 1457 3806 Dolo
1469 3749 1616 3824 diplomate
1626 3752 1704 3826 cujus

285 3845 402 3902 initium
415 3851 455 3900 444
470 3863 477 3898 .·
494 3842 650 3919 indispari
667 3841 699 3899 dc
715 3845 886 3902 sanctissimi
899 3846 989 3920 putris
1006 3848 1095 3904 nostrl
1104 3889 1111 3918 ,
1133 3853 1186 3904 etc.
1210 3846 1337 3905 Editores
1358 3854 1449 3904 autem
1468 3848 1704 3906 llonumeutorum

284 3944 429 4000 Boicorum
445 3943 492 4016 qui
503 3941 575 3998 hauc
588 3941 807 3999 constitutionem
818 3959 852 3998 cx
868 3941 939 3999 bulla
949 3941 1106 4016 Gregoriix
1121 3958 1218 4018 papae,
1232 3944 1296 4001 data
1311 3944 1443 4018 Lugduni,
1460 3949 1494 4000 tlt
1505 3945 1610 4018 augusti
1624 3947 1702 4014 4274,

284 4038 466 4096 exbibuerunt
481 4039 562 4114 (tom.
578 4038 682 4117 xxm,
696 4039 807 4113 pars1·‚
822 4055 851 4112 p.
867 4043 934 4110 ont,
950 4049 982 4096 u⁰
992 4039 1058 4112 265)
1073 4056 1128 4099 uon
1142 4041 1178 4099 ab
1192 4041 1311 4099 editione
1327 4041 1445 4100 Riedana
1461 4042 1627 4116 discrepant3
1644 4057 1702 4098 mu·

285 4142 351 4193 nent
365 4141 469 4194 4444444
487 4137 517 4193 in
537 4135 591 4193 fine
607 4151 685 4194 more
703 4135 881 4209 quorumdum
900 4136 1064 4195 notariorum
1080 4139 1164 4196 madii
1186 4137 1247 4197 aevi
1266 4153 1361 4196 omnus
1379 4138 1505 4196 kalendas
1520 4141 1707 4212 praecedentis

285 4234 386 4292 mensis
398 4235 432 4292 ad
447 4241 607 4309 sequentem
625 4235 695 4292 trahi
708 4235 896 4306 4444444444,
912 4236 950 4293 ita
967 4241 998 4292 ut
1010 4251 1061 4312 pro
1076 4235 1108 4294 Χ
1120 4235 1254 4294 mundas
1268 4235 1427 4308 4444444444,
1442 4239 1544 4296 mensis
1562 4237 1709 4296 december

286 4331 373 4392 444442
388 4333 515 4408 potuerit.
530 4333 565 4392 bt
578 4333 731 4410 opinionem
743 4340 860 4394 44444444
874 4335 1006 4410 potiorem
1019 4335 1189 4394 arbiramur.
