4368 5876
527 545 586 606 lto
1030 546 1246 609 lulntulcl
1272 547 1447 610 suctum
1752 555 1833 634 [Ass.
1852 558 1938 620 ml.

525 690 608 753 sunt
620 680 751 775 quibus
771 681 881 774 maior
897 703 979 778 pers
995 683 1103 756 nostri
1120 684 1272 757 demanii
1288 685 1401 758 luerat
1420 697 1605 784 occupata,
1623 691 1740 764 omnia
1759 693 1941 789 privilegia

525 805 603 901 ipsa
621 805 669 878 ad
693 827 818 879 manos
839 815 973 882 nostras
994 809 1176 904 pervenire
1196 811 1433 906 precepimus,
1460 813 1618 888 similiter
1642 824 1814 890 et'nostra
1830 839 1940 912 quea

525 928 674 1004 diversis
702 931 854 1004 dominis
877 933 1008 1028 quibos
1035 933 1276 1008 detinebamur
1298 945 1335 1009 et
1354 937 1421 1010 snb
1443 938 1591 1013 diversis
1615 941 1738 1036 sigillis
1757 943 1804 1016 ad
1830 943 1939 1017 tocim

524 1055 623 1148 regni
634 1055 822 1150 perniciem
834 1067 953 1153 aperte
969 1068 1159 1131 noscuntur
1173 1059 1282 1132 inisse
1299 1060 1524 1158 conlecta(o).
1544 1065 1595 1136 lle
1610 1067 1830 1162 pmpositoet
1841 1066 1939 1142 firma

523 1180 700 1253 voluntate
713 1202 819 1276 qnam
833 1182 1018 1255 babuimus
1032 1192 1066 1256 et
1082 1184 1252 1258 babemus
1270 1207 1353 1279 erga
1366 1187 1579 1262 carissimam
1593 1211 1774 1286 personam
1788 1203 1938 1266 uestram

523 1313 557 1376 et
571 1314 724 1378 sanctam
743 1305 931 1381 Romanam
950 1309 1138 1383 Ecclesiam
1152 1331 1198 1382 ex
1216 1331 1259 1383 eo
1276 1312 1438 1385 certiores
1454 1333 1532 1386 esse
1546 1315 1701 1410 potestis,
1721 1315 1805 1412 quia
1823 1315 1938 1411 requi·

522 1429 587 1503 sita
613 1431 795 1526 privilegia
822 1443 901 1528 poet
931 1433 1041 1529 ipsam
1070 1433 1348 1508 constitutionem
1375 1439 1570 1532 paternitati
1599 1450 1714 1514 vestre
1738 1443 1937 1514 curavimus

521 1555 706 1629 destinare.

569 1681 695 1754 Datum
708 1681 803 1775 apud
820 1682 970 1754 Trannm
987 1681 1017 1778 (l
1027 1685 1054 1775 ),
1074 1682 1180 1755 tercio
1197 1680 1255 1756 die
1271 1685 1400 1757 mensis
1417 1686 1549 1779 marcii,
1568 1686 1765 1761 indictionis
1781 1710 1885 1764 none.

956 2033 978 2040 -.
989 2033 1697 2046 --..-.-————-···-——-—--———-.—-—

447 2383 483 2450 ,ι
571 2335 804 2443 Fridericus,
837 2336 1099 2419 Romanorum
1134 2335 1359 2445 imperator,
1388 2334 1662 2418 monasterium
1697 2339 1746 2420 de
1782 2335 1934 2420 Schaff-

516 2473 696 2556 tersheim
723 2483 761 2554 et
788 2470 1094 2554 sanctimoniales
1121 2470 1161 2551 in
1188 2497 1234 2553 eo
1256 2470 1335 2552 lleo
1360 2468 1613 2552 deservientes
1639 2495 1728 2553 cum
1754 2473 1935 2556 omnibus

514 2605 626 2690 bonis
645 2615 683 2689 et
699 2603 1004 2714 possessionibus
1022 2603 1105 2714 ejus
1123 2604 1163 2686 in
1181 2604 1452 2714 protectionem
1466 2629 1578 2687 suam
1596 2605 1767 2714 suscipit,
1779 2607 1936 2689 statuit-

514 2767 591 2851 que
608 2749 652 2824 ut
668 2740 764 2822 baec
781 2739 938 2822 ecclesio
955 2739 1107 2822 nullum
1126 2749 1274 2849 praeter
1292 2766 1333 2823 se
1350 2748 1417 2824 eut
1435 2765 1669 2824 successores
1692 2765 1783 2824 suos
1805 2742 1933 2825 advo-

514 2885 643 2958 catum
664 2873 817 2956 habeat.

595 3113 699 3196 (Edld.
715 3115 959 3190 Hiussmmn,
975 3111 1192 3195 Diprlomclirclt.
1209 3113 1321 3176 mear
1332 3113 1381 3175 dcc
1394 3117 1506 3177 licum
1518 3113 1695 3192 Hodcclodc,
1709 3123 1734 3178 t.
1750 3119 1777 3191 1,
1794 3117 1931 3198 Reylag„

634 3233 669 3284 ιιο
682 3223 765 3298 xvl,
777 3241 809 3302 p.
826 3232 895 3298 tat,
911 3240 949 3284 ex
962 3225 1099 3302 orlglnall
1114 3226 1144 3284 ln
1158 3223 1269 3284 molnlv.
1286 3221 1423 3302 llohcnl.)

563 3438 764 3512 Fredericos
788 3439 849 3512 Dei
872 3439 983 3534 gratia
1006 3441 1237 3513 Romanorum
1260 3439 1457 3533 imperator,
1479 3461 1614 3536 semper
1635 3449 1806 3532 angustus
1819 3450 1854 3514 et
1867 3463 1931 3514 rex

513 3563 646 3656 Sicilie,
670 3564 844 3638 universis
868 3565 913 3640 ad
931 3587 1021 3660 quos
1041 3587 1183 3662 presens
1204 3565 1370 3659 scripturn
1397 3565 1591 3658 pervenerit
1612 3566 1757 3660 gratiam
1775 3587 1875 3639 suam
1896 3575 1933 3638 et

512 3690 786 3763 omnebonum.
815 3691 1005 3786 imperialis
1039 3689 1295 3786 magnificentie
1323 3691 1570 3763 sublimitatem
1599 3700 1634 3764 et
1664 3701 1782 3764 eterne
1810 3691 1932 3764 salutis

512 3816 677 3909 consequi
695 3835 765 3888 non
780 3815 983 3888 dubitamus
997 3816 1146 3910 premia,
1164 3837 1244 3888 oum
1262 3817 1417 3912 personis
1433 3816 1671 3910 spiritualibus
1688 3818 1760 3888 lleo
1776 3815 1931 3889 servien-

554 3990 595 4074 (α)
615 3993 651 4054 ln
664 3993 764 4055 oodloe
776 3989 930 4071 consum
945 3994 1034 4056 male.

549 4309 587 4383 (t)
606 4310 682 4366 Tunc
696 4307 840 4382 temporis,
854 4323 926 4365 anno
944 4305 1047 4364 scilicet
1059 4308 1143 4376 tuat,
1159 4311 1187 4362 et
1200 4305 1272 4379 apud
1285 4305 1372 4362 locum
1391 4304 1529 4372 eumdem,
1546 4310 1577 4361 ut
1591 4304 1761 4372 arbitramur,
1777 4303 1930 4362 Frideriaus

513 4405 682 4484 privilegium
703 4406 814 4464 indulsit
832 4423 886 4481 quo
900 4406 1008 4464 ludaeis
1024 4404 1159 4462 licentiam
1176 4405 1301 4462 concedit
1323 4404 1443 4462 morandi
1462 4403 1533 4478 apud
1555 4403 1672 4458 Tranum
1685 4417 1718 4460 ea
1733 4401 1885 4459 conditione
1898 4407 1930 4460 ut

513 4507 651 4565 annuatim
668 4503 740 4563 clero
757 4505 919 4564 cathedralis
930 4504 1059 4562 ecclesiae
1073 4504 1218 4560 Traoensis
1233 4510 1293 4560 octo
1312 4509 1341 4559 et
1363 4501 1470 4576 triginta
1491 4501 1584 4558 uncias
1604 4499 1661 4557 auri
1680 4500 1784 4557 solvere
1799 4499 1927 4556 debcant.

513 4604 648 4678 Originale
660 4603 746 4679 sigilo
758 4619 838 4663 careo
853 4604 1001 4676 munitum,
1021 4603 1094 4678 quod
1115 4601 1183 4660 vidit
1201 4602 1305 4660 amicus
1322 4607 1413 4660 nodet
1431 4601 1464 4658 v.
1486 4599 1606 4672 bolland,
1625 4599 1654 4656 iu
1671 4599 1781 4658 rreum
1798 4595 1928 4654 Tranensi

510 4709 672 4766 assertam.
