4296 5898
517 543 579 606 242
1020 545 1234 610 saloerner
1258 546 1433 612 securint
1745 545 1825 632 [Am
1842 545 1927 608 lm

518 679 721 755 fraternitati
749 689 809 756 tue
838 703 900 779 per
927 683 1115 780 apostolica
1138 683 1266 783 scripta
1295 685 1503 762 mandamus
1532 691 1704 780 quamnns
1734 704 1840 780 super
1864 680 1928 756 hoc

521 802 654 878 habens
667 804 850 878 consilium
867 827 948 880 cnm
962 807 1038 905 ipso
1052 829 1135 904 rege
1149 818 1185 882 et
1199 807 1393 906 patriarcha
1409 816 1446 882 et
1461 807 1539 882 aliis
1555 827 1645 905 quos
1659 805 1787 882 adhoc
1801 804 1929 881 videris

520 938 750 1026 opportunos,
771 931 914 1028 quodsi
930 933 1007 1008 siue
1026 933 1226 1011 discrimina
1239 943 1328 1010 terre
1345 957 1451 1031 quam
1466 933 1643 1010 christiani
1659 940 1777 1006 terrem
1797 931 1834 1004 in
1852 952 1929 1028 par·

521 1053 614 1130 tibus
640 1057 873 1132 transmarinis
897 1059 1009 1156 possis
1034 1059 1154 1134 venire
1178 1060 1227 1135 ad
1251 1059 1464 1156 colloquium
1484 1081 1568 1158 sepe
1592 1055 1742 1150 dictum,
1757 1056 1817 1143 ad
1844 1054 1929 1130 illud

522 1181 745 1277 personaliter
762 1184 883 1258 venire
906 1205 1007 1258 cures
1024 1185 1171 1260 termino
1186 1186 1438 1284 suprascripto;
1456 1183 1600 1282 quodsi
1620 1183 1742 1258 venire
1762 1183 1849 1256 lorts
1865 1201 1930 1254 ne·

522 1304 691 1400 quiveris,
707 1327 770 1402 per
781 1306 896 1382 literas
912 1307 970 1382 vel
983 1307 1129 1384 nuncios
1146 1318 1225 1384 tuos
1243 1311 1434 1408 superium
1451 1309 1545 1384 dicto
1558 1306 1696 1404 negotio
1711 1315 1772 1381 tua
1786 1326 1850 1380 nos
1864 1306 1930 1378 ira·

523 1429 665 1502 tennitas
684 1438 846 1527 procurat
860 1431 1031 1507 instruere
1049 1432 1095 1508 de
1116 1433 1247 1531 quibus
1270 1433 1403 1509 videris
1420 1433 1599 1532 expedire.
1618 1432 1659 1506 ld
1675 1439 1792 1506 autem
1815 1431 1931 1504 irater·

525 1554 625 1628 nitati
639 1563 698 1632 tue
719 1556 883 1631 volamus
898 1580 974 1634 esse
990 1568 1111 1634 notum
1126 1559 1223 1656 quod
1239 1560 1314 1658 ipse
1329 1560 1514 1658 imperator
1531 1559 1652 1634 volens
1670 1555 1883 1654 propositum
1898 1561 1933 1626 et

525 1677 738 1754 desiderium
756 1703 861 1754 suum
877 1703 982 1781 super
999 1684 1092 1759 dioto
1110 1687 1213 1760 Teme
1227 1687 1351 1760 Sancte
1375 1685 1514 1782 negotio
1530 1686 1643 1760 lacera
1664 1681 1885 1756 manifestum
1898 1687 1933 1751 et

527 1802 575 1878 ad
590 1805 811 1880 sublimitatis
822 1809 997 1904 sequelam
1008 1809 1094 1885 alios
1106 1809 1277 1906 animare,
1294 1810 1332 1886 iu
1343 1811 1416 1905 jam
1430 1811 1602 1887 celebrato
1615 1806 1787 1904 colloquio
1799 1801 1932 1901 publice

527 1926 565 2002 in
588 1940 775 2028 conspectu
792 1931 1023 2008 multitudinis
1040 1935 1264 2032 prelatorum,
1283 1937 1481 2034 principum
1494 1945 1529 2010 et
1545 1935 1714 2010 baronum
1731 1953 1774 2006 ac
1790 1929 1932 2004 aliorum

529 2053 591 2151 qui
606 2053 653 2127 ad
668 2055 878 2153 colloquium
895 2059 1010 2155 ipsum
1024 2069 1256 2135 convenerant
1273 2081 1379 2136 mauu
1400 2059 1541 2159 propria
1558 2067 1748 2156 spontanea
1761 2053 1934 2129 voluntate

526 2181 658 2274 juravit
671 2181 769 2276 quod
785 2182 850 2258 iter
862 2182 1104 2259 transfretandi
1118 2185 1258 2282 arripiet
1276 2185 1422 2260 termino
1434 2206 1539 2281 quem
1552 2179 1619 2258 sibi
1634 2205 1698 2258 seu
1713 2181 1752 2254 iu
1769 2171 1934 2272 colloquio

530 2306 627 2403 apud
641 2307 813 2382 Veronam
837 2318 876 2384 ut
895 2307 1052 2384 diximus
1071 2308 1278 2385 celebrando
1295 2331 1358 2384 seu
1381 2310 1473 2388 circa
1487 2319 1709 2407 tempusque
1726 2301 1932 2398 colloquium

531 2433 646 2532 ipsum
663 2431 832 2508 indictum
846 2443 899 2508 est
917 2433 1121 2510 duxerimus
1133 2433 1388 2533 prefigendum.

579 2560 704 2633 Datum
720 2559 872 2652 Verulis,
889 2559 950 2635 vll
967 2559 1133 2637 kalendas
1149 2561 1245 2654 maii,
1263 2560 1483 2659 pontificatus
1497 2558 1605 2636 nostri
1617 2578 1709 2632 anno
1720 2555 1779 2630 vl.

428 3296 481 3339 m,
586 3222 813 3330 Fridericus‚
828 3221 1088 3306 Romanorum
1101 3219 1320 3328 imperator,
1334 3242 1405 3327 pro
1423 3215 1542 3327 gratis
1555 3221 1593 3297 et
1605 3211 1766 3321 acceptis
1782 3205 1942 3293 servitiis

533 3358 682 3443 comitis
701 3355 858 3442 Gerardi
878 3356 927 3439 de
945 3353 1054 3440 Gelre
1072 3351 1276 3464 (Geldem)
1289 3350 1325 3434 ei
1342 3359 1380 3434 et
1397 3347 1625 3432 haeredibus
1640 3343 1723 3456 ejus
1740 3343 1781 3425 in
1798 3366 1939 3454 perpe-

533 3502 644 3576 tuum
670 3489 870 3576 confirmat
891 3487 1227 3573 commutationem
1248 3484 1438 3570 theolonei
1464 3484 1513 3567 de
1541 3480 1724 3566 Arnheim
1752 3473 1944 3588 quamde

533 3627 692 3712 consilio
719 3625 935 3736 principum
961 3648 1121 3707 suorum
1147 3621 1182 3706 ei
1202 3618 1286 3730 jam
1312 3618 1401 3703 fecit
1426 3615 1530 3728 apud
1549 3611 1677 3700 Lobed
1696 3607 1879 3724 (Lobith)
1901 3605 1942 3687 in

533 3761 856 3873 archiepiscopatu
874 3755 1103 3843 Coloniensi.

616 4005 933 4084 (Edldlthcorrnnnr,
952 3997 1131 4066 llrlrcndend.
1139 3998 1198 4081 Jitr
1210 3995 1257 4060 tc
1268 3994 1369 4059 onst.
1384 3993 1433 4058 aa
1444 3989 1658 4065 Niederrloeinr,
1671 4004 1726 4052 zu.
1740 3985 1839 4060 Band,
1850 4001 1879 4063 p.
1893 3990 1944 4054 ⁵5.

655 4125 690 4178 ιι·
706 4123 762 4177 too
773 4157 784 4194 ,
795 4129 834 4176 ex
852 4111 979 4174 chartul.
994 4110 1096 4172 ducat.
1116 4105 1252 4186 oneror„
1264 4113 1298 4166 n·
1315 4113 1384 4166 tot.
1402 4102 1557 4181 Reperltur
1570 4113 1689 4178 qnoque
1705 4097 1739 4157 lm
1750 4092 1820 4156 eod.
1835 4089 1946 4155 Redin·

657 4221 804 4303 ghoveulo
818 4219 898 4282 Bibl.
912 4216 1064 4290 Mensem,
1080 4223 1129 4291 10,
1151 4211 1194 4290 ².)

586 4435 779 4512 Fridericns
797 4435 860 4508 Dei
879 4434 989 4529 gratia
1005 4431 1239 4506 Romanorum
1261 4427 1458 4524 imperator,
1482 4439 1618 4516 semper
1637 4419 1808 4509 augustus
1830 4418 1866 4485 et
1884 4427 1946 4482 rex

537 4561 665 4635 Sicilie.
688 4560 878 4658 Imperialis
902 4555 1138 4632 munificentia
1163 4553 1202 4629 id
1225 4575 1307 4628 vere
1334 4550 1407 4626 suis
1438 4545 1560 4620 usibus
1583 4537 1734 4640 applicat
1758 4534 1857 4631 quod
1881 4529 1946 4604 sibi

539 4684 676 4762 devotis
695 4694 732 4758 et
756 4684 846 4759 bene
872 4682 1003 4756 meritis
1024 4679 1187 4756 fidelibus
1214 4676 1393 4772 elargitur.
1419 4673 1469 4748 lia
1495 4674 1632 4766 propter
1659 4670 1782 4738 notum
1803 4657 1955 4733 iacimus>
