4298 5898
212 527 310 592 lucrer.
330 527 392 608 12]
664 519 861 586 HISTORIA
886 518 1182 585 btllottarlcn
1574 519 1635 580 405

1 684 5 748 i
261 662 448 738 federicus
474 658 596 734 divim
631 658 769 732 favente
795 656 976 731 clementia
1006 656 1240 730 Romanorum
1270 653 1472 751 imperator,
1503 675 1638 752 semper

1 834 5 876 r
220 795 410 881 augustus,
446 805 511 859 rex
536 783 664 858 Sicilie.
699 785 835 857 lustum
867 781 1012 879 quidem
1038 789 1091 856 est
1123 789 1158 854 et
1189 779 1315 854 rationi
1350 777 1562 853 conveniens
1597 789 1636 852 ut

213 933 351 986 summo
377 909 527 1008 principi
557 911 630 984 Deo
659 907 852 1006 specialiter
876 928 961 981 cura
986 905 1209 1002 regnantium
1232 903 1356 978 militet
1376 926 1398 978 a
1416 923 1488 1000 quo
1512 903 1636 978 libram

210 1037 344 1132 justitia
361 1044 398 1110 et
413 1033 559 1130 regendi
582 1032 797 1130 percipiunt,
818 1031 969 1128 ideoque
992 1030 1177 1125 magnifice
1192 1027 1328 1104 accedit
1345 1027 1390 1102 ad
1408 1026 1547 1100 titulum
1566 1030 1639 1100 im·

213 1161 354 1260 perialis
371 1159 551 1255 dignitatis
576 1179 657 1231 cum
686 1157 732 1232 ad
759 1157 982 1231 ecclesiarum
1008 1163 1043 1230 et
1067 1155 1220 1229 locorum
1241 1153 1496 1228 uenerabilium
1523 1154 1638 1226 cultus

214 1287 326 1362 aciem
343 1285 544 1360 intentionis
561 1304 625 1358 sue
639 1283 810 1359 conuertit
822 1291 856 1356 at
872 1304 992 1357 eorum
1007 1283 1183 1379 protectus
1200 1289 1235 1354 et
1246 1277 1427 1353 commoda
1441 1279 1500 1376 pie
1511 1278 1637 1352 mentis

214 1411 325 1486 oculis
342 1411 509 1483 intuetur.
528 1410 594 1485 Per
617 1429 759 1506 presens
783 1407 1005 1505 privilegium
1027 1417 1149 1482 notum
1172 1405 1319 1480 facimus
1346 1403 1518 1478 universis
1543 1403 1636 1479 llde-

217 1533 310 1609 libus
324 1535 449 1608 nostris
471 1543 542 1608 mm
565 1534 785 1631 presentibus
798 1555 906 1630 quum
931 1532 1058 1606 futuris
1075 1529 1172 1628 quod
1195 1539 1275 1628 post
1293 1531 1481 1604 solemnem
1503 1531 1635 1604 curiam

216 1669 368 1734 noscam
392 1658 527 1732 noviter
551 1657 669 1756 Capua
694 1659 900 1733 celebratam
922 1656 976 1755 (t)
1000 1657 1063 1731 ubi
1091 1657 1181 1731 inter
1205 1664 1410 1750 ceteraque
1433 1655 1639 1748 generaliter

215 1785 400 1858 statuimus
426 1784 646 1859 obseruanda
671 1783 854 1880 privilegia
879 1783 996 1856 omnia
1022 1782 1069 1855 ab
1095 1781 1192 1855 obitu
1218 1781 1311 1876 regis
1340 1779 1512 1854 Guilielmi
1547 1781 1638 1854 bone

218 1910 383 1984 memorie
400 1910 489 1984 lacta
510 1907 677 2002 resignari
701 1907 921 2005 precepimus
947 1926 1064 1980 coram
1086 1906 1206 1992 uobis,
1224 1905 1388 1980 domiuus
1403 1902 1457 2002 (2)
1472 1907 1634 1998 loannes,

216 2033 426 2109 uenerabilis
450 2033 559 2108 abbas
587 2035 711 2108 Sancte
738 2032 847 2108 llarie
875 2031 1003 2106 montis
1025 2031 1199 2126 Virginis,
1218 2033 1320 2126 juxta
1345 2031 1505 2126 generale
1527 2053 1637 2105 man-

217 2159 337 2234 datum
355 2167 510 2232 nostrum
526 2156 679 2254 quedam
701 2157 886 2254 privilegia
907 2156 1124 2254 imperatoris
1139 2178 1182 2230 ac
1203 2155 1432 2252 imperatricis
1452 2157 1562 2230 felicis
1579 2180 1635 2231 re-

216 2283 427 2359 cordatiouis
444 2291 627 2380 parentum
647 2292 844 2356 nostrorum
863 2292 980 2356 nostre
1000 2282 1097 2356 curie
1118 2280 1329 2376 resignavit,
1348 2303 1412 2377 per
1427 2303 1499 2377 qne
1519 2303 1583 2357 nos
1600 2295 1635 2358 et

217 2409 310 2484 idem
338 2409 478 2504 augusti
504 2405 758 2504 mcipiebamna
779 2407 912 2482 dictum
939 2405 1186 2480 monasterium
1210 2415 1245 2480 et
1268 2405 1385 2478 omnia
1409 2405 1501 2478 bona
1525 2407 1636 2503 ipsius

216 2535 285 2608 sub
298 2533 441 2630 speciali
458 2533 671 2630 protectione
686 2541 722 2606 et
738 2531 939 2606 defensioue
955 2540 1085 2624 nostra,
1100 2531 1330 2607 concedentes
1344 2539 1380 2604 et
1393 2529 1637 2608 confirmantes

217 2655 332 2732 eidem
347 2657 556 2730 monasterio
575 2677 697 2731 omnes
717 2653 964 2752 possessiones,
985 2655 1148 2730 ecclesias
1166 2665 1203 2728 et
1219 2655 1294 2729 loca
1317 2654 1349 2728 ei
1371 2653 1529 2748 subdita,
1548 2658 1637 2733 bos-

217 2781 349 2878 pitalia,
366 2781 566 2871 tenimenta,
587 2779 801 2874 molendina,
820 2777 991 2874 redditus,
1008 2779 1148 2873 casalia,
1167 2778 1339 2871 homines,
1353 2779 1524 2866 vaxatlos,
1539 2785 1634 2875 jure,

218 2905 409 2999 libertates,
426 2905 569 2980 mobilia
586 2915 622 2979 et
642 2903 833 2980 immobilia
847 2905 1013 2980 universa
1031 2927 1102 3002 que
1117 2927 1212 2978 nunc
1226 2905 1332 2980 babet
1346 2905 1401 2979 vel
1419 2905 1548 2981 habere
1567 2929 1636 3005 po-

217 3031 296 3105 terit
309 3031 347 3103 in
363 3031 532 3122 futurum,
552 3029 725 3106 libertates
738 3052 801 3127 per
818 3039 928 3104 toturn
942 3030 1126 3127 imperium
1143 3037 1178 3102 et
1191 3051 1338 3124 regnum
1354 3028 1483 3123 Sicilie,
1498 3052 1633 3139 necpon

217 3164 254 3230 et
272 3165 399 3230 terram
418 3153 626 3230 llercuriani
646 3177 727 3229 curn
749 3155 912 3228 omuibus
932 3153 1145 3246 bominibus,
1170 3153 1460 3250 possessionibus,
1481 3155 1633 3250 juribus,

217 3279 435 3354 libertatibus
455 3288 490 3354 et
510 3279 726 3376 pertinentiis
740 3279 831 3368 suis,
857 3287 961 3376 prout
981 3279 1018 3351 in
1036 3279 1194 3372 ejusdem
1211 3279 1409 3354 monasterii
1425 3280 1632 3377 privilegiis,

218 3405 471 3497 instrumentis,
482 3405 622 3499 juribus
638 3414 673 3479 et
689 3403 766 3480 aliis
780 3404 960 3502 scripturis
975 3404 1125 3502 publicis
1143 3405 1374 3496 continentur,
1390 3413 1426 3478 et
1442 3425 1572 3502 pascua
1586 3408 1636 3482 li-

216 3531 301 3606 bera
317 3551 380 3626 per
395 3537 504 3604 toturn
517 3551 664 3627 reguum
681 3539 717 3604 et
733 3529 919 3629 imperium
932 3551 997 3627 pro
1013 3529 1223 3604 animalibus
1239 3530 1326 3623 suis,
1342 3527 1631 3626 obedientiarum,

217 3657 390 3746 locorum,
419 3665 617 3752 pastorum,
642 3654 825 3731 bominum
852 3664 887 3728 et
919 3653 1139 3729 vexationum
1167 3676 1328 3748 suorum,
1351 3664 1387 3730 et
1413 3655 1451 3728 in
1478 3657 1635 3751 ejusdem

217 3780 414 3855 monasterii
432 3779 631 3855 obedientia
651 3789 692 3854 ut
718 3781 794 3854 loca
814 3779 891 3872 ejus
913 3799 955 3852 ac
981 3799 1103 3853 omues
1124 3778 1283 3852 homines
1308 3787 1344 3852 et
1364 3779 1513 3874 vasalli,
1533 3783 1636 3855 castri

216 3903 384 3978 uidelicet
408 3904 634 3997 llercuriani,
665 3903 832 3978 casalium
861 3902 1078 3999 aliorumque
1099 3903 1252 3978 locorum
1285 3923 1427 3976 suorum
1454 3906 1633 3999 omnium,

215 4050 441 4126 quocumque
467 4029 567 4103 titulo
589 4027 636 4103 ad
661 4027 776 4126 ipsum
800 4027 933 4123 ubique
955 4035 1151 4125 spectantes
1178 4027 1441 4121 monasterinm,
1468 4039 1636 4126 perpetuo

217 4153 265 4229 ab
277 4153 372 4227 omni
387 4153 558 4244 molestia,
575 4153 836 4249 inquietatione,
854 4152 1019 4241 collectis,
1035 4151 1230 4246 adjutoriis,
1249 4150 1364 4245 datiis,
1379 4152 1634 4244 exactionibus,

216 4278 424 4378 plateaticis,
445 4278 594 4375 aliisque
611 4277 872 4374 gravmiuibns
888 4277 1051 4353 omnibus
1067 4287 1102 4351 et
1119 4277 1267 4352 servitiis
1282 4277 1539 4374 personalibus,
1559 4302 1636 4354 rea·

255 4577 293 4652 (t)
312 4576 353 4635 Gi.
368 4591 450 4652 supra
461 4575 631 4652 priuilegium
643 4576 732 4635 eidem
745 4572 889 4637 conventui
903 4574 1051 4649 indultum,
1064 4591 1093 4652 p.
1111 4579 1173 4634 att.

256 4673 294 4750 (2)
313 4675 362 4733 llic
376 4674 468 4734 titulus
482 4673 509 4732 in
521 4675 668 4750 privilegiis
682 4673 866 4750 imperialibus
880 4689 1013 4749 nusquam
1027 4673 1170 4734 abbatibus
1180 4675 1278 4734 ascribi
1288 4676 1366 4736 solet.
