4272 5886
552 563 613 626 562
1011 599 1015 606 ·
1058 563 1272 626 rnlounlttl
1297 565 1472 628 securint
1786 567 1866 649 [Ass.
1887 570 1972 631 lm

549 699 709 790 Domino,
727 707 888 794 poterunt
902 699 1074 792 obtinere,
1097 701 1179 773 loris
1196 701 1377 796 videlicet,
1400 706 1506 799 agris,
1526 707 1656 804 vineis,
1674 705 1791 802 pratis,
1813 707 1971 800 pascuis,

551 825 662 916 silvis,
686 826 815 920 planis,
837 825 1023 913 montanis,
1046 827 1146 920 aquis
1168 849 1408 923 aquarumque
1427 829 1648 920 decursibus,
1667 830 1814 924 aliisque
1831 831 1975 926 predio-

553 975 629 1023 rum
653 959 687 1024 et
712 951 967 1046 possessionum
993 952 1185 1046 bonisque
1207 954 1354 1050 propriis
1378 955 1578 1027 nominibus
1605 957 1724 1027 subter
1746 957 1973 1050 exprimenda

555 1075 797 1148 decernimus:
818 1077 981 1149 videlicet
1005 1077 1179 1149 civitatens
1204 1076 1249 1150 dc
1278 1080 1442 1152 blusterio
1468 1104 1548 1154 cum
1574 1081 1735 1153 omnibus
1757 1081 1973 1176 appendiciis

553 1203 638 1292 suis,
661 1211 810 1274 castrum
828 1201 943 1274 Sancti
962 1201 1099 1291 iacobi,
1116 1211 1266 1274 castrum
1282 1205 1327 1276 de
1341 1204 1529 1293 Brianpone
1547 1218 1581 1278 ct
1600 1215 1731 1301 partem
1747 1229 1852 1300 quam
1869 1207 1973 1280 habet

552 1329 587 1399 in
606 1337 717 1400 castro
737 1325 782 1399 de
798 1326 973 1418 Contione,
995 1327 1171 1414 Villetam,
1195 1329 1320 1401 vallem
1347 1327 1392 1402 dc
1412 1330 1569 1420 noscitis,
1590 1331 1717 1403 vallem
1739 1329 1784 1402 de
1804 1331 1969 1424 Allodiis,

552 1455 677 1527 vallem
701 1454 816 1526 Sancti
840 1452 1025 1544 Iohannis,
1046 1453 1165 1524 villam
1191 1453 1236 1525 dc
1258 1455 1454 1547 Flaohoria,
1475 1457 1595 1529 villam
1618 1455 1664 1529 de
1682 1455 1828 1542 Combe,
1845 1459 1973 1528 vallem

552 1579 666 1650 Sancti
685 1578 874 1668 Desiderii,
895 1577 1021 1650 vallem
1046 1578 1091 1650 de
1114 1577 1217 1650 Lucia
1241 1601 1320 1650 cum
1340 1581 1503 1652 omnibus
1528 1603 1648 1652 earum
1673 1581 1877 1671 attinentiis,
1907 1582 1974 1653 sub

552 1705 762 1800 protectione
781 1703 990 1776 detonsionis
1005 1711 1120 1776 nostro
1134 1703 1366 1800 suscepimus
1386 1715 1420 1780 et
1439 1705 1503 1778 heo
1525 1706 1641 1779 omnia
1659 1706 1773 1778 cidem
1794 1707 1972 1802 archicpi-

551 1852 657 1924 scopo
671 1839 705 1901 et
725 1837 902 1926 pretaxate
916 1830 1062 1902 ecclesie
1083 1833 1408 1926 successoribusque
1435 1833 1508 1904 suis
1526 1855 1607 1904 cum
1623 1831 1786 1904 omnibus
1800 1831 1920 1904 feudis
1939 1840 1974 1905 ol

553 1955 757 2028 casamentis
773 1977 844 2051 que
863 1956 897 2027 in
921 1957 1170 2051 presentiarum
1188 1957 1363 2052 possident
1379 1961 1436 2031 vel
1454 1959 1513 2030 alii
1532 1957 1672 2031 nomine
1688 1979 1751 2030 suo
1773 1966 1892 2030 tenent
1907 1958 1973 2029 im·

553 2081 673 2177 periali
694 2081 896 2156 auctoritate
916 2081 1172 2154 confirmamus.
1197 2083 1251 2154 Ex
1273 2083 1465 2157 abundanti
1489 2104 1630 2179 quoque
1654 2083 1843 2178 imperialis
1864 2083 1971 2177 graba

549 2207 805 2302 magnificentia
831 2207 1055 2280 concedimus
1077 2207 1262 2305 sepedictis
1280 2208 1539 2305 archiepiscopo
1560 2217 1596 2280 et
1615 2207 1759 2280 ecclesie
1778 2217 1815 2278 ut
1833 2207 1881 2280 ad
1898 2209 1971 2278 tui-

551 2335 677 2406 tionem
696 2345 801 2428 atquc
820 2335 985 2426 juvamen
1008 2355 1110 2404 soum
1130 2334 1180 2405 eis
1203 2334 1310 2406 libere
1327 2335 1427 2406 liceat
1444 2335 1480 2405 in
1499 2335 1583 2406 locis
1604 2334 1740 2406 idoneis
1754 2343 1867 2406 castra
1884 2355 1970 2405 con-

548 2471 702 2551 struere,
723 2460 894 2532 destructa
918 2457 1135 2549 reedificare,
1154 2459 1243 2530 bona
1263 2481 1404 2553 quoquc
1424 2469 1494 2532 mm
1519 2481 1634 2531 rerum
1653 2479 1758 2554 quem
1778 2459 1967 2553 possessio·

549 2608 634 2658 num
647 2607 789 2658 suarum
802 2584 877 2657 sivo
892 2607 952 2680 per
965 2584 1162 2657 violentiam
1176 2585 1371 2677 aliquorum
1387 2583 1438 2657 eis
1455 2585 1570 2657 ablata
1581 2584 1656 2656 sive
1670 2605 1732 2679 per
1749 2582 1968 2678 dispendium

550 2711 708 2784 retroacti
730 2711 892 2806 temporis
908 2709 1094 2781 omissione
1114 2710 1287 2800 involuta,
1307 2711 1437 2782 nulllus
1455 2708 1667 2806 impediente
1690 2710 1969 2783 contradictionis

550 2837 747 2929 obstaculo,
768 2837 803 2908 in
824 2837 969 2932 primam
989 2835 1095 2908 libere
1111 2837 1281 2908 facultatis
1298 2835 1439 2908 tutelam
1459 2857 1675 2930 recuperare.
1697 2835 1775 2920 Quo
1794 2835 1886 2908 eirca
1905 2835 1969 2907 snb

550 2961 692 3034 obtentu
712 2969 826 3032 nostro
848 2960 958 3054 gratie
979 2959 1142 3032 districtis
1165 2959 1394 3032 inhibendum
1412 2959 1585 3032 mandatis
1608 2957 1777 3031 duximus
1795 2981 1841 3032 na
1865 2961 1967 3054 aliqui

550 3105 669 3157 eorum
685 3085 746 3179 qui
763 3085 868 3157 feuda
882 3085 1117 3156 Musterlensis
1132 3085 1275 3158 ecclesie
1291 3087 1430 3158 nomine
1447 3085 1600 3180 ipsorum
1617 3093 1746 3175 tenent,
1761 3086 1873 3158 bonos
1888 3108 1968 3156 usus

552 3210 733 3284 feudorum
748 3211 793 3282 ab
813 3211 864 3282 eis
880 3210 1082 3283 subtrahere
1098 3231 1162 3282 nec
1178 3211 1397 3304 aliquatenus
1415 3213 1583 3297 minuere,
1605 3211 1674 3282 imo
1692 3231 1757 3282 nec
1773 3214 1852 3306 ipsa
1866 3211 1966 3282 leuda

551 3348 585 3410 ot
603 3338 712 3410 bonos
727 3359 813 3409 usus
828 3358 948 3409 eorum
968 3336 1184 3409 dissimulare
1199 3336 1255 3408 vel
1275 3335 1443 3409 damnoso
1459 3335 1594 3407 silentio
1610 3335 1830 3431 supprimere
1850 3357 1969 3429 presu-

552 3472 659 3550 mant,
677 3485 741 3536 ncc
758 3463 875 3556 aliquo
891 3485 1032 3558 prorsus
1049 3462 1188 3556 ingenio
1205 3463 1281 3534 sive
1301 3462 1390 3534 lacto
1407 3469 1539 3533 tenwnt
1556 3461 1707 3532 alienare
1722 3482 1743 3532 a
1764 3461 1875 3532 libera
1894 3480 1969 3555 pos·

549 3590 702 3662 sessione
725 3598 760 3662 et
782 3589 937 3662 dominio
958 3589 1076 3684 sepius
1099 3588 1272 3661 dictorum
1295 3588 1542 3684 archiepiscopi
1566 3596 1601 3660 et
1620 3586 1777 3658 ecclesie.
1801 3587 1845 3659 Ut
1869 3585 1969 3680 igitur

551 3715 616 3787 hec
630 3723 745 3787 nostre
762 3714 981 3810 protectionis
1004 3723 1039 3785 et
1058 3711 1327 3786 confirmationis
1345 3713 1472 3808 pagina
1494 3712 1589 3785 omni
1609 3733 1675 3784 evo
1699 3719 1771 3783 rata
1792 3719 1828 3783 ct
1849 3712 1971 3780 incon-

552 3839 653 3913 vulsa
672 3850 889 3936 permaneat,
911 3861 1053 3935 presens
1078 3839 1161 3912 inde
1181 3839 1405 3934 privilegium
1429 3838 1599 3911 conscribi
1619 3838 1789 3931 jussimus
1806 3845 1842 3908 et
1860 3845 1970 3907 nostre

550 3968 738 4061 majestatis
765 3967 877 4060 sigillo
900 3987 1006 4040 aureo
1034 3966 1261 4057 communiri;
1288 3975 1475 4037 statuentes
1505 3973 1540 4036 et
1570 3963 1771 4034 auctoritate
1803 3959 1968 4056 imperiali

550 4094 743 4165 sancientes
770 4101 809 4164 ut
834 4092 950 4162 nullus
974 4091 1051 4164 dux
1077 4112 1191 4184 neque
1214 4089 1366 4161 marchio
1392 4109 1506 4182 neque
1528 4107 1644 4159 comes
1667 4097 1729 4158 aut
1757 4085 1964 4171 vicecomes,

551 4219 646 4290 nulla
658 4226 809 4314 potestas
824 4225 884 4289 aut
896 4215 1033 4306 civitas,
1047 4217 1162 4287 nullus
1175 4215 1386 4304 consulatus,
1401 4215 1495 4285 nulla
1507 4212 1659 4306 deniquo
1672 4231 1820 4306 persona
1833 4208 1967 4282 humilis

552 4345 608 4416 vel
623 4345 711 4428 alta,
730 4343 894 4416 secularis
910 4343 967 4416 vel
983 4341 1227 4434 ecclesiastica,
1248 4341 1280 4412 ei
1297 4348 1471 4436 presumat
1488 4338 1632 4410 obviare
1650 4338 1706 4410 vcl
1720 4335 1899 4431 aliquibus
1915 4355 1966 4406 ca·

553 4465 761 4538 lumniarum
781 4467 916 4559 injuriis
934 4488 994 4538 seu
1013 4465 1151 4538 damnis
1166 4485 1242 4537 eam
1260 4464 1434 4537 ullomodo
1449 4463 1571 4536 vitiare
1584 4471 1774 4558 attemptet.
1793 4458 1896 4545 Quod
1910 4457 1964 4552 qui

555 4590 724 4662 leocritia
743 4594 907 4665 ultionem
926 4591 1125 4665 temeritatis
1138 4613 1201 4662 sue
1215 4600 1401 4686 componat
1412 4601 1550 4662 contum
1568 4589 1673 4660 libres
1690 4587 1766 4660 auri
1783 4585 1876 4682 puri,
1897 4603 1966 4654 mc·

555 4712 718 4786 dietatem
742 4715 910 4812 imperiali
931 4715 1013 4810 fisco
1035 4724 1069 4786 et
1091 4713 1262 4810 reliquum
1287 4714 1446 4808 injuriam
1469 4714 1590 4810 passis.
1609 4751 1657 4766 -
1670 4711 1781 4804 Hujus
1800 4709 1850 4782 rei
1870 4717 1966 4780 restas
