4368 5876
263 580 361 642 huot.
376 577 423 652 9.]
716 571 913 634 HISTORIA
939 569 1231 664 otwinotlatlca
1623 569 1677 631 lot

312 711 498 788 Federicus
520 710 584 784 Dei
608 707 717 804 gratia
734 709 966 783 Romanorum
989 707 1191 804 imperator,
1217 725 1354 802 semper
1378 714 1548 801 augustus
1561 715 1596 779 et
1615 729 1678 780 rex

264 837 391 930 Sicilie,
417 836 560 934 prelatis
576 833 819 923 ecclesiarum,
840 830 1044 920 comitibus,
1064 831 1254 905 baronibus
1272 839 1307 904 et
1322 829 1443 904 ceteris
1456 851 1517 926 per
1531 852 1678 925 regnum

264 962 380 1037 Sicilie
397 960 590 1038 constitutis
604 967 783 1056 presentes
796 959 925 1032 litteras
937 956 1143 1054 inspecturis
1156 955 1318 1031 fidelibus
1333 956 1406 1062 suis
1419 957 1565 1053 gratiam
1581 980 1679 1030 suam

264 1097 299 1161 et
318 1088 446 1160 bonam
467 1087 693 1159 voluntatem.
711 1083 807 1156 Licet
828 1080 1002 1155 serenitati
1026 1088 1142 1154 nostre
1164 1080 1300 1155 dudum
1323 1082 1429 1155 luerit
1450 1083 1548 1177 regni
1571 1091 1680 1156 status

264 1214 460 1308 incognitus
483 1221 520 1286 et
542 1210 764 1286 ecclesiarum
789 1229 853 1282 seu
878 1207 1024 1280 aliorum
1049 1205 1206 1281 lidelium
1231 1217 1425 1282 nostrorum
1449 1210 1528 1302 jura
1551 1209 1679 1282 luerint

267 1347 455 1434 occupata,
481 1335 620 1410 nemine
643 1334 809 1408 malitiam
833 1332 1046 1429 expellente,
1065 1353 1159 1406 nunc
1179 1343 1295 1406 tamen
1316 1355 1398 1406 cum
1415 1333 1531 1406 nullus
1555 1333 1684 1408 audeat

266 1461 304 1533 in
322 1461 504 1557 iniquitate
527 1458 719 1549 confidere,
743 1457 859 1532 omnia
875 1458 1039 1531 volumus
1053 1457 1121 1530 sub
1130 1458 1211 1551 jure
1227 1459 1402 1533 lucescere
1420 1468 1456 1532 et
1469 1469 1593 1533 cuncta
1615 1461 1682 1532 sub

268 1584 435 1680 regimine
449 1593 566 1658 nostro
585 1583 622 1656 in
639 1593 731 1656 statu
746 1580 881 1676 justitie
893 1582 1093 1654 reformare.
1110 1581 1264 1667 Quanam
1280 1581 1387 1677 igitur
1399 1590 1434 1656 et
1449 1583 1571 1678 quales
1584 1605 1685 1681 pres·

267 1731 367 1783 suras
386 1729 499 1804 usque
520 1707 568 1782 ad
589 1707 655 1781 bec
681 1716 835 1802 tempora
856 1706 1102 1780 monasterium
1124 1706 1327 1781 cassinense
1345 1729 1367 1780 a
1383 1707 1683 1804 predecessoribus

268 1834 393 1908 uostris
410 1833 574 1907 memorie
589 1831 772 1906 recolende
789 1830 945 1905 dotatum
963 1853 983 1904 a
998 1831 1096 1926 regui
1113 1832 1392 1927 persecutoribus
1410 1831 1455 1904 sit
1469 1853 1681 1928 perpessum,

268 1962 386 2032 tenore
411 1957 620 2053 presentium
645 1976 714 2029 non
736 1953 787 2055 (o)
807 1955 975 2030 duximus
998 1955 1219 2048 inserendas,
1242 1957 1305 2032 sed
1331 1957 1379 2032 ad
1397 1959 1473 2051 ejus
1492 1958 1683 2032 remedium

268 2083 420 2176 benigrm
440 2082 596 2156 volentes
620 2080 818 2171 intendere,
834 2102 880 2154 ue
900 2082 945 2156 de
966 2090 1079 2156 cetero
1091 2083 1171 2176 jura
1189 2083 1299 2178 ipsius
1317 2082 1362 2154 ab
1384 2081 1561 2177 aliquibus
1583 2093 1685 2179 prout

269 2207 436 2282 hactenus
462 2215 660 2298 teneantur,
687 2205 845 2280 lidelitati
873 2215 988 2280 vestre
1014 2207 1220 2281 mandamus
1241 2216 1276 2280 et
1305 2208 1372 2280 sub
1400 2208 1543 2281 obtentu
1576 2207 1685 2301 gratie

270 2330 564 2407 nostredistricte
586 2331 797 2429 precipimus
819 2340 992 2426 quatenus
1015 2352 1234 2427 quecumque
1256 2332 1304 2407 ad
1321 2333 1491 2428 prelatum
1509 2341 1685 2405 monaste-

167 2497 173 2510 ·
270 2457 359 2530 riom
373 2456 430 2530 vel
449 2455 560 2553 ipsius
579 2455 742 2530 ecclesias
762 2455 998 2550 suffraganeas
1017 2455 1263 2530 rationabiliter
1279 2457 1486 2553 pertinentia
1503 2457 1685 2534 noscimini

271 2580 425 2655 detincre
446 2581 522 2654 sine
545 2579 661 2674 aliqua
679 2579 844 2654 dilatione
866 2602 908 2653 ac
933 2579 1133 2654 difficultate
1155 2580 1327 2673 reddatis,
1353 2581 1502 2655 scientes
1525 2603 1589 2655 nos
1606 2584 1686 2656 Ste-

271 2707 350 2780 lano
374 2704 562 2778 venerabili
587 2704 780 2778 cassinensi
800 2705 917 2778 abbati
932 2713 1133 2802 potestatem
1154 2715 1189 2779 et
1213 2705 1386 2779 licentiam
1411 2707 1622 2781 concessisse
1646 2717 1686 2780 ut

270 2849 490 2926 quecumque
508 2828 554 2903 ad
576 2829 692 2926 ipsum
714 2829 960 2904 monesterium
980 2831 1039 2904 vel
1057 2830 1132 2923 ejus
1156 2831 1318 2904 ecclesias
1336 2831 1382 2906 de
1402 2833 1481 2926 jure
1496 2831 1685 2929 spectantia

272 2954 447 3043 distracta,
465 2961 633 3048 occupata
645 2953 702 3026 vel
720 2952 867 3026 alienata
884 2952 920 3024 in
937 2951 1047 3048 ipsius
1063 2953 1264 3048 putamine
1283 2953 1467 3048 invenerit,
1484 2955 1686 3030 auctoritate

272 3077 440 3174 imperiali
456 3099 525 3151 non
539 3077 697 3150 obstante
710 3077 857 3171 alicujus
875 3077 1145 3152 contradictione
1162 3101 1224 3174 per
1241 3101 1279 3152 se
1295 3080 1407 3154 valeat
1422 3080 1575 3178 recipere
1591 3091 1626 3154 et
1638 3079 1684 3156 ad

272 3224 362 3301 opus
379 3202 575 3276 monasterii
591 3223 765 3276 revocare.

320 3329 446 3402 Datum
461 3326 618 3423 Neapoli,
635 3327 709 3400 llll⁰
727 3325 894 3420 januarii,
913 3325 1103 3402 indictione
1117 3328 1230 3401 llllll·.

491 3695 541 3707 ..—
549 3695 1276 3705 mmm—um
1282 3697 1456 3708 ——u———u-

326 4008 558 4117 Fridericus,
574 4009 834 4094 Romanorum
861 4010 1085 4120 imperator,
1105 4011 1335 4096 monasterio
1359 4012 1573 4098 cassinensi
1596 4042 1687 4099 con-
1759 4035 1862 4132 ’Μ

273 4143 373 4226 cedit
386 4153 431 4227 ut
443 4141 573 4228 ballivi
591 4152 629 4226 et
637 4143 784 4254 judices
797 4153 919 4227 terrae
936 4143 1055 4253 ipsius
1074 4144 1291 4228 monasterii
1305 4145 1433 4229 civiles
1446 4149 1685 4258 quaestiones
1736 4135 1740 4142 ’

273 4274 475 4359 hominum
490 4274 780 4388 abbatiaejuxtn
788 4276 1079 4361 consuetudines
1093 4276 1202 4388 regni
1216 4277 1687 4368 audiantetdctcrmineut

273 4405 452 4516 finaliter,
468 4434 546 4492 nou
568 4407 743 4492 obstante
760 4408 1012 4519 appellatione
1028 4418 1115 4494 ante
1128 4410 1368 4498 diffinitivam
1390 4414 1615 4500 seutentiam
1638 4417 1687 4502 ad

274 4539 511 4652 majestatem
533 4542 769 4652 imperialem
794 4543 1029 4654 interposita.

315 4726 357 4808 (a)
379 4729 415 4791 ln
427 4727 579 4793 codicibus
592 4747 681 4808 ncnc,
695 4733 796 4796 mlnus
812 4739 913 4797 nosba
927 4726 1071 4796 cannuca
1085 4739 1174 4798 reeb.
