4292 5894
541 533 602 596 320
1042 533 1255 598 carnanter
1280 534 1457 599 accusor
1766 529 1848 618 [Aa
1867 533 1949 596 lm

542 669 687 740 aliorum
713 667 972 765 quamplurium
999 677 1069 741 tam
1095 668 1230 766 imperii
1258 691 1365 766 qnam
1392 667 1491 766 regni
1512 677 1732 764 magnatum,
1751 669 1952 743 excellentie

542 801 657 866 nostre
673 792 848 867 humiliter
865 793 1075 891 supplicavit
1092 805 1131 866 nt
1153 793 1271 890 quoad
1294 795 1472 894 imperiale
1493 803 1626 891 spectat
1648 793 1802 868 officium
1826 793 1953 867 exinde

541 919 702 1014 prosequi
719 917 954 1014 dignaremur.
971 921 1040 992 Nos
1061 919 1167 1016 igitur
1183 931 1377 1018 protervam
1396 919 1630 1018 predictorum
1647 921 1812 994 comitum
1833 931 1950 994 contu·

542 1043 688 1116 muciam
704 1043 931 1137 attendentes,
951 1044 997 1121 ad
1018 1045 1216 1141 petitionem
1231 1067 1373 1142 qnoque
1390 1046 1534 1144 predicti
1549 1045 1817 1120 Constantiensis
1836 1046 1951 1123 dioce-

541 1169 616 1242 sani
643 1169 796 1265 episcopi
818 1171 918 1261 onjos
939 1191 1120 1242 censuram
1142 1170 1407 1244 ecclesiasticam
1428 1171 1491 1245 Dei
1515 1170 1637 1244 timere
1660 1173 1849 1266 postposito
1872 1170 1950 1243 dicti

541 1293 684 1366 comites
699 1314 761 1388 per
778 1293 978 1382 triennium,
989 1294 1080 1366 siout
1094 1294 1269 1387 asseritur,
1284 1303 1538 1368 contemnentes
1548 1293 1594 1368 ab
1611 1294 1829 1368 intestatione
1847 1293 1951 1388 ipsios

541 1418 685 1492 ecclesie
698 1439 767 1491 non
783 1418 973 1510 desistunt,
995 1439 1075 1490 com
1093 1417 1262 1492 absonum
1277 1420 1324 1492 sit
1340 1420 1484 1515 imperio
1502 1429 1619 1492 nostm
1632 1427 1702 1492 tarn
1714 1439 1873 1491 enormes
1891 1439 1951 1490 ec-

541 1541 655 1614 clesiis
673 1542 734 1614 Dei
755 1542 937 1616 violentias
959 1541 1103 1632 irrogari
1118 1563 1207 1636 quas
1224 1563 1272 1614 ex
1289 1543 1411 1616 collata
1428 1543 1529 1616 nobis
1544 1541 1761 1638 plenitudine
1777 1541 1951 1640 potestatis

542 1665 723 1740 defensare
741 1665 855 1740 modis
872 1665 1034 1739 omnibns
1054 1677 1089 1738 et
1107 1665 1224 1739 lovere
1242 1677 1411 1759 tenemur,
1437 1666 1656 1764 presentibus
1674 1665 1840 1763 predictis
1857 1665 1952 1762 prin·

542 1791 678 1889 cipibus
696 1801 731 1864 et
744 1791 866 1864 ceteris
879 1799 949 1864 tam
967 1791 1102 1887 imperii
1119 1813 1225 1886 qnam
1247 1791 1344 1887 regni
1361 1791 1599 1886 magnatibus,
1620 1791 1794 1888 predictos
1813 1793 1952 1866 comites

543 1915 910 1990 excommunicationis
945 1915 1149 1988 senteutiam
1182 1924 1439 1990 contemnentes
1464 1917 1711 1990 sententialiter
1744 1916 1954 2012 proscriptos

544 2041 812 2134 denunciamus,
837 2037 1042 2112 mandantes
1066 2039 1159 2134 ipsos
1180 2038 1226 2113 de
1246 2051 1360 2114 cetero
1375 2041 1471 2114 velut
1484 2041 1694 2137 proscriptos
1718 2041 1765 2114 ab
1791 2038 1953 2113 omnibns

543 2165 677 2237 evitari.
695 2166 850 2238 Preterea
864 2165 1023 2238 Heinrioo
1038 2163 1268 2237 Romanorum
1283 2165 1356 2260 regi
1370 2164 1441 2238 lilio
1458 2175 1572 2238 nostro
1594 2187 1656 2262 per
1676 2166 1803 2238 litteras
1821 2173 1952 2238 nostras

543 2287 705 2362 dedimus
722 2290 759 2362 in
781 2287 953 2363 mandatis
974 2296 1012 2360 nt
1031 2286 1171 2361 eosdem
1189 2289 1330 2363 comites
1348 2311 1411 2384 pro
1430 2286 1593 2385 predictis
1615 2287 1808 2361 memoratis
1827 2309 1952 2361 eroes·

541 2413 638 2486 sibus
654 2415 861 2510 proscriptos
878 2412 1071 2505 denuntiet,
1088 2422 1123 2486 et
1137 2413 1185 2486 ab
1199 2414 1274 2510 ipsa
1290 2413 1534 2509 proscriptione
1546 2413 1639 2510 ipsos
1648 2411 1867 2485 decernimus
1885 2431 1951 2484 non

541 2538 743 2629 solvendos,
764 2539 831 2612 nisi
849 2538 1003 2634 predicto
1027 2539 1201 2634 preposito
1224 2537 1398 2633 condigne
1422 2537 1633 2612 satisfaciant
1654 2545 1690 2609 et
1713 2537 1859 2610 ecclesie
1891 2557 1952 2608 sue

543 2665 633 2738 sicut
649 2662 789 2738 debent.

588 2789 712 2862 Datum
737 2789 773 2860 in
797 2788 985 2884 Campania
1002 2790 1102 2886 'apud
1119 2789 1271 2863 Montem
1288 2788 1404 2862 Sancti
1421 2789 1587 2862 lobannis
1601 2785 1672 2884 (l),
1696 2785 1756 2860 die
1775 2785 1885 2858 xxm
1903 2783 1951 2880 (a)

542 2911 718 3004 febroarii,
735 2913 781 2986 lll
797 2913 997 2988 indictione.

340 3635 416 3784 uon}
433 3647 460 3730 us
504 3687 521 3731 tl

593 3595 823 3702 FridericuS,
842 3595 1102 3679 Romanorum
1125 3595 1349 3706 imperator,
1368 3593 1592 3701 comitibus,
1612 3591 1841 3698 baronibus,
1858 3591 1945 3704 jus-

384 3699 505 3840 tffi
537 3729 717 3837 ticiariis,
746 3726 963 3811 camerariis
990 3729 1223 3840 caeterisque
1252 3728 1476 3813 officialibus
1511 3754 1579 3838 per
1613 3751 1777 3838 regnum
1805 3723 1947 3809 Siciliae

538 3863 752 3950 constitutis
773 3859 932 3944 mandat
952 3886 1001 3944 nc
1017 3862 1293 3946 monasterium
1313 3861 1556 3968 cassinense,
1576 3859 1811 3945 obedientias
1829 3868 1867 3941 et
1883 3857 1948 3940 ho

538 3999 661 4082 mines
682 3996 802 4108 ipsius
823 3991 994 4104 qualibet
1015 3994 1210 4082 exactione
1231 4021 1390 4106 grarma
1413 4003 1678 4104 praesumant,
1700 3993 1768 4078 sed
1785 3992 1840 4078 eis
1857 4016 1947 4074 con-

369 3741 381 3782 J

352 3795 380 3838 28

580 4215 623 4294 (a)
644 4211 896 4294 tpdullllmann
904 4201 1943 4292 narrt-Ap.aurigarum-Ap.actumstnerrgottmll,

541 4325 662 4384 rectlna

580 4663 602 4732 (t
607 4667 617 4735 p
636 4659 742 4720 Scilicet
757 4661 847 4720 Monte
860 4661 914 4720 San
925 4659 1070 4730 dionensi,
1087 4657 1176 4718 media
1186 4658 1231 4718 via
1242 4658 1393 4732 Cepranum
1405 4657 1476 4716 inter
1487 4663 1516 4716 et
1531 4655 1652 4716 Venias.
