4298 5898
129 655 135 663 ·
208 625 307 687 huten
325 621 388 699 ts]
662 619 859 684 HISTORIA
883 616 1176 683 structiones.
1566 617 1627 682 483

209 760 314 833 homo
337 757 472 854 aliquid
497 756 716 832 malefactum
738 759 1012 855 pertractarent,
1038 777 1109 852 quo
1131 754 1309 828 malefacto
1333 755 1540 828 monasterio
1561 755 1624 828 ab·

207 883 357 978 judicari
383 881 529 973 debeat,
550 883 680 979 etipse
702 883 961 979 quomodolibet
976 881 1059 955 inde
1083 878 1233 953 evaserit
1255 887 1290 952 et
1310 879 1357 954 ad
1379 879 1625 953 monasterium

210 1006 326 1104 ipsum
351 1007 556 1100 coniugium
585 1007 721 1100 lecerit,
751 1029 853 1082 nemo
876 1031 956 1082 eum
980 1003 1220 1103 apprehendat
1242 1004 1299 1077 vel
1319 1003 1356 1074 in
1377 1023 1459 1078 eum
1483 1025 1625 1078 manum

211 1132 335 1206 mittat.
365 1135 561 1206 Statueutes
590 1141 626 1204 et
654 1133 823 1229 imperiali
846 1132 1012 1208 auctorite
1039 1128 1232 1204 sancientes
1258 1127 1355 1222 quod
1382 1128 1499 1202 nullus
1525 1127 1621 1221 dux,

211 1256 329 1330 nullus
354 1256 525 1349 marchio,
554 1256 651 1331 nulla
675 1256 829 1353 denique
850 1279 997 1356 persona
1020 1255 1163 1329 humilis
1189 1254 1245 1328 vel
1264 1253 1355 1346 alta,
1377 1254 1543 1328 secularis
1562 1277 1625 1329 seu

210 1381 462 1472 ecclesiastica,
491 1389 609 1456 contra
631 1380 827 1479 predictum
856 1381 1121 1474 monasterium,
1146 1379 1308 1469 abbatas,
1336 1377 1458 1454 tranas
1486 1387 1522 1453 et
1545 1401 1624 1455 suc

211 1527 363 1580 cessores
388 1527 509 1580 eorum
534 1507 571 1580 in
605 1507 764 1604 personis
790 1505 1052 1598 ecclesiasticis,
1082 1504 1300 1596 homiuibus,
1326 1503 1536 1579 animalibus
1561 1527 1625 1580 seu

143 1663 146 1668 ·
211 1631 425 1728 quibuslibet
449 1630 551 1705 bouis
573 1631 647 1705 suis
666 1631 795 1706 audeat
816 1632 997 1707 molestare
1017 1631 1074 1706 vel
1102 1629 1266 1704 indebitis
1292 1629 1534 1704 exactionibus
1560 1652 1627 1723 ag-

211 1778 358 1852 gravare
373 1762 562 1853 presumat.
583 1755 802 1853 Quicumque
823 1765 939 1832 autem
956 1765 1075 1830 contra
1092 1754 1183 1829 hauc
1199 1751 1467 1828 confirmationis
1483 1763 1518 1828 et
1535 1775 1625 1828 con-

212 1879 377 1956 cessionis
399 1881 563 1977 paginam
581 1902 671 1956 ausu
698 1881 880 1956 temerario
896 1883 947 1955 ire
968 1879 1231 1978 presumpserit,
1251 1880 1337 1954 iram
1362 1888 1478 1954 nostre
1494 1881 1627 1976 majes-

210 2003 291 2076 tatis
321 2003 476 2077 incurrat
502 2012 538 2078 et
564 2014 702 2078 centum
733 2005 899 2079 librarum
928 2007 1004 2079 auri
1037 2003 1212 2102 purissimi
1239 2025 1328 2101 pene
1350 2003 1537 2098 subjaceat.
1569 2005 1627 2082 Ad

211 2128 316 2221 huius
332 2137 448 2201 autem
465 2130 700 2226 protectionis,
716 2129 984 2204 confirmationis
1002 2140 1037 2204 et
1051 2130 1282 2205 concessionis
1296 2138 1411 2205 nostre
1425 2131 1625 2207 memoriam

211 2263 247 2328 et
270 2263 471 2349 perpetuam
496 2253 712 2350 firmitatem,
738 2276 880 2353 presens
908 2256 1074 2352 scriptum
1096 2255 1179 2330 iude
1202 2253 1278 2329 lieri
1300 2263 1336 2329 et
1360 2265 1476 2330 nostre
1498 2259 1627 2352 majes-

211 2379 291 2452 tatis
308 2378 421 2474 sigillo
435 2379 603 2471 jussimus
617 2381 844 2474 communiri,
860 2403 972 2476 anuo,
1000 2401 1120 2456 meuse
1142 2390 1177 2454 et
1201 2379 1391 2455 indictione
1406 2380 1622 2479 subscriptis.

139 2513 143 2524 ·
260 2505 385 2575 Datum
411 2504 536 2599 Fugio,
563 2528 656 2583 anuo
684 2507 857 2582 dominice
881 2506 1128 2582 iucarnationis
1152 2505 1350 2599 Mcexxv,
1377 2527 1496 2581 mense
1521 2507 1625 2602 maii,

211 2631 289 2705 ΧΠ]
305 2632 518 2724 indictionis,
534 2641 600 2706 etc.

266 3208 499 3320 Fridericus,
519 3215 781 3302 Romanorum
798 3219 1020 3333 imperator,
1039 3223 1178 3308 iterum
1195 3234 1353 3309 renovat
1375 3232 1413 3309 et
1429 3223 1630 3311 coufirmat
1688 3257 1797 3357 affl.

212 3343 323 3430 Petro
338 3346 514 3460 episcopo
526 3349 752 3436 Massiliensi
770 3354 1012 3468 privilegium
1030 3356 1138 3440 alteri
1156 3357 1333 3468 episeopo
1347 3359 1516 3446 nominis
1528 3360 1631 3473 ejus·

214 3475 304 3560 dem
321 3478 371 3564 ab
388 3479 616 3591 imperatore
631 3482 820 3572 Fridcrioo
837 3488 963 3598 primo
980 3516 1051 3578 avo
1070 3516 1141 3577 suo
1155 3490 1363 3576 indultum.

296 3700 421 3780 (lnedtt.
443 3708 476 3767 lu
496 3707 576 3768 meh.
593 3710 733 3788 praetect.
749 3712 956 3786 Massiliensis,
972 3715 1040 3776 coll.
1057 3732 1096 3778 ex
1109 3716 1227 3780 duobus
1242 3719 1472 3796 exemplaribus,
1487 3717 1626 3803 Perconi.

334 3819 366 3870 u⁰
381 3819 419 3872 aa
433 3820 464 3874 et
473 3813 584 3896 licceat.
602 3833 690 3896 spec,
703 3817 755 3880 fol.
774 3828 809 3881 15
822 3827 853 3881 et
868 3829 917 3884 to.
931 3822 1032 3897 Quum
1046 3831 1204 3886 moeretur
1217 3825 1254 3886 de
1267 3825 1358 3888 vobo
1370 3825 1410 3888 ati
1427 3825 1553 3890 verbum
1566 3831 1630 3906 prt-

333 3917 473 3996 vlleglum
488 3923 554 3998 lam
571 3938 661 4002 supra
673 3941 865 4003 expressum,
879 3941 910 4004 p.
927 3934 985 3988 att
1000 3934 1029 3988 et
1048 3945 1146 4007 seqq„
1160 3927 1244 4011 loco,
1257 3945 1354 4012 anuo,
1368 3949 1469 3994 meuse
1486 3939 1517 3994 et
1532 3933 1629 3996 intlle-

333 4023 414 4084 tloue
424 4025 609 4091 solummodo
621 4033 760 4108 mutatis,
774 4050 835 4094 uon
848 4033 905 4096 hoc
917 4033 1061 4098 (luximus
1073 4035 1443 4100 denuotrauscribcntlum.
1453 4038 1557 4102 Gauda
1569 4055 1627 4104 au·

334 4135 395 4192 tem
409 4135 556 4215 privilegll
568 4143 599 4198 ct
611 4143 688 4200 nota
702 4139 916 4220 chucuolcgtcc
933 4143 975 4203 lta
987 4147 1057 4204 suut
1068 4143 1097 4219 r)

263 4325 319 4400 Ad
342 4325 446 4424 hujus
468 4342 584 4409 autem
607 4339 849 4415 renovacionis
873 4350 909 4416 et
933 4340 1202 4418 confirmationis
1229 4352 1344 4418 nostre
1367 4345 1568 4420 memoriam
1592 4356 1629 4423 et

215 4451 321 4522 robur
346 4453 382 4525 iu
408 4468 614 4552 perpetuum
637 4464 826 4538 valiturum
850 4487 992 4562 presens
1015 4467 1234 4564 privilegium
1260 4469 1431 4544 conscribi
1452 4479 1487 4545 et
1512 4481 1628 4548 nostre

216 4576 402 4668 majestatis
413 4583 582 4674 jussimus
600 4587 713 4684 sigillo
732 4591 927 4687 specialiter
942 4591 1147 4666 communiri
1164 4592 1229 4690 (a).

257 4748 301 4833 (a)
323 4753 420 4818 Locus
433 4759 506 4842 nte,
518 4763 665 4827 aenaea
677 4771 739 4842 et,
755 4767 911 4846 pannum
924 4765 1403 4852 compensaturum
