4292 5894
252 553 349 614 rann.
368 547 429 633 ra]
700 543 896 606 arsrorua
921 505 1212 607 nrnnouarrca
1599 536 1659 600 aas

253 683 513 772 desheimenais,
526 681 689 755 Albertns
701 680 933 775 Tridentinus,
950 682 1155 756 Bertholdus
1166 679 1392 770 Brixinensis,
1405 678 1553 751 lacobus
1568 678 1658 749 Tau·

251 810 418 901 rinensis,
441 807 610 880 llenricus
628 805 951 898 Wormatiensis‚...
973 806 1277 896 verdunensis‚...
1295 803 1547 877 valentinensis
1570 793 1659 896 opis·

252 933 351 1029 copi,
372 935 474 1025 lingo
497 930 607 1002 abbas
626 927 876 1019 Morbncensis,
895 929 1063 1002 Henricus
1084 928 1371 1012 constantiensis,
1390 927 1469 999 Otto
1488 925 1660 1021 Aquensis

251 1056 434 1153 prepositi,
452 1055 573 1127 Petrus
592 1053 682 1124 alrne
702 1052 798 1125 urbis
818 1055 1007 1148 prefectus,
1027 1053 1232 1126 Wilbelmns
1252 1052 1405 1126 marchio
1420 1049 1657 1140 Montislerati,

251 1178 447 1276 Diopuldus
461 1177 615 1251 marchio
634 1176 680 1250 do
700 1176 928 1270 llohenburg‚
951 1176 1149 1273 Raynaldus
1168 1176 1245 1249 dux
1261 1175 1406 1272 Spoleti,
1431 1195 1546 1248 comes
1564 1175 1662 1244 Hen-

252 1304 345 1376 ricus
369 1302 416 1376 de
441 1302 538 1394 iliez,
567 1321 682 1373 comes
706 1301 854 1374 Siiridus
873 1301 919 1374 de
939 1301 1089 1390 Viande,
1115 1322 1231 1374 comes
1252 1300 1434 1373 Heinricus
1455 1298 1500 1372 de
1521 1296 1663 1370 Woldc·

252 1428 351 1518 berc,
371 1447 486 1500 comes
503 1425 685 1498 Heinricus
702 1423 748 1498 de
764 1425 961 1510 Everstein,
987 1424 1181 1498 Bernardns
1200 1424 1246 1498 de
1265 1427 1477 1516 Hurstemar,
1493 1422 1663 1495 Henricus

253 1551 298 1624 de
319 1551 430 1624 Nillen
453 1548 524 1646 (o),
548 1550 768 1624 Eberhardus
793 1549 838 1625 de
862 1551 1115 1643 Winterstetin,
1139 1549 1334 1624 Willalmns
1359 1549 1404 1622 de
1428 1546 1659 1643 Aquisgrano‚

253 1673 429 1748 Conradns
447 1673 492 1748 de
505 1673 634 1747 Werda
652 1673 758 1746 etalii
774 1676 1008 1769 quamplures.

301 1799 445 1894 Signum
462 1797 594 1872 domini
608 1797 772 1870 Friderici
791 1797 934 1876 secundi
951 1797 1166 1872 invictissimi
1184 1799 1414 1872 Romanorum
1433 1797 1658 1893 imperatoris,

253 1944 387 2017 semper
404 1923 543 2017 angusti
556 1931 592 1994 et
604 1922 697 2016 ragis
713 1920 839 1994 Sicilie.
880 2008 887 2022 ν

301 2045 386 2118 Acta
400 2055 482 2118 sunt
497 2045 562 2120 hcc
579 2065 672 2118 anno
690 2044 863 2118 dominice
879 2045 1123 2120 incarnationis
1139 2047 1237 2119 MCC
1252 2047 1375 2139 XXlll,
1392 2067 1511 2121 mense
1523 2047 1658 2140 martio,

254 2168 440 2244 indictione
454 2170 515 2242 Xl.

303 2295 425 2366 Datum
440 2291 535 2388 apud
550 2294 782 2380 Ferentinum,
799 2314 903 2385 anno,
922 2315 1041 2368 mense
1055 2306 1088 2368 et
1107 2295 1295 2369 indictione
1309 2295 1517 2392 prescriptis.

274 2915 276 2920 ·
308 2869 534 2976 Fridericus,
549 2871 809 2954 Romanorum
827 2869 1047 2978 imperator,
1063 2870 1247 2952 uniuersis
1265 2896 1334 2979 per
1349 2871 1550 2979 imperium
1571 2896 1663 2956 con·
1703 2897 1846 2995 puppem

256 3003 396 3086 stitutis
418 3010 554 3084 notum
576 3000 666 3086 lacit
688 3003 929 3112 privilegium
946 3028 969 3083 a
987 3027 1028 3086 se
1048 3002 1132 3111 ipso
1155 3002 1334 3111 hospitali
1353 3004 1511 3087 Sanctae
1525 3004 1666 3091 Mariae
1691 2979 1870 3060 ΨΜ·

256 3130 577 3218 Theutnnioorum
589 3134 782 3218 indultum
800 3160 915 3243 super
931 3135 1097 3217 ecclesiis
1115 3134 1352 3238 vacantibus,
1371 3135 1555 3219 deliniens
1571 3137 1665 3246 quid

255 3277 424 3376 tempore
439 3265 648 3350 vacafionis
669 3276 707 3350 et
727 3276 814 3376 post
831 3267 1062 3376 completum
1080 3293 1226 3351 annum
1244 3267 1294 3350 sit
1316 3271 1522 3396 agendum.

334 3483 428 3560 (Edit.
449 3498 496 3560 ap.
518 3479 685 3543 brandeas.
713 3481 990 3565 usurpatiompuclt.
1020 3492 1070 3547 98.
1088 3516 1128 3530 -
1148 3483 1292 3557 Hennes,
1318 3480 1385 3544 Cori
1412 3481 1473 3544 ord
1497 3482 1663 3547 Tleotonia.

375 3602 406 3664 p.
423 3595 472 3662 os,
488 3597 521 3648 n⁰
537 3597 587 3649 64.
606 3589 719 3649 Extant
736 3591 768 3648 ln
782 3589 903 3649 archivo
916 3589 1125 3667 stuttgartensl
1139 3589 1199 3650 tino
1212 3589 1303 3668 hujus
1315 3590 1460 3668 privlleglt
1472 3591 1663 3670 exemplarla,

375 3693 463 3753 ambo
477 3694 647 3772 orlglnnlla,
660 3711 787 3772 quornm
800 3709 895 3756 unnm
906 3697 1012 3756 retinet
1027 3693 1125 3756 adhuc
1138 3695 1267 3774 sigillum
1281 3711 1370 3756 suum
1382 3712 1499 3757 cereum
1510 3696 1569 3758 lilla
1581 3713 1664 3760 ama·

375 3799 505 3861 runtblnl
520 3801 627 3862 culorls
639 3799 825 3880 appensum.)

305 3982 498 4056 Fridericus
518 3985 581 4058 Dei
604 3984 713 4076 gratia
734 3987 966 4059 Romanorum
984 3986 1180 4080 imperator,
1201 4005 1337 4081 semper
1358 3995 1527 4080 augustus
1543 3995 1579 4058 et
1601 4007 1664 4061 rex

257 4106 389 4198 Sicilie,
407 4107 542 4180 dilectis
553 4109 768 4205 principibus
784 4109 875 4202 suis,
894 4109 1034 4204 prelatis
1044 4109 1292 4202 ecclesiarum,
1313 4109 1588 4202 marchionibus,
1604 4131 1663 4184 co·

256 4231 412 4321 mitibus,
431 4232 597 4326 scultetis,
617 4233 808 4323 advocatis,
828 4232 1125 4322 ministerialibus,
1141 4232 1345 4306 officialibus
1362 4242 1398 4308 ct
1416 4233 1586 4308 universis
1602 4255 1665 4329 per

258 4355 439 4450 imperium
452 4356 644 4430 constitutis
652 4357 780 4452 quibus
793 4365 971 4454 presentes
985 4357 1093 4430 littere
1103 4356 1386 4446 ostenseluerint,
1398 4355 1559 4431 fidelibus
1573 4359 1659 4452 suis,

258 4477 402 4571 gratiam
426 4490 578 4552 suamet
600 4502 702 4553 omne
726 4481 870 4555 bonurn.
892 4481 1111 4555 Universitati
1129 4490 1237 4553 vestre
1262 4490 1380 4554 notum
1407 4479 1480 4554 lieri
1503 4484 1663 4557 volumus

300 4650 343 4734 (ι)
364 4653 419 4733 ap.
434 4656 584 4720 niernum
597 4655 633 4719 u
645 4656 759 4740 ηψπ,
772 4659 861 4722 mue.
