4368 5876
541 557 583 618 9'1·
1044 557 1259 616 FlilDElllCl
1286 559 1461 618 sucuro!
1769 561 1851 639 [rias.
1870 561 1953 622 1221.

543 711 732 785 omnesque
754 691 874 763 tratres
898 691 983 762 inibi
1007 690 1148 764 dominu
1165 692 1386 782 famulantes,
1410 693 1499 766 bona
1520 703 1710 788 quoquest
1725 696 1956 789 possessiones

544 815 701 908 ejusdem
722 816 919 888 monasterii
941 838 1029 910 quas
1049 839 1096 890 ex
1119 838 1212 888 nnnc
1224 816 1318 908 juste
1334 817 1439 890 habet
1462 819 1518 890 vel
1543 818 1579 890 in
1604 828 1777 914 posterum
1797 822 1869 892 Deo
1889 843 1954 894 an·

545 952 673 1014 nuente
700 941 878 1036 acquirere
904 941 1149 1015 rationabiliter
1174 943 1318 1038 poterit,
1339 943 1406 1016 sub
1433 953 1583 1016 nostram
1602 943 1810 1038 imperialem
1833 946 1954 1016 mnni-

547 1067 672 1138 tionem
697 1077 731 1137 et
755 1067 1000 1160 protectionem
1025 1068 1258 1160 suscepimus;
1289 1067 1404 1162 ipsurn
1425 1067 1585 1140 abbatem
1603 1067 1707 1140 etiam
1726 1079 1886 1164 suscepta
1909 1069 1954 1141 ab

544 1211 587 1261 eo
608 1187 725 1260 debita
750 1185 914 1260 fidelitate
933 1210 1013 1260 cum
1037 1187 1191 1261 dominio
1210 1186 1254 1260 de
1271 1188 1365 1260 omni
1388 1189 1519 1262 honore
1536 1199 1571 1262 et
1585 1194 1664 1282 jure
1682 1211 1746 1261 suu
1761 1190 1954 1263 solemniter

544 1313 798 1386 investivimus.
817 1313 912 1386 Bona
930 1323 964 1386 et
980 1313 1225 1410 possessiones,
1241 1321 1366 1406 curtes,
1385 1323 1508 1406 castra,
1525 1314 1786 1388 communitates
1801 1316 1954 1408 etjuris-

544 1437 712 1511 dictiones
731 1459 821 1532 quas
843 1439 948 1511 nostri
966 1449 1200 1512 antecessores
1218 1460 1316 1533 reges
1338 1447 1372 1512 st
1386 1439 1608 1534 imperatores
1634 1439 1780 1532 longevo
1804 1449 1954 1534 tempore

544 1562 657 1636 eidem
692 1563 898 1636 monasterio
930 1565 1148 1637 contulerunt
1178 1573 1213 1636 et
1241 1564 1314 1636 suis
1339 1563 1528 1659 privilegiis
1555 1561 1864 1654 confirmaverunt,
1893 1584 1956 1635 nos

543 1707 684 1780 quoque
700 1684 747 1758 ad
768 1686 993 1760 imitationem
1016 1687 1132 1760 inclite
1150 1688 1313 1760 memorie
1331 1688 1440 1782 patris
1457 1686 1564 1760 nostri
1585 1687 1722 1759 Henrici
1737 1687 1955 1759 christianis-

545 1810 623 1882 simi
647 1811 862 1906 imperatoris
881 1821 916 1884 et
934 1812 1079 1885 aliorum
1100 1821 1294 1886 nostrorum
1316 1811 1595 1907 predecessorum
1621 1833 1669 1883 ex
1692 1812 1860 1907 imperiali
1879 1813 1954 1884 cle-

545 1936 675 2010 mentia
699 1936 732 2008 ei
752 1935 974 2009 concedimus
991 1945 1026 2010 et
1045 1959 1093 2009 ex
1116 1947 1208 2010 certa
1230 1937 1372 2010 scientia
1396 1937 1611 2032 impertimur
1628 1945 1663 2010 et
1679 1937 1953 2022 corroboramus

544 2061 635 2135 sicut
661 2061 736 2157 ipse
755 2062 1004 2157 possessiones,
1029 2061 1210 2157 privilegia
1225 2071 1261 2135 et
1269 2064 1349 2156 jura
1369 2061 1512 2134 interius
1534 2059 1769 2134 denotantur:
1793 2060 1954 2134 videlicet

545 2195 678 2260 curtem
691 2185 869 2260 Hostiliam
882 2209 961 2259 cum
974 2187 1116 2278 honore,
1130 2187 1306 2274 comitatu,
1319 2185 1571 2280 jurisdictione,
1589 2186 1762 2278 theloneo,
1780 2185 1955 2280 regalibus

545 2310 718 2398 omnibus,
738 2310 896 2384 districtu
916 2311 953 2382 in
968 2313 1169 2408 episcopatu
1186 2321 1222 2384 et
1239 2311 1402 2385 comitatu
1424 2311 1610 2384 Veronensi
1627 2332 1707 2382 cum
1724 2309 1825 2406 plebe
1841 2311 1954 2408 Sancti

543 2434 717 2508 Laurentii
739 2445 773 2506 et
795 2436 926 2531 capella
954 2435 1069 2507 Sancti
1092 2435 1256 2524 Romani,
1277 2435 1377 2526 culus
1400 2431 1487 2506 fines
1510 2441 1592 2505 sunt
1614 2456 1635 2507 a
1660 2433 1754 2507 Pado
1776 2454 1888 2526 usqua
1909 2433 1955 2506 ad

542 2567 647 2657 caput
670 2561 852 2632 Turmonis
873 2569 908 2632 et
925 2583 945 2632 a
962 2562 1054 2631 lossa
1076 2559 1185 2631 Lubia
1208 2579 1321 2652 usque
1336 2558 1382 2630 ad
1398 2559 1524 2630 somam
1543 2558 1672 2652 regiam
1692 2566 1726 2630 et
1750 2555 1953 2630 Polettinum

538 2686 642 2777 juxta
666 2694 817 2757 castrum
834 2684 974 2772 lieven,
995 2683 1124 2754 scilicet
1142 2683 1177 2752 in
1198 2683 1320 2756 eodem
1342 2681 1542 2778 episcopatu
1564 2691 1713 2752 castrum
1733 2681 1848 2754 Sancti
1868 2681 1956 2753 Petri

541 2807 588 2882 ad
604 2807 849 2882 monasterium
865 2831 946 2881 cum
962 2809 1124 2881 omnibus
1139 2807 1352 2904 appendiciis
1367 2819 1401 2880 el
1423 2807 1566 2880 decimis
1585 2828 1718 2880 necnon
1735 2807 1857 2880 silvam
1875 2828 1954 2878 cunr

542 2933 710 3005 territorio
726 2954 797 3027 qus
820 2944 965 3006 vocatur
982 2934 1159 3006 Panletum
1182 2935 1283 3004 sitam
1305 2935 1341 3005 in
1359 2935 1492 3006 Fissaro
1507 2932 1663 3026 ejusdem
1682 2933 1789 3004 curtis
1808 2932 1951 3026 predicti

542 3057 750 3142 monasterii,
770 3056 855 3130 fines
869 3060 969 3151 cujus
987 3057 1124 3152 Agricia
1139 3068 1175 3130 et
1190 3059 1316 3132 Finalis
1332 3067 1367 3131 et
1385 3059 1475 3130 iussa
1490 3058 1631 3130 Zumola
1644 3058 1827 3130 Mantuana
1845 3077 1955 3149 usque

542 3181 588 3255 ad
603 3183 789 3254 Fissarium
808 3192 843 3256 et
861 3205 922 3278 per
940 3184 1054 3279 ipsum
1070 3185 1254 3258 Fissarium
1271 3185 1362 3256 sicut
1386 3183 1493 3256 currit
1509 3205 1620 3277 usque
1639 3182 1685 3255 ad
1708 3181 1812 3254 finem
1837 3181 1956 3254 Pisca-

544 3309 628 3380 riam
645 3307 748 3379 etiam
761 3329 832 3401 que
847 3318 990 3380 vocatur
1004 3308 1148 3403 Dirupta
1161 3308 1197 3378 in
1212 3309 1287 3380 loco
1303 3319 1338 3379 et
1352 3305 1462 3379 lundo
1476 3305 1648 3380 Theoledo
1659 3327 1772 3400 usque
1783 3306 1819 3377 in
1835 3315 1956 3400 pactus

543 3433 588 3506 dc
611 3435 703 3505 liuza
727 3444 761 3505 et
779 3454 801 3504 a
818 3434 964 3529 Dirupta
982 3433 1018 3504 in
1036 3433 1280 3506 Ormendolum
1298 3442 1335 3506 et
1353 3454 1375 3504 a
1393 3431 1510 3526 Gurgo
1532 3431 1706 3504 Mentiune
1724 3451 1837 3524 nsque
1851 3431 1956 3501 Fore-

545 3557 654 3629 tulum
670 3567 739 3629 eta
757 3559 884 3630 fossato
898 3559 943 3631 de
959 3558 1048 3630 Calci
1063 3581 1175 3652 usquc
1189 3559 1234 3632 ad
1251 3558 1415 3630 fossatum
1434 3555 1480 3630 dc
1495 3556 1667 3652 Campona
1686 3557 1822 3628 lllolona
1843 3577 1956 3649 usqne

543 3683 724 3754 invallem
746 3682 935 3778 Sinepelle;
962 3691 1094 3756 curtem
1120 3683 1203 3756 ville
1226 3683 1369 3778 Impiete
1384 3682 1514 3754 scilicet
1531 3690 1566 3754 et
1583 3703 1663 3752 cum
1686 3679 1899 3776 pertinentiis
1921 3689 1956 3751 et

544 3807 715 3897 districtu,
733 3809 895 3880 comitatu
916 3819 951 3880 et
962 3807 1203 3902 jurisdictione
1217 3817 1251 3879 et
1270 3829 1372 3880 omne
1382 3807 1440 3898 jus
1456 3805 1551 3900 quod
1568 3805 1616 3879 ad
1630 3827 1693 3878 nos
1707 3805 1764 3877 uel
1780 3804 1828 3876 ad
1841 3803 1956 3897 impe-

544 3933 634 4005 rium
654 3933 801 4028 pertinet
819 3933 855 4004 in
877 3933 973 4006 curia
989 3933 1116 4006 Azmni
1133 3943 1167 4006 et
1188 3934 1222 4004 in
1242 3933 1324 4005 villa
1338 3932 1440 4004 vallis
1460 3931 1613 4003 Ferraria
1630 3939 1666 4002 et
1683 3929 1719 4000 in
1738 3949 1859 4001 earum
1878 3949 1956 4023 per·

546 4056 698 4129 tinentiis
719 4067 789 4130 tam
811 4058 847 4128 in
867 4057 966 4130 silvis
987 4080 1093 4152 quam
1111 4058 1147 4129 in
1171 4057 1290 4151 aquis,
1320 4056 1446 4152 pratis,
1471 4055 1573 4126 cultis
1596 4063 1632 4126 et
1654 4053 1811 4144 incultis,
1836 4051 1954 4146 aquis,

545 4182 682 4277 pascuis
694 4193 730 4254 et
745 4183 1011 4278 piscationibus3
1030 4192 1162 4255 curtem
1179 4181 1341 4256 Moratice
1358 4203 1437 4253 cnm
1457 4180 1686 4276 pertinentiis,
1702 4177 1872 4269 districtu,
1893 4199 1956 4250 co-

546 4306 666 4379 mitatu
685 4317 720 4379 et
733 4308 973 4401 jurisdictione
987 4331 1067 4382 cum
1087 4309 1187 4404 plebe
1205 4316 1399 4380 sanctorum
1419 4305 1523 4378 Firmi
1541 4313 1577 4377 et
1592 4303 1722 4376 llrrstici
1736 4312 1771 4376 et
1789 4303 1956 4398 capellam

548 4431 670 4504 Sancte
693 4433 801 4505 Marie
822 4433 868 4504 de
883 4432 1078 4506 Castellario
1106 4453 1185 4504 cum
1207 4431 1368 4503 omnibus
1392 4429 1604 4526 pertinentiis
1626 4438 1662 4500 et
1684 4427 1837 4499 terminis
1860 4425 1952 4515 snis3

548 4566 678 4627 curtem
692 4556 805 4628 Sancti
825 4557 1026 4649 Salvatoris3
1045 4557 1224 4630 ecclesiam
1242 4557 1365 4628 Sancte
1377 4555 1485 4627 Marie
1503 4553 1549 4627 de
1565 4554 1770 4625 Voulerraro
1793 4571 1871 4622 cum
1888 4547 1957 4621 de-

548 4679 647 4752 cimis
663 4689 698 4752 et
714 4682 927 4776 pertinentiis
949 4682 1023 4755 suis
1037 4692 1073 4755 et
1087 4683 1263 4774 districtu3
1287 4691 1418 4754 curtem
1434 4680 1572 4753 flerbeti
1593 4701 1671 4753 cnm
1692 4674 1905 4775 pertinentiis
1920 4685 1956 4744 ct
