4298 5898
531 511 591 574 410
1034 515 1250 578 uetunulcl
1275 517 1449 580 secudu!
1751 513 1832 594 [Au.
1852 512 1936 576 lm

535 647 698 720 tretribus
710 649 814 722 etiam
829 650 953 724 vestris
972 653 1229 727 venerabilibus
1243 655 1477 730 cardinalibus
1490 651 1748 727 consulentibus
1762 659 1866 745 etque
1878 669 1938 722 ro-

534 772 697 866 gantibus
713 795 775 868 per
796 795 834 848 se
854 776 1049 872 specialiter
1071 777 1218 872 siugulis
1237 789 1272 852 et
1287 778 1489 874 generaliter
1506 775 1697 867 universis,
1717 773 1823 846 filiam
1845 773 1939 846 illue

536 897 597 970 tris
616 899 915 996 Hierosolymiteni
938 903 1029 997 regis
1052 901 1294 977 herediteriam
1316 904 1425 1002 ipsius
1450 913 1538 976 terre
1560 900 1757 990 dominam,
1784 899 1940 994 pronuba

533 1031 749 1096 sacrosancta
774 1024 927 1098 Romane
950 1025 1114 1119 ecclesia,
1140 1027 1241 1101 vobis
1264 1051 1404 1126 quoquo
1428 1026 1658 1101 existentibus
1680 1022 1936 1121 paranympho,

534 1145 662 1220 ducere
673 1148 869 1240 juravimus
885 1148 921 1222 iu
938 1172 1084 1224 uxorem
1104 1161 1144 1224 nt
1158 1162 1374 1250 assumptum
1391 1155 1493 1228 Terre
1510 1153 1632 1224 Sancte
1652 1149 1826 1240 negotium
1843 1146 1942 1220 vide-

535 1293 651 1344 remus
672 1284 708 1345 et
732 1294 913 1368 possemus
933 1275 1148 1348 commodius
1168 1299 1419 1352 consummare.
1443 1277 1569 1370 inquo
1589 1273 1640 1346 sic
1665 1271 1838 1348 credimus
1854 1293 1943 1344 onus

535 1417 615 1468 cum
631 1397 772 1470 vinculo
791 1399 999 1472 matrimonii
1018 1411 1175 1496 oportere
1193 1403 1384 1490 transduci,
1400 1402 1488 1474 sicut
1508 1399 1605 1472 labor
1620 1406 1655 1471 et
1670 1396 1868 1491 conjugium
1882 1417 1942 1490 pro

533 1519 710 1614 exigentia
734 1521 862 1616 nogotii
887 1532 970 1596 sunt
987 1523 1272 1600 indissolubiliter
1293 1525 1456 1599 lederatn.
1485 1527 1587 1597 Dotee
1605 1545 1688 1596 vero
1710 1521 1756 1594 ab
1777 1520 1940 1610 ecclesia,

534 1646 640 1718 vestri
664 1645 827 1720 videlicet
852 1656 887 1720 et
913 1649 1056 1721 fratrum
1083 1659 1276 1724 vestrorum
1300 1650 1453 1724 continui
1480 1658 1515 1721 et
1541 1645 1770 1720 indeficientis
1800 1643 1941 1729 auxilii,

534 1792 639 1866 snper
656 1771 758 1844 Terre
776 1773 899 1846 Sancte
921 1775 1059 1868 negotio
1083 1795 1196 1848 coram
1224 1776 1359 1848 cunctis
1381 1773 1571 1848 astantibus
1594 1767 1856 1866 compromissae
1876 1789 1943 1839 non

534 1894 702 1968 duximus
715 1895 934 1990 omittendas,
955 1920 1044 1991 ques
1057 1899 1153 1971 velut
1168 1885 1378 1972 necessarias
1392 1908 1427 1972 ot
1444 1905 1630 1994 oportunus
1648 1893 1822 1988 exigimus
1835 1902 1870 1964 et
1882 1913 1943 1964 vos

535 2027 698 2114 teuquam
729 2028 879 2092 actorem
906 2030 941 2094 ct
967 2022 1203 2115 coadjutorem
1233 2024 1437 2119 precipuum
1465 2021 1500 2094 in
1526 2021 1570 2093 iis
1591 2018 1811 2114 exposcimus
1838 2013 1943 2088 confi·

535 2143 676 2236 denter,
702 2154 805 2241 prout
830 2166 876 2220 ex
907 2146 1129 2243 stipulatione
1159 2147 1321 2222 tenemini
1351 2156 1385 2220 ot
1414 2145 1513 2220 Sedis
1540 2143 1724 2240 apostolice
1750 2141 1943 2235 diguitasa

534 2267 635 2340 vohis
648 2269 797 2364 postulet
817 2278 852 2342 et
870 2271 1028 2366 requirit.
1045 2272 1114 2346 Nos
1129 2271 1241 2362 enim,
1259 2271 1349 2344 sicut
1371 2271 1468 2344 novit
1486 2270 1655 2364 inspector
1676 2263 1834 2340 cordium
1853 2265 1943 2336 Dens

532 2392 595 2485 qui
612 2401 745 2466 mentes
768 2403 924 2468 ottones
949 2393 1129 2468 hominnm
1155 2405 1407 2492 perscrutatur,
1436 2393 1483 2467 ad
1507 2393 1602 2466 illius
1621 2393 1721 2464 Terre
1740 2392 1867 2462 Sancte
1884 2409 1946 2460 ne-

532 2516 663 2611 gotium
683 2527 753 2592 toto
776 2519 900 2592 mentis
925 2519 1051 2593 affectu
1074 2520 1204 2614 jugiter
1224 2521 1433 2617 aspiramus;
1452 2529 1487 2592 et
1514 2527 1553 2590 ut
1578 2517 1624 2592 de
1643 2524 1810 2612 apparatu
1831 2521 1943 2586 nostro

532 2651 646 2735 petent
664 2643 852 2736 universis,
871 2653 1010 2716 centum
1027 2645 1144 2738 galeas
1164 2644 1201 2716 in
1225 2645 1381 2742 portibus
1398 2643 1496 2740 regni
1515 2643 1621 2716 nostri
1638 2643 1667 2713 si
1685 2661 1827 2714 necesse
1844 2637 1944 2711 luerit

532 2765 661 2839 hebere
690 2767 898 2841 confidimus
924 2778 1140 2865 preparatas;
1172 2769 1427 2866 quinquaginta
1453 2790 1536 2841 vero
1564 2766 1693 2839 asseria
1722 2764 1859 2837 noviter
1886 2783 1947 2858 per

535 2911 682 2983 regnum
699 2900 854 2964 nostrum
877 2893 1096 2989 precepimus
1116 2892 1292 2986 fabricari,
1317 2893 1454 2986 singula
1471 2891 1616 2986 quidem
1634 2886 1867 2985 qnadraginta
1884 2885 1942 2958 mi·

536 3014 612 3084 lites
630 3036 710 3086 cum
727 3014 872 3088 totidem
894 3016 1077 3090 dextrariis
1098 3025 1274 3114 portatura
1294 3015 1365 3112 (t);
1383 3025 1419 3088 et
1441 3037 1546 3112 super
1565 3016 1718 3111 ipsorum
1737 3033 1843 3108 opere
1860 3010 1948 3084 duos

537 3136 582 3208 de
606 3137 767 3211 iratribus
790 3138 915 3212 domus
938 3142 1226 3215 Theutcnicorum
1249 3152 1283 3213 et
1308 3140 1394 3214 alios
1417 3141 1600 3215 statuimus
1622 3138 1829 3212 exercitatos
1856 3135 1944 3208 viros

537 3261 582 3333 de
599 3283 726 3355 regno,
756 3285 817 3359 per
835 3284 983 3358 quornm
1004 3264 1210 3338 industriam
1229 3265 1351 3339 eadem
1370 3263 1501 3338 usseria
1524 3263 1685 3361 proximo
1709 3263 1825 3333 sutura
1843 3267 1946 3332 estate

536 3385 710 3458 credimus
728 3407 827 3481 posse
842 3389 1020 3484 compleri,
1033 3399 1068 3462 et
1082 3403 1152 3462 tarn
1167 3388 1211 3462 de
1225 3390 1333 3483 galeis
1348 3410 1455 3484 quem
1472 3387 1517 3461 de
1528 3387 1671 3460 usseriis
1685 3384 1821 3457 interim
1840 3403 1947 3478 usque

536 3509 582 3583 ad
604 3511 788 3584 terminum
809 3521 1029 3608 pretaxatam
1049 3515 1147 3610 plura
1173 3513 1245 3586 fieri
1272 3523 1431 3610 poterunt
1454 3513 1545 3585 sicut
1569 3509 1747 3584 videbitur
1765 3507 1943 3604 expedire,

574 3869 610 3944 (t)
631 3889 644 3924 t
659 3869 732 3928 luter
743 3876 848 3930 caetera
858 3871 1012 3930 intimantes
1021 3871 1132 3946 [nuncii]
1146 3871 1218 3946 quod
1227 3871 1352 3930 dominus
1363 3871 1508 3944 imperator
1518 3868 1554 3928 ad
1563 3881 1722 3928 succursum
1730 3865 1830 3924 Terras
1839 3862 1949 3922 Sanctae

539 3988 552 4020 »
567 3967 760 4042 quinquaginta
771 3983 853 4026 neves
865 3968 960 4028 lecerit
970 3968 1124 4042 praeparari
1135 3983 1205 4042 quaa
1218 3969 1337 4026 osser-iae
1350 3971 1549 4042 nuncupentur,
1564 3979 1680 4039 quarm
1690 3961 1849 4036 magnitudo
1864 3963 1949 4016 tantae

539 4065 724 4140 »capacitatis
741 4066 795 4124 erit
812 4072 843 4122 ut
863 4065 917 4124 duo
937 4067 1019 4124 millia
1037 4065 1153 4122 militurn
1170 4082 1233 4123 cum
1254 4063 1395 4122 dextrariis
1414 4064 1473 4122 suis
1492 4069 1522 4121 et
1544 4063 1664 4121 omnium
1686 4074 1824 4118 umorum
1843 4070 1947 4116 suonnu

539 4184 552 4216 a
568 4163 737 4237 pertiuentiis
749 4169 777 4221 et
789 4169 928 4238 praeterea
944 4165 1038 4220 decem
1056 4161 1137 4220 millia
1154 4163 1267 4221 aliorum
1279 4161 1421 4219 huminum
1433 4159 1581 4220 valentium
1598 4159 1633 4216 ad
1650 4171 1770 4232 pugnam
1786 4161 1815 4212 et
1834 4153 1869 4212 ad
1884 4151 1948 4210 bella

540 4279 554 4313 o
570 4275 632 4318 cerm
644 4260 727 4317 ermis
740 4259 797 4317 suis
808 4260 836 4317 in
847 4261 951 4319 eisdem
964 4259 1074 4318 usseriis
1087 4260 1194 4318 remant
1205 4259 1352 4318 consterni.
1368 4259 1410 4317 Ad
1426 4273 1511 4316 unum
1527 4256 1655 4332 quodque
1673 4253 1809 4312 usserium
1825 4251 1872 4309 fist
1885 4263 1948 4324 pons

542 4365 600 4415 »ut
613 4359 710 4417 milites
723 4357 746 4414 si
760 4373 872 4416 necesse
883 4358 965 4416 luent
977 4360 1072 4417 armati
1093 4365 1120 4417 et
1137 4359 1255 4417 ascensis
1273 4357 1416 4416 dextrariis
1435 4357 1493 4415 suis
1510 4357 1538 4413 iu
1558 4353 1673 4412 navibus
1690 4350 1834 4410 commode
1851 4349 1947 4421 absquo

542 4477 555 4510 s
571 4456 696 4515 laesionis
708 4457 862 4515 discrimine
874 4473 922 4530 per
933 4458 1008 4532 ipsos
1019 4463 1117 4532 pontes
1127 4457 1233 4516 valeant
1244 4457 1333 4528 exire,
1349 4456 1427 4530 quasi
1439 4455 1496 4528 jem
1507 4452 1638 4512 ordinatis
1651 4447 1762 4508 aciemn
1775 4447 1805 4504 in
1821 4444 1947 4521 praelium

543 4574 556 4606 e
570 4554 737 4627 processuri,
749 4559 777 4611 ct
794 4554 818 4610 si
834 4570 902 4628 opus
918 4554 998 4612 tuerit
1017 4555 1113 4612 erectis
1127 4553 1194 4612 uelis
1210 4554 1310 4611 intrare
1323 4553 1427 4628 posint
1443 4551 1543 4609 domun
1555 4547 1693 4606 &minue
1705 4545 1748 4603 vol
1759 4543 1834 4602 alud
1846 4540 1948 4616 aliquod

543 4671 556 4702 a
571 4649 678 4707 numen.
692 4669 705 4703 o
720 4651 844 4709 Gonane.
857 4651 973 4723 Coton,
986 4651 1020 4710 ad
1032 4669 1095 4710 anu.
1111 4653 1194 4722 test,
1206 4669 1251 4726 ap.
1264 4651 1411 4718 meusne,
1427 4650 1530 4718 Fonte,
1544 4653 1566 4704 t.
1578 4645 1613 4718 ll,
1626 4663 1655 4720 p.
1672 4647 1734 4703 355.
