4368 5876
235 591 332 652 lrnrcr.
347 589 391 675 9.]
681 591 879 654 HISTORIA
904 589 1200 654 olrnouurlclt
1594 593 1652 658 163

236 737 384 823 angusto
405 735 441 800 et
459 749 541 823 rege
558 725 690 818 Sicilie,
707 751 799 803 anno
816 731 960 805 Romani
981 729 1116 828 imperii
1135 731 1211 823 ejus
1228 729 1357 824 primo,
1375 730 1474 825 regni
1492 751 1577 806 vero
1592 730 1652 804 Si-

236 853 314 926 cilie
332 853 459 944 XXIII,
481 851 636 926 feliciter.
657 852 781 928 Amen.

282 981 409 1052 Datum
426 979 579 1070 Tarenti,
596 1001 705 1069 anuo,
724 1002 843 1055 mense
857 991 892 1056 et
907 981 1096 1056 indictione
1115 980 1312 1079 prescriptis
1329 981 1342 1078 (
1368 978 1395 1076 ).

465 1288 730 1298 ..κ-...ψ-

288 1553 526 1665 Fridericus,
557 1558 817 1642 Romanorum
849 1559 1074 1669 imperator,
1108 1553 1352 1641 donationem
1384 1566 1545 1667 epatre
1577 1582 1648 1642 suo
1710 1586 1818 1686 amp.

235 1687 367 1771 domui
390 1691 589 1802 hospitalis
607 1692 927 1776 Theutonicorum
952 1693 1093 1776 iactam
1115 1694 1163 1775 de
1186 1679 1311 1775 castro
1333 1691 1528 1776 Menzaneo
1551 1693 1650 1776 inter
1742 1655 1756 1698 Ρ
1794 1674 1800 1687 ’

234 1821 496 1908 Brundusium
523 1834 561 1910 et
589 1827 721 1912 Oriam
747 1837 923 1930 renovat,
952 1854 1041 1911 oum
1065 1827 1167 1910 istud
1194 1826 1435 1936 privilegium
1463 1827 1649 1911 amissum

235 1955 370 2042 inisset
394 1967 665 2072 temporeque
691 1959 911 2044 Brundisini
934 1971 1067 2045 contre
1093 1961 1267 2044 eamdem
1287 1961 1447 2044 domum
1462 1961 1650 2046 insultum

235 2089 415 2176 fecerant.

317 2337 431 2419 (Inedlt
452 2343 484 2402 tn
503 2337 617 2404 ercle.
632 2357 695 2424 rep.
709 2342 741 2400 s.
756 2340 889 2402 Severini
908 2358 957 2422 ap.
973 2341 1137 2420 Neapolim,
1152 2357 1190 2400 ex
1205 2339 1341 2418 originali
1361 2342 1448 2417 cnjus
1469 2355 1539 2416 pars
1560 2337 1651 2400 oblit-

356 2453 450 2509 urum
464 2446 584 2509 difficile
601 2448 659 2528 legl
671 2446 789 2528 potest.)

283 2663 478 2738 Fridericus
511 2663 631 2738 divina
661 2665 799 2739 lavante
825 2663 1005 2737 clementia
1036 2664 1267 2736 Romanorum
1295 2661 1497 2757 imperator,
1518 2680 1654 2755 semper

234 2798 407 2881 angustus
433 2799 468 2863 et
494 2812 558 2864 rex
579 2791 706 2865 Sicilie.
727 2790 940 2864 Excellentiar
965 2781 1185 2888 im[perialis]
1192 2838 1650 2858 ............

238 2968 860 2990 ................
885 2915 1064 3011 potestads
1076 2913 1227 2987 culmine
1239 2912 1492 3009 preminemus,
1510 2912 1557 2983 ita
1573 2909 1654 3005 pie-

236 3040 570 3114 tatisstudiooeteris
580 3050 763 3137 preeuntes
774 3041 937 3116 omnibns
947 3041 1155 3137 prebeamus
1165 3038 1304 3112 virtutis
1314 3038 1528 3134 exemplum.
1560 3093 1569 3110 .
1600 3092 1608 3109 .
1641 3091 1649 3108 .

237 3219 495 3240 .......
518 3168 743 3242 liberalitads.
775 3221 784 3240 .
817 3225 825 3240 .
856 3221 866 3240 .
896 3223 906 3241 .
937 3221 947 3238 .
979 3221 988 3239 .
1020 3221 1029 3238 .
1061 3220 1070 3238 .
1103 3222 1111 3239 .
1141 3163 1654 3259 .exercendociroareligionin

271 3473 308 3548 (l)
326 3475 351 3532 J.
365 3475 447 3550 Voigt
459 3474 561 3548 (Gescl.
577 3479 694 3548 Prono,
710 3483 732 3534 t.
749 3477 789 3550 ll,
804 3495 833 3552 p.
847 3481 891 3549 99,
907 3483 964 3536 not.
982 3476 1010 3550 3)
1024 3477 1075 3535 tria
1087 3482 1254 3552 transumpta
1267 3475 1349 3550 hujus
1360 3473 1494 3551 privilegii
1507 3482 1651 3549 memorat,

233 3587 297 3630 ann.
312 3572 416 3632 scillcet
431 3577 511 3648 leto,
528 3578 609 3648 leet,
623 3578 702 3633 leet.
718 3575 777 3634 lloc
789 3575 914 3633 ultimum
929 3576 1001 3634 idem
1014 3581 1058 3634 est
1071 3591 1104 3633 ac
1119 3575 1203 3633 editio
1218 3574 1366 3633 Duelliana.
1381 3575 1502 3632 Primum
1513 3581 1605 3633 autem
1623 3575 1651 3634 in

234 3671 278 3728 his
292 3672 382 3730 ditiert
395 3673 467 3748 quod
480 3674 540 3732 rire
551 3690 571 3730 o
579 3671 805 3748 predecemoribna
817 3675 919 3732 coccis
934 3675 1046 3749 pietatis
1066 3675 1171 3730 totoitc
1182 3680 1338 3748 propapoto
1352 3671 1451 3747 legitur
1462 3689 1481 3729 o
1492 3671 1554 3729 dioc
1568 3689 1653 3747 poca·

233 3769 299 3827 dom
310 3777 426 3845 oopusto
440 3771 548 3830 domino
560 3773 721 3848 imperatore
730 3771 868 3831 Friden'co
885 3789 939 3830 oco
957 3779 1050 3831 nostro
1061 3773 1172 3847 pietatis
1184 3772 1290 3829 intuito
1300 3775 1464 3845 propcpotn.
1482 3769 1556 3828 Inter
1569 3776 1653 3830 testes

234 3867 455 3927 Ludewicusdux
463 3870 598 3943 Barcina,
607 3869 822 3946 ltaynsldnsdnx
831 3871 933 3946 Spoleti
942 3876 971 3930 et
980 3870 1091 3945 quidam
1100 3869 1145 3928 alli
1153 3886 1208 3929 non
1217 3874 1362 3945 appuent3
1371 3883 1487 3942 quorum
1495 3867 1554 3928 loco
1563 3885 1654 3928 comes

233 3966 376 4026 Ildnricns
385 3968 421 4026 dc
428 3968 595 4028 Grenisbaoh
604 3969 791 4044 (Greilisbnch)
801 3969 1004 4030 cidernaco
1012 3969 1192 4046 Stutrelingen
1201 3968 1439 4046 supplements
1446 3968 1529 4026 etiarn
1538 3969 1650 4040 mensu,

234 4065 358 4124 videlicet
369 4075 467 4142 qarorto
480 4068 542 4127 idco
550 4068 661 4144 aprilis,
670 4069 740 4128 sicut
748 4069 777 4126 in
790 4070 877 4128 trihus
887 4069 1055 4128 documentis
1063 4086 1132 4144 quae
1142 4085 1224 4144 supra
1233 4067 1366 4126 edidimus
1377 4071 1493 4124 notatur.
1504 4065 1581 4124 Unde
1590 4082 1651 4125 sus·

234 4163 357 4239 picamur
365 4165 443 4224 istam
452 4166 537 4225 luisse
545 4167 747 4226 conressIonem
756 4168 903 4240 diversam
912 4183 982 4244 quae
991 4173 1083 4226 autem
1091 4167 1202 4225 materia
1210 4165 1300 4236 luerit,
1309 4163 1538 4234 nescimus.Quod
1547 4163 1652 4222 reroad

232 4263 383 4320 secundum
398 4270 597 4338 transumptum
609 4266 672 4322 anni
688 4269 757 4324 tete
769 4265 798 4324 in
812 4282 866 4341 quo
877 4271 960 4324 testes
971 4265 1081 4324 omniuo
1093 4265 1344 4340 praetermittuntur
1356 4263 1482 4337 pertinet,
1498 4261 1565 4320 nihil
1580 4261 1652 4321 alind

231 4365 275 4416 cst
287 4361 341 4418 nisi
353 4361 524 4436 privilegium
539 4363 684 4423 Cadmiae
695 4364 804 4437 datum,
820 4379 915 4424 mense
935 4363 1073 4422 decembri
1095 4362 1175 4438 hujus
1191 4361 1254 4420 anui
1272 4363 1338 4419 tarr
1347 4359 1444 4434 .Vcigt
1461 4366 1551 4419 umen
1569 4377 1651 4436 quem

232 4457 314 4516 editio
325 4475 343 4518 a
358 4459 508 4536 llongitore
525 4461 589 4520 data
601 4463 700 4537 fugisse
711 4463 833 4534 videtur,
846 4463 1011 4521 additionem
1025 4462 1060 4520 de
1075 4461 1245 4536 exemptione
1256 4461 1326 4534 juris
1339 4460 1487 4518 doanuum
1503 4459 1576 4518 etde
1589 4476 1653 4534 pas·

232 4557 307 4632 sogio
319 4557 401 4616 Phari
418 4565 572 4634 surspectam
585 4560 680 4620 habuit
692 4569 721 4620 et
733 4568 932 4638 transumptum
945 4562 1015 4620 inter
1028 4561 1123 4620 fictitia
1134 4560 1247 4636 repulit,
1263 4559 1327 4617 licet
1338 4557 1442 4616 lucilius
1455 4557 1651 4618 admittendum

233 4653 268 4711 sit
280 4655 484 4714 concessionem
495 4657 573 4717 istam
586 4659 676 4736 primo
692 4661 801 4718 Tarenti
821 4676 915 4718 mense
934 4659 1012 4735 aprili
1030 4661 1121 4720 datam
1137 4666 1230 4735 postea
1243 4659 1278 4717 ab
1293 4655 1454 4734 imperatore
1468 4658 1540 4732 apud
1552 4657 1652 4718 Catho-

234 4755 306 4811 niam
319 4753 404 4814 luisse
414 4763 581 4816 renovatam.

1020 4915 1039 4956 V
