4296 5898
193 591 292 654 lanum.
310 584 370 672 lul
643 583 843 646 HISTORIA
866 584 1161 650 ntrtonnrrcn
1545 587 1606 648 &3

194 725 298 810 vitia.
312 747 384 805 sua
400 717 580 824 contulit,
599 715 735 800 Ursoui
760 718 938 827 episcopo
958 727 996 801 ct
1017 709 1230 828 praedictae
1246 719 1424 803 ecclesiae
1437 721 1609 804 concedit

194 869 232 944 et
248 863 430 967 perpetuo
448 849 648 936 coufirmat
660 851 876 936 Musserum
889 861 928 935 et
944 852 1153 937 Minzurum
1172 879 1262 936 curn
1278 853 1457 936 omnibus
1475 878 1608 937 eorum

194 990 411 1075 tenimentis
429 999 466 1069 et
479 983 726 1095 pertinentiis·

278 1231 380 1307 (nnc,
391 1245 453 1290 non
463 1234 564 1288 nmen
577 1228 689 1304 integre
700 1241 753 1286 seu
763 1232 908 1298 correcte,
923 1244 968 1305 ap
985 1225 1123 1300 Prnuuu,
1144 1224 1224 1290 sert.
1241 1243 1328 1301 carr„
1343 1233 1364 1288 t.
1381 1228 1407 1306 1,
1418 1244 1445 1305 p.
1458 1230 1540 1300 tot.)

248 1441 482 1544 [Fridericus,
502 1441 590 1534 etc]
620 1492 1606 1514 .........................

197 1694 424 1768 Atteudentes
450 1689 547 1785 quod
575 1688 800 1786 Agrigentino
827 1690 971 1762 ecclesie
993 1689 1198 1786 antiquitate
1219 1690 1344 1764 nobilis
1363 1690 1470 1764 muita
1490 1692 1545 1763 sui
1567 1691 1611 1788 (i)

198 1817 437 1915 persecutione
448 1823 581 1890 vestuta
597 1814 646 1912 (a)
659 1813 706 1888 ad
719 1821 874 1888 extreme
888 1813 1075 1889 devenerat
1087 1815 1241 1912 inopium
1257 1814 1479 1911 paupertatis,
1498 1817 1611 1888 oonsi-

200 1941 360 2016 derantes
371 1938 594 2014 nihilominus
609 1938 704 2034 quod
721 1960 784 2034 pro
797 1938 948 2012 servitiis
958 1939 1082 2012 nostris
1094 1939 1141 2014 ad
1156 1941 1309 2013 valorem
1321 1947 1450 2036 septem
1465 1939 1612 2012 millium

200 2078 397 2140 turonorum
415 2063 549 2138 dudum
565 2063 770 2158 recepimus,
787 2061 833 2136 ad
849 2064 1134 2159 supplicationem
1150 2064 1254 2136 etiam
1271 2073 1378 2154 tuam,
1393 2064 1492 2152 Urso,
1506 2086 1612 2138 vene·

199 2189 319 2262 rabilis
344 2187 567 2282 Agrigentine
588 2186 765 2284 episcope,
794 2185 909 2259 fidelis
933 2196 1068 2276 noster,
1091 2187 1152 2283 qui
1179 2198 1237 2260 tue
1263 2186 1344 2260 fidei
1369 2187 1612 2262 ethonestatis

201 2313 323 2385 merito
341 2311 408 2386 bec
426 2321 462 2384 et
487 2313 617 2404 majora
640 2334 661 2385 a
690 2319 805 2386 nostre
826 2309 1061 2384 munificentie
1082 2312 1191 2406 gretia
1216 2312 1366 2385 cerneris
1389 2314 1556 2388 meruisse
1579 2327 1614 2386 et

201 2436 353 2511 crederis
379 2435 538 2508 inantea
562 2436 765 2532 promereri,
796 2436 889 2508 illius
917 2435 1045 2509 intuitu
1069 2437 1130 2531 qui
1155 2436 1297 2530 regibus
1326 2436 1386 2509 dat
1410 2437 1555 2510 salutem
1580 2449 1614 2510 ct

202 2583 266 2658 pro
283 2561 394 2634 salute
411 2571 527 2634 nostra
541 2569 576 2634 et
594 2560 747 2634 remedio
765 2561 960 2634 animarum
977 2559 1127 2634 felicium
1145 2561 1322 2654 quondam
1335 2571 1515 2658 pareutum
1529 2586 1615 2638 nos-

204 2694 332 2758 trorum
348 2684 512 2758 memorie
529 2683 723 2776 recolende,
740 2683 786 2758 de
798 2684 898 2759 solita
911 2685 1049 2782 pietatis
1064 2695 1179 2759 nostre
1193 2684 1303 2781 gratia
1315 2687 1538 2762 concedimus
1553 2690 1614 2762 tibi

203 2817 240 2882 et
254 2817 440 2882 memorate
460 2808 685 2904 Agrigentino
706 2808 851 2882 ecclesio
871 2819 907 2884 et
926 2819 1091 2905 perpetuo
1113 2811 1235 2884 robore
1260 2809 1502 2884 confirmemus
1519 2813 1614 2888 Mus·

203 2953 320 3006 sarum
338 2943 372 3004 ot
387 2932 576 3007 Minzarum
592 2954 672 3005 cum
690 2933 853 3006 omnibus
865 2932 968 3026 justis
983 2934 1180 3008 tenimentis
1197 2943 1231 3007 et
1248 2934 1461 3030 pertinentiis
1475 2937 1562 3030 suis,
1577 2947 1616 3009 ut

203 3057 321 3154 ipsum
343 3056 506 3132 uidelicet
525 3059 722 3132 Musserum
745 3068 780 3133 et
804 3060 995 3134 Minzarnm
1018 3060 1193 3156 perpetuis
1220 3059 1431 3155 temporibus
1452 3059 1529 3156 ipsa
1553 3083 1615 3135 eo-

205 3182 310 3256 ctesie
324 3181 549 3277 agrigentina
563 3190 678 3256 teneat
690 3191 725 3257 et
741 3183 917 3280 possideat
934 3205 1013 3258 cum
1028 3183 1122 3258 omni
1133 3186 1212 3277 jure
1229 3205 1294 3257 suo
1312 3184 1419 3258 tibere
1436 3195 1470 3258 et
1483 3185 1614 3280 absque

200 3307 290 3400 juris
307 3315 342 3379 et
358 3307 490 3380 servitii
506 3308 741 3402 requisitione.
760 3307 815 3382 Ad
842 3308 946 3402 hujus
968 3317 1084 3382 autern
1110 3308 1341 3382 concessionis
1364 3317 1400 3382 et
1426 3308 1614 3382 confirma-

203 3430 309 3504 tionis
324 3439 439 3504 nostre
454 3431 655 3506 memoriam
672 3442 707 3506 et
725 3433 927 3507 inuiolabile
951 3431 1204 3506 firmamentum
1232 3455 1373 3528 presens
1396 3434 1614 3530 privilegium

205 3576 269 3651 per
291 3577 414 3630 manns
441 3555 591 3652 Aldoyni
620 3557 743 3632 notarii
769 3565 804 3631 et
829 3555 943 3631 fidelis
968 3557 1075 3630 nostri
1100 3557 1204 3629 scribi
1231 3565 1266 3630 et
1292 3557 1479 3649 majestatis
1502 3568 1615 3632 nostre

205 3680 319 3775 sigilio
332 3683 497 3775 jussimus
514 3682 685 3778 insigniri,
703 3704 814 3775 anuo,
827 3705 947 3757 mense
962 3693 997 3756 et
1013 3682 1203 3756 indictione
1217 3683 1431 3778 subscriptis.

254 3807 380 3880 Datum
410 3806 609 3902 Agrigenti,
638 3829 730 3882 auno
761 3809 939 3884 Dominice
965 3808 1209 3882 incarnationis
1240 3807 1616 3899 MCCXXX11,mense

206 3930 422 4020 novembris,
439 3930 698 4029 Xindictione(
723 3930 749 4028 ).

250 4143 292 4226 (c)
314 4146 350 4207 Iu
362 4146 504 4223 impresso
520 4137 641 4220 vallata,
656 4145 757 4206 minus
770 4151 870 4207 nostra
885 4145 1033 4206 senentis
1045 4149 1130 4205 recte

244 4499 282 4572 (t)
303 4499 352 4556 Hic
364 4498 490 4571 majorem
503 4497 641 4556 indictioni
659 4513 740 4572 quum
755 4514 824 4557 anno
839 4499 910 4573 apud
922 4498 1026 4556 Pirrnm
1039 4512 1167 4572 expresso
1180 4495 1259 4555 idern
1273 4511 1412 4556 censemus
1424 4495 1612 4566 adhibendam,

204 4613 293 4671 quum
305 4596 380 4655 locus
391 4595 445 4654 dati
455 4595 586 4671 privilegii
600 4602 644 4654 snt
656 4597 727 4655 bene
741 4595 843 4654 itineris
855 4596 943 4655 ordini
957 4597 1105 4655 conveniat.
