4368 5876
534 581 593 644 luo
1031 583 1246 647 ruinartio!
1271 583 1443 646 saeuum
1752 585 1832 664 [Aure.
1850 585 1937 648 laet.

530 741 636 814 quem
652 739 715 815 pro
735 718 868 814 diviso,
890 721 938 797 ita
955 721 1052 818 quod
1066 723 1181 796 nulius
1198 723 1341 794 annuns
1356 721 1439 796 inde
1451 719 1584 817 aliquid
1599 721 1751 816 requiru
1764 721 1831 794 nisi
1845 721 1939 816 qnod

531 863 595 918 nos
608 842 654 917 de
668 843 817 940 pedagio
832 847 1028 920 statuimus.

578 969 689 1060 Hujus
709 969 760 1042 rei
782 977 884 1044 testes
910 981 991 1044 eunt
1009 968 1215 1044 chunradus
1234 970 1428 1066 prepositus
1453 967 1498 1042 de
1520 969 1637 1044 Tanna
1654 965 1718 1066 (a),
1737 969 1873 1048 Olrieus
1895 969 1939 1044 de

528 1092 707 1186 Boiiiogen
727 1095 873 1168 elericos
892 1104 928 1169 et
947 1095 1102 1170 notarius
1117 1103 1246 1188 noster,
1262 1093 1521 1168 Bartholomeos
1536 1103 1572 1168 et
1588 1093 1748 1168 emenus
1765 1095 1886 1169 iratres
1906 1103 1939 1170 et

529 1217 740 1292 Uitramonte
753 1219 848 1294 oivee
863 1220 1044 1295 Senensee.

576 1345 700 1416 Datum
713 1344 810 1440 apud
822 1345 1032 1436 Fieoeoonm,
1045 1365 1138 1418 auno
1149 1345 1284 1418 Domini
1297 1343 1477 1419 millesimo
1486 1342 1627 1436 CCXXI,
1635 1342 1824 1417 indictione
1832 1342 1933 1433 vitii,

528 1464 609 1541 idus
622 1469 787 1561 januarii.

758 1777 773 1786 ι
778 1777 798 1786 ιιι
803 1778 995 1788 σ--ηη-ω
999 1779 1448 1793 -t—--t-——uonn—-u-—u-
1452 1780 1715 1793 nan—o--u—-u-

322 2075 500 2183 mggfflfss·
579 2051 691 2137 Anno
713 2051 865 2138 Domini
880 2055 918 2141 Μ
932 2055 991 2140 CC
1005 2057 1091 2141 xxi
1112 2059 1160 2143 de
1182 2083 1313 2142 meuse
1329 2058 1496 2170 januarii
1517 2060 1559 2142 in
1583 2060 1645 2144 die
1667 2059 1795 2145 Sancti
1817 2057 1935 2146 Mauri

525 2181 595 2295 (15
613 2184 798 2300 januarii)
821 2187 923 2271 idem
949 2190 1128 2274 dominus
1151 2192 1356 2303 imperator
1381 2191 1580 2276 Federieus
1606 2193 1746 2277 iterum
1771 2191 1937 2276 introivit

523 2317 704 2404 Suessam
718 2320 779 2432 (1)
794 2332 831 2406 et
844 2333 1017 2408 moratus
1029 2334 1088 2408 est
1099 2324 1152 2410 ibi
1165 2351 1234 2435 per
1246 2335 1322 2412 tras
1331 2326 1412 2410 dies
1426 2335 1464 2410 et
1474 2336 1606 2436 postea
1622 2327 1735 2412 rediit
1749 2325 1931 2436 Capuam.

525 2454 694 2536 Girortie.
713 2463 851 2554 Suom„
870 2481 933 2566 ap.
952 2457 1151 2564 Zseamm,
1165 2466 1242 2542 iter
1256 2459 1390 2557 litter„
1408 2487 1448 2570 p.
1465 2461 1559 2543 228.

756 2777 766 2786 ,
793 2778 817 2783 -.
825 2777 849 2783 ..
856 2777 888 2783 ..-
896 2777 1704 2789 .--------..-...--.--.-.-.....-.-----ο

576 3039 804 3145 Fn'derieus,
819 3041 1080 3126 Romanorum
1101 3043 1322 3153 imperator,
1342 3045 1478 3136 Aetoni
1493 3056 1532 3130 et
1553 3045 1738 3157 Phylippo
1757 3046 1808 3130 de
1824 3045 1936 3157 ijo

525 3177 683 3258 mandat
694 3182 738 3257 ut
751 3200 775 3256 e
788 3173 1051 3260 molestatione
1068 3178 1286 3262 monasterii
1303 3178 1431 3262 Sancti
1449 3179 1585 3292 Angeli
1597 3181 1647 3264 de
1663 3180 1819 3266 Murano
1831 3182 1936 3291 quod

526 3307 599 3392 sub
620 3308 850 3417 protectione
874 3335 944 3393 sua
967 3309 1120 3420 speoiaii
1145 3310 1286 3422 recepit
1310 3313 1358 3396 de
1380 3323 1528 3398 eaetero
1548 3315 1698 3425 penitus
1716 3325 1936 3398 remaneant

452 3541 454 3544 ¹
526 3441 635 3553 eique
656 3442 786 3526 omnia
807 3442 946 3556 injuste
968 3444 1096 3528 ablata
1113 3447 1335 3556 adplenum
1349 3449 1561 3533 restituant.

359 3071 460 3124 capua,

340 3124 364 3166 n
376 3123 480 3176 inuare.

531 3737 534 3742 Ι
600 3656 724 3738 (rnna
745 3661 778 3720 u
795 3613 1189 3739 nomannorum„
1206 3662 1278 3726 eoa.
1292 3661 1543 3746 unumuuss.
1558 3663 1935 3742 aroannam„

646 3781 726 3843 caps.
744 3773 793 3838 ra,
812 3765 885 3828 nse.
901 3777 931 3842 a,
947 3777 982 3828 n·
996 3768 1059 3848 m.)

576 3953 770 4028 Friderieue
792 3955 855 4028 Dei
882 3955 992 4050 gratia
1010 3956 1241 4030 Romanorum
1262 3956 1459 4052 imperator,
1480 3978 1618 4055 sempor
1638 3963 1809 4052 augustus
1824 3966 1860 4031 et
1874 3950 1936 4030 iex

569 4133 611 4211 (a)
632 4133 712 4194 liaeo
725 4134 811 4196 ieetio
824 4141 914 4209 reeta,
933 4136 1003 4198 lieet
1021 4137 1163 4214 originale
1175 4138 1273 4214 nouus
1290 4135 1399 4198 Taotia
1410 4135 1560 4199 exhibeat.

563 4422 602 4494 (t)
624 4421 752 4480 «anm
766 4438 836 4482 anuo
849 4423 936 4496 (trau)
949 4423 1103 4499 imperatrix
1115 4426 1270 4487 commum
1282 4427 1357 4486 venit
1375 4428 1502 4487 Suessam
1521 4431 1550 4484 et
1567 4425 1686 4485 introivit
1701 4425 1803 4486 ibidem
1821 4423 1850 4486 iu
1870 4423 1938 4484 ma

531 4517 651 4578 »Sancti
663 4517 800 4576 Thommii
816 4520 929 4592 apostoli
943 4521 983 4592 (at
998 4521 1147 4594 decemb.);
1163 4539 1232 4597 quae
1244 4529 1353 4599 remota
1364 4529 1407 4582 est
1419 4522 1565 4583 honorium
1583 4522 1618 4582 ab
1638 4522 1766 4583 omuibus
1781 4521 1939 4582 hominihus

532 4631 546 4664 n
561 4613 675 4670 Suessae
688 4621 716 4671 et
731 4616 807 4671 stetit
821 4616 859 4672 ibi
879 4633 928 4690 per
946 4617 1075 4675 XXXVII
1090 4618 1148 4676 dies
1165 4625 1194 4676 et
1211 4617 1296 4677 indie
1307 4619 1494 4678 Conversionie
1505 4620 1578 4680 beati
1587 4619 1661 4678 Pauli
1677 4621 1722 4694 (25
1733 4619 1839 4692 januar.
1857 4619 1937 4687 tarn

531 4727 545 4762 n
557 4707 682 4769 discum
692 4713 805 4770 etvenit
817 4712 941 4792 Qapuam.
954 4734 966 4766 ι
978 4713 1102 4772 eumne.
1113 4715 1215 4787 Satan,
1226 4715 1307 4789 ibid„
1316 4735 1345 4792 p.
1355 4717 1418 4776 Μ.
