4296 5898
551 543 612 604 all
1054 544 1271 606 rulnealcl
1296 544 1471 606 SECUNDl
1769 547 1853 628 [Ars.
1872 549 1953 612 1221.

551 677 679 772 aliquis
697 674 856 750 concedit
868 674 978 750 filium
997 699 1100 752 suum
1117 679 1262 754 militem
1277 680 1332 752 vel
1351 677 1413 752 dat
1427 677 1534 752 filiam
1551 699 1651 752 suam
1668 682 1843 776 coniugio,
1865 686 1957 780 quod

551 802 609 874 isti
625 823 694 875 non
712 801 858 895 iaciunt,
878 803 1089 897 adjutorium
1108 804 1225 879 abbati
1246 804 1328 880 dicti
1349 803 1547 878 monasterii
1560 804 1726 900 prebeant
1738 807 1840 900 juxta
1861 831 1959 906 posse

550 948 670 1002 eorum
694 947 773 998 oum
800 935 945 1000 vocatus
967 926 1014 1000 ad
1039 927 1201 1002 sinodum
1225 928 1329 1002 luerit
1349 950 1370 1002 a
1394 949 1530 1003 summo
1555 929 1715 1024 pontilioe
1738 933 1795 1006 vel
1818 935 1870 1008 ire
1892 956 1957 1010 vo-

551 1052 655 1126 luerit
669 1051 716 1125 ad
734 1051 923 1148 capitulum
941 1051 1177 1128 cisterciense.
1195 1053 1410 1150 precipimus
1422 1053 1473 1126 eis
1491 1052 1631 1128 tirmiter
1646 1059 1879 1136 exsenteutiu
1895 1059 1959 1132 sub

551 1199 642 1274 pena
661 1187 859 1250 tarenorum
881 1177 958 1251 auri
974 1177 1131 1274 quinque
1151 1178 1298 1252 millium
1318 1186 1358 1250 ut
1375 1179 1582 1252 monasterio
1599 1179 1731 1275 integre
1746 1182 1872 1256 ataine
1890 1183 1959 1256 ali-
2071 1181 2076 1186 '

549 1325 620 1398 qua
637 1301 867 1376 diminutione
893 1300 1094 1400 supradicta
1117 1303 1258 1378 servitia
1275 1311 1311 1378 et
1333 1301 1451 1376 debita
1469 1302 1619 1378 debeam
1638 1306 1801 1400 congruis
1821 1316 1958 1404 tempo-

550 1428 649 1502 ribus
664 1426 851 1518 exhibere3
870 1427 1076 1522 quinetiam
1098 1427 1145 1502 ad
1163 1427 1365 1503 mandatum
1381 1437 1535 1502 nostrum
1549 1428 1595 1515 ad
1610 1433 1774 1524 majorem
1791 1431 1957 1506 cautelam

549 1551 747 1626 monasterii
776 1551 941 1648 gaudiam
968 1549 1018 1648 (a)
1042 1551 1141 1626 dedit
1168 1561 1369 1649 procurator
1395 1574 1514 1626 eorum
1538 1561 1573 1626 et
1594 1550 1814 1648 fidejussores
1830 1556 1954 1650 posuit,

550 1677 681 1752 scilieet
706 1677 907 1750 Nicolettam
926 1676 972 1750 de
995 1676 1203 1774 Gosparina,
1226 1678 1427 1774 Gregorium
1452 1678 1632 1774 Platogeua
1650 1677 1705 1776 (l)
1724 1701 1867 1776 papam,
1890 1681 1957 1754 bli-

550 1802 684 1876 cbelem
715 1800 896 1893 Grassum,
925 1801 1063 1874 Petrum
1091 1800 1181 1900 dep,
1212 1856 1221 1874 .
1252 1855 1261 1876 .
1294 1857 1326 1895 .,
1353 1803 1513 1878 Consum
1539 1803 1759 1896 Ruuobiniri,
1794 1805 1957 1878 loannem

551 1927 748 1999 Burrectam
763 1946 804 1998 ac
816 1922 1008 1999 Arcadium
1035 1979 1044 1998 .
1076 1981 1085 1998 .
1117 1925 1300 2000 diurnum
1316 1925 1376 2024 (l),
1389 1926 1435 2000 ad
1448 1927 1740 2024 recompensanda
1754 1929 1960 2003 monasterio

552 2053 684 2146 integre
710 2049 845 2123 dudum
869 2050 1043 2124 subtracta
1067 2051 1209 2125 servitia
1229 2060 1265 2126 et
1288 2050 1335 2125 ad
1353 2051 1633 2148 respondendum
1660 2053 1811 2149 plenarie
1834 2052 1879 2126 de
1905 2055 1959 2126 iu-

552 2177 649 2248 turis.
673 2175 727 2250 Ad
752 2196 821 2270 que
841 2173 981 2249 servitia
1005 2173 1163 2250 iacienda
1186 2176 1313 2272 dquis
1336 2198 1499 2273 processu
1518 2178 1681 2273 temporis
1701 2177 1838 2251 rebellis
1859 2178 1960 2251 tuerit

552 2302 731 2388 inventus,
749 2299 849 2372 bonis
864 2299 936 2372 suis
950 2299 1112 2374 omuibus
1128 2300 1176 2374 ad
1192 2322 1317 2375 manus
1332 2300 1416 2376 dicti
1431 2302 1627 2376 monasterii
1651 2301 1847 2394 devolutis,
1870 2325 1960 2376 mer-

550 2427 628 2502 cedi
648 2427 744 2500 curie
773 2435 1000 2522 supponatur.
1027 2425 1083 2501 Ad
1109 2427 1308 2502 memoriam
1334 2438 1449 2502 autem
1470 2429 1576 2522 hujus
1597 2449 1701 2502 cause
1722 2451 1901 2525 processus
1925 2440 1960 2502 et

446 2558 449 2565 “
551 2553 768 2627 securitatem
792 2560 994 2646 perpetuam
1015 2553 1213 2628 monosterii
1236 2554 1415 2650 prelibati,
1439 2555 1610 2630 assidente
1634 2555 1736 2628 nobis
1756 2553 1878 2648 judice
1900 2555 1958 2628 Ni·

550 2680 647 2752 oolao
674 2677 719 2750 de
744 2677 916 2751 Siracusia
937 2677 1057 2772 judice
1075 2687 1110 2752 ct
1125 2699 1296 2754 assessore
1324 2678 1491 2776 imperiali
1514 2679 1756 2772 justitiariatus
1782 2679 1956 2772 ejusdem,

550 2825 691 2900 presens
712 2801 878 2896 scripturn
904 2801 1007 2874 scribi
1031 2802 1177 2876 lecimus
1200 2825 1264 2900 per
1287 2823 1411 2878 manus
1437 2803 1561 2878 notarii
1583 2803 1732 2899 Philippi
1754 2802 1799 2876 da
1821 2804 1958 2876 Salerno

551 2937 706 3002 actorum
722 2927 879 3019 ejusdem
891 2926 1133 3020 justitiariatus
1149 2929 1292 3022 notarii,
1313 2929 1437 3004 nostris
1452 2928 1667 3026 predictiquo
1679 2927 1808 3022 judicis
1826 2936 1862 3000 et
1878 2927 1958 3000 sub-

552 3051 758 3147 scriptorum
793 3050 931 3124 testium
962 3050 1071 3146 siguis
1099 3061 1134 3125 et
1159 3052 1468 3148 subscriptionibus
1491 3053 1701 3126 roboratum.
1729 3051 1900 3147 Scriptum
1923 3061 1957 3124 et

544 3183 667 3248 actum
697 3171 852 3270 Gyracii,
879 3195 971 3248 auno
1001 3175 1131 3251 domiui
1161 3177 1342 3251 millesimo
1364 3177 1601 3252 ducentesimo
1632 3177 1801 3269 vigesimo
1825 3177 1953 3274 primo,

551 3321 669 3374 meuse
694 3307 728 3372 et
755 3298 944 3374 indictione
965 3301 1158 3395 premissis,
1183 3301 1373 3398 imperante
1395 3301 1538 3380 domiuo
1562 3310 1677 3376 nostro
1696 3301 1877 3376 Frederieo
1897 3298 1955 3373 Dei

551 3426 660 3521 gratia
685 3423 916 3498 illustrissimo
941 3425 1172 3508 Romanorum
1190 3426 1417 3522 imperatore,
1437 3449 1573 3523 semper
1585 3436 1733 3520 augusto
1755 3436 1790 3500 et
1811 3448 1892 3521 rege
1908 3425 1956 3498 Si·

550 3551 642 3640 oilie,
659 3571 750 3625 anuo
763 3548 896 3645 imperii
911 3549 965 3622 sui
983 3551 1107 3646 primo,
1124 3551 1277 3624 feliciter.

599 3677 678 3749 Post
708 3675 774 3747 bec
799 3673 885 3748 dum
911 3697 1066 3748 essemm
1090 3677 1221 3772 Tropee
1248 3698 1311 3772 pro
1339 3674 1423 3750 dieti
1451 3677 1557 3750 nocui
1581 3674 1829 3772 justiciariatus
1850 3673 1957 3748 officio

550 3800 764 3887 exercendo,
787 3799 939 3895 prelatus
963 3809 1162 3895 procurator
1187 3801 1386 3875 monasterii
1409 3801 1568 3898 prelibati
1590 3801 1783 3898 comparuit
1796 3801 1957 3896 querulus

549 3947 667 4000 coram
686 3923 786 3997 nobis
806 3945 985 4020 exponens
1008 3924 1105 4020 quod
1131 3925 1289 4001 homiues
1315 3948 1378 4000 sau
1403 3926 1523 4002 villani
1544 3927 1709 4000 casalium
1731 3924 1957 4022 predictorum

549 4073 682 4125 necnon
699 4060 734 4123 et
746 4048 968 4142 fidejussores
983 4071 1102 4123 eorum
1121 4050 1276 4145 requisiti
1299 4073 1363 4147 pm
1383 4061 1480 4147 parte
1498 4051 1696 4124 monasterii
1714 4049 1903 4147 supradicti
1916 4047 1959 4122 dc

547 4175 676 4250 debitis
691 4184 726 4250 et
739 4175 890 4248 servitiis
905 4176 1036 4271 prelato
1061 4176 1266 4250 monasterio
1289 4175 1512 4266 exolvendis,
1531 4175 1615 4250 dicti
1635 4175 1794 4249 homines
1814 4195 1878 4248 seu·
1894 4172 1959 4244 vil·

549 4302 619 4374 lani
637 4309 672 4375 et
692 4299 910 4395 fidejussores
932 4321 1050 4374 eorum
1074 4300 1218 4398 predicti
1235 4303 1364 4397 pretato
1383 4301 1500 4376 debita
1521 4311 1556 4375 et
1578 4300 1718 4375 servitia
1740 4300 1806 4397 ipsi
1826 4320 1957 4372 monas·

589 4593 631 4666 (a)
653 4585 765 4647 Ibidem
779 4581 915 4666 podboi,
933 4587 1065 4662 wsslme
1332 4631 1334 4635 -

589 4691 629 4768 (t)
649 4692 729 4754 llaec
743 4694 842 4752 urnula
857 4693 977 4753 uomina
988 4691 1067 4770 apud
1081 4692 1249 4755 blaccluecu
1258 4693 1443 4756 amittamur.
