4296 5898
552 601 609 664 193
1052 599 1266 664 rurornrcr
1292 603 1465 666 suconnr
1775 607 1854 692 [aaa.
1874 609 1957 674 rear.

548 739 676 813 Sicilie.
700 737 764 810 Per
789 736 856 811 boc
877 757 1019 833 presens
1048 737 1215 834 scriptum
1238 749 1360 814 notum
1384 739 1460 815 tisri
1483 741 1647 816 volumus
1669 743 1844 819 universis
1867 749 1961 842 quod

549 887 630 939 cum
663 862 824 938 monachi
855 871 891 936 et
917 863 1039 937 iratres
1069 865 1266 938 monasterii
1296 867 1420 941 Sancte
1449 865 1555 940 llario
1584 866 1630 941 de
1665 867 1782 943 lllonte
1812 868 1961 966 Virginis

548 990 649 1066 nobis
664 987 840 1062 humiliter
860 987 1113 1085 supplicassent
1130 998 1169 1060 ut
1184 990 1375 1064 llocoellam
1396 989 1450 1088 (l)
1469 1012 1548 1064 cum
1565 991 1759 1067 rationibus
1777 1002 1813 1066 et
1829 1015 1961 1090 posses-

548 1113 705 1188 sionibus
723 1111 796 1187 suis
816 1111 853 1182 in
870 1132 941 1207 qua
959 1110 1026 1184 sita
1041 1119 1093 1183 cst
1108 1110 1155 1185 ad
1171 1112 1337 1186 bonorem
1355 1112 1542 1188 Salvatoris
1558 1114 1703 1188 ecclesia
1721 1117 1846 1190 Sancte
1857 1117 1962 1191 llarie

548 1238 594 1312 de
611 1259 704 1312 novo
724 1234 868 1309 lundata
885 1257 956 1330 quo
974 1243 1027 1308 est
1042 1235 1188 1330 grangia
1206 1237 1401 1312 monasterii
1419 1237 1628 1335 supradicti,
1647 1261 1689 1313 ac
1707 1241 1810 1314 diam
1829 1243 1960 1316 tertiam

547 1371 681 1462 partem
696 1361 972 1436 molendiuomm
989 1359 1139 1434 Goliaani
1161 1370 1197 1434 et
1219 1370 1289 1436 tres
1307 1362 1429 1436 uncias
1451 1363 1527 1437 auri
1546 1362 1592 1438 de
1616 1365 1800 1439 venatione
1821 1365 1960 1440 cunicu-

547 1491 659 1563 lorum
684 1487 721 1562 in
744 1485 913 1560 territorio
938 1484 1118 1579 ejusdem,
1143 1485 1291 1562 dcutin
1318 1487 1546 1562 instrumento
1570 1497 1605 1561 et
1627 1489 1755 1587 scripto
1778 1491 1961 1587 publicoa

546 1615 654 1689 Paulo
677 1613 801 1686 comite
823 1610 974 1685 Golisani
998 1611 1080 1686 inde
1101 1611 1255 1688 coniecto
1277 1613 1416 1709 plenius
1433 1613 1628 1688 continetur
1649 1612 1718 1712 (2),
1740 1623 1776 1689 et
1793 1616 1959 1712 quicquid

546 1739 643 1815 aliud
671 1749 741 1814 tam
766 1739 804 1810 in
831 1737 1108 1834 possessionibus
1139 1759 1246 1832 quam
1274 1737 1311 1810 in
1340 1737 1557 1813 libertatibus
1590 1739 1627 1813 in
1659 1741 1783 1815 mem
1808 1743 1960 1838 apertius

549 1863 744 1940 declaratur
764 1884 806 1936 ac
830 1862 946 1958 ipsum
967 1860 1214 1936 monasterium
1237 1884 1331 1937 nune
1355 1864 1470 1937 omnia
1496 1865 1651 1960 predicta
1675 1866 1784 1940 libere
1809 1875 1902 1940 tenet
1927 1879 1960 1940 et

546 1989 717 2088 possidet,
740 1985 786 2060 de
807 1987 970 2080 gratiaci
992 1987 1206 2083 benignitate
1221 1997 1337 2062 nostra
1356 1989 1471 2063 eidem
1494 1991 1699 2064 monasterio
1720 1992 1910 2066 concedere
1925 2005 1960 2066 et

547 2111 750 2188 confirmare
765 2119 881 2184 nostra
903 2111 1067 2185 serenitas
1088 2111 1310 2207 dignaretur3
1334 2134 1399 2187 uos
1410 2114 1627 2188 attendentes
1643 2115 1845 2211 religionem
1859 2121 1958 2211 eius
2034 2187 2035 2190 .

547 2237 628 2313 dem
649 2235 866 2326 monasterii,
882 2235 1049 2332 obsequia
1069 2237 1172 2312 etiam
1187 2213 1229 2311 ¹et
1246 2239 1502 2335 orationesque
1517 2238 1647 2314 ibidem
1662 2241 1809 2315 Domino
1831 2243 1959 2339 jugiter

545 2363 752 2453 offeruntur,
782 2360 962 2458 petitiones
991 2383 1112 2437 eorum
1142 2361 1337 2457 benigniter
1357 2363 1597 2457 admittimus,
1626 2367 1740 2439 locum
1769 2367 1884 2463 ipsum
1915 2367 1960 2440 do

544 2489 700 2564 Roecella
730 2509 809 2560 cum
838 2487 1031 2562 rationibus
1053 2497 1089 2562 et
1117 2489 1393 2585 possessionibus
1417 2489 1489 2562 suis
1511 2489 1548 2562 in
1567 2511 1639 2585 quo
1659 2492 1793 2587 prelata
1816 2492 1881 2564 sita
1908 2503 1960 2564 est

545 2614 690 2710 grangia
701 2622 737 2687 et
750 2612 931 2712 universos
947 2614 1067 2687 iratres
1086 2612 1244 2706 ejusdem
1260 2615 1458 2688 monasterii
1476 2615 1542 2689 sub
1558 2624 1674 2689 nostra
1699 2616 1910 2712 protectione
1925 2629 1958 2690 ct

546 2739 745 2817 defensione
762 2739 949 2834 recipimus
966 2748 1000 2813 et
1021 2740 1155 2814 tertiam
1175 2747 1306 2837 partem
1324 2739 1600 2814 molendinorum
1625 2740 1775 2814 Golisani
1791 2763 1833 2814 ac
1854 2742 1957 2816 etiam

545 2877 613 2939 tres
629 2865 751 2938 uncias
769 2863 844 2937 auri
863 2863 909 2938 da
927 2865 1112 2938 venatione
1135 2864 1375 2938 cuniculorum
1397 2865 1432 2936 in
1453 2864 1622 2938 territorio
1634 2865 1787 2960 ejusdem
1805 2875 1841 2938 et
1853 2867 1957 2960 quio-

545 2991 632 3087 quid
648 2991 684 3063 in
703 2989 953 3086 presentiarum
964 2990 1058 3083 juste
1074 2998 1167 3062 tenet
1185 2998 1221 3062 et
1238 2989 1354 3084 quiete
1374 2989 1545 3086 possidet,
1565 2989 1657 3062 sieut
1675 2990 1711 3062 in
1733 2987 1957 3063 instrumento

545 3126 580 3189 et
599 3115 726 3212 scripto
749 3113 924 3211 publiooa
945 3113 1052 3188 Paulo
1072 3113 1197 3188 comite
1221 3113 1374 3188 Golisani
1395 3115 1478 3190 inde
1501 3117 1589 3188 iacto
1611 3115 1747 3211 plenius
1765 3115 1957 3189 continetur

547 3239 608 3339 [et]
625 3249 694 3312 tam
718 3241 754 3312 in
777 3237 1052 3334 possessionibus
1067 3261 1173 3334 qoam
1189 3241 1225 3312 in
1245 3239 1461 3313 libertatibus
1479 3239 1516 3312 in
1534 3240 1656 3315 eodem
1675 3240 1825 3336 apertius
1839 3240 1957 3315 decla-

543 3375 639 3440 ratur
655 3388 696 3438 ac
711 3365 825 3461 ipsum
841 3365 1087 3439 monasterium
1100 3387 1195 3438 nunc
1210 3387 1252 3439 ea
1266 3365 1383 3439 omnia
1397 3365 1503 3439 libere
1520 3373 1612 3438 tenet
1628 3375 1663 3439 et
1680 3364 1833 3461 possidet
1846 3365 1901 3438 vel
1919 3365 1954 3437 iu

544 3501 644 3565 autea
671 3500 843 3586 prestante
865 3490 1012 3564 Domino
1036 3492 1131 3585 justo
1159 3491 1259 3564 titulo
1283 3491 1407 3587 poterit
1431 3489 1595 3586 adipisci,
1617 3491 1732 3565 eidem
1750 3489 1955 3563 monasterio

581 3773 615 3848 (ll
633 3770 764 3838 Roccella,
775 3769 849 3828 locus
861 3769 962 3828 insulae
975 3769 1079 3829 Siciliae
1093 3770 1121 3827 in
1131 3769 1265 3829 territorio
1277 3769 1405 3830 Golisani.

577 3873 613 3948 (2)
627 3872 835 3929 lustramentum
843 3885 906 3928 vero
919 3869 1060 3926 munnere
1069 3869 1242 3928 donationem
1253 3869 1332 3926 istam
1341 3869 1439 3928 iactam
1448 3885 1499 3944 per
1506 3869 1627 3928 Paolum
1634 3867 1667 3926 ds
1677 3867 1773 3926 Oiculu
1783 3868 1834 3926 lisa·
1843 3873 1870 3924 at
1878 3869 1957 3940 regie

539 3972 632 4045 gratio
646 3969 768 4027 ooudtcm
782 3967 909 4026 Goliaurai
922 3973 947 4025 at
957 3969 1028 4042 ragis
1038 3968 1148 4042 priuato
1158 3966 1297 4025 nmmos
1309 3969 1473 4042 nagistrum
1484 3966 1703 4039 comestabulum,
1719 3967 1811 4024 murm
1822 3964 1874 4023 luit
1885 3980 1955 4024 anno

543 4070 626 4138 titt,
642 4065 828 4139 mensejonii,
842 4069 953 4139 quartae
965 4063 1133 4136 indictionis,
1151 4065 1223 4140 apud
1236 4066 1407 4123 Panormnm.
1427 4065 1506 4136 Quod
1522 4064 1632 4139 quiden
1652 4064 1784 4122 llenricus
1802 4061 1839 4122 de
1858 4063 1953 4134 Tooco,

541 4164 676 4226 liutfridus
689 4165 725 4222 de
737 4163 835 4222 Sancto
855 4163 989 4221 Germano
1008 4168 1037 4219 at
1058 4161 1217 4220 Guillelmus
1237 4164 1272 4221 de
1293 4163 1378 4224 Vinea
1398 4179 1511 4238 magnae
1526 4162 1672 4237 imperialis
1688 4161 1779 4222 curiae
1794 4161 1901 4236 judices
1921 4161 1954 4219 ad

542 4263 743 4338 requisitionem
752 4261 862 4320 loannis
870 4261 976 4320 abbatis
986 4260 1192 4334 llontisvirginis
1201 4261 1331 4320 banaumi
1341 4268 1369 4319 et
1378 4261 1405 4319 in
1414 4261 1574 4337 sumpturam
1584 4259 1952 4334 publicamredigiIererunt,

542 4377 613 4419 anno
629 4362 709 4432 ttlt,
725 4375 819 4418 mense
831 4361 949 4434 augusti,
964 4359 1066 4434 primae
1078 4359 1239 4433 indictionis,
1255 4361 1327 4435 apud
1337 4359 1466 4432 bleldam
1481 4360 1552 4426 aiore
1561 4365 1667 4418 constat
1677 4374 1711 4416 ex
1722 4373 1842 4432 pergam.
1855 4356 1949 4431 origin

543 4459 569 4515 in
588 4458 683 4516 eodem
705 4457 931 4532 archiv.‚1tcgeat.
943 4458 1018 4532 lllll,
1032 4469 1064 4514 n·
1086 4463 1130 4517 sc.
1153 4460 1326 4517 Donationem
1339 4459 1427 4533 ipsam
1444 4459 1529 4516 edidit
1538 4459 1714 4530 mammas,
1726 4458 1820 4515 nono
1839 4457 1949 4530 Vergilia

543 4571 634 4629 aegro,
648 4571 677 4630 p.
694 4559 755 4627 365,
769 4555 813 4612 cui
827 4555 924 4614 adsunt
937 4556 1013 4630 signa
1025 4555 1102 4614 Pauli
1118 4557 1232 4628 comitis,
1246 4557 1324 4616 Siras
1337 4556 1489 4618 comitimae
1501 4556 1594 4614 uxoris
1607 4556 1675 4630 ejus,
1689 4553 1821 4640 lubeas,
1835 4551 1952 4634 Simonis

542 4658 572 4710 et
584 4651 710 4710 Matthaei
724 4651 839 4710 filiorum
853 4654 984 4728 ejusdem,
997 4653 1126 4729 Stephani
1140 4655 1173 4714 de
1183 4656 1325 4714 Partenlco
1339 4659 1404 4713 tuno
1420 4670 1532 4730 magnae
1543 4653 1633 4729 regiae
1643 4653 1734 4712 curiae
1746 4650 1869 4726 magistri
1876 4649 1955 4724 justi-

543 4749 620 4808 clarii
632 4749 792 4808 stallorum.
