<?xml version="1.0" encoding="UTF-8"?>
<!DOCTYPE html PUBLIC "-//W3C//DTD XHTML 1.0 Transitional//EN"
    "http://www.w3.org/TR/xhtml1/DTD/xhtml1-transitional.dtd">
<html xmlns="http://www.w3.org/1999/xhtml" xml:lang="en" lang="en">
 <head>
  <title>
</title>
<meta http-equiv="Content-Type" content="text/html;charset=utf-8" />
  <meta name='ocr-system' content='tesseract 3.04.00' />
  <meta name='ocr-capabilities' content='ocr_page ocr_carea ocr_par ocr_line ocrx_word'/>
</head>
<body>
  <div class='ocr_page' id='page_1' title='image "./historiadiploma08fredgoog_0324.png"; bbox 0 0 4292 5894; ppageno 0'>
   <div class='ocr_carea' id='block_1_1' title="bbox 535 543 1947 629">
    <p class='ocr_par' dir='ltr' id='par_1_1' title="bbox 535 543 1947 629">
     <span class='ocr_line' id='line_1_1' title="bbox 535 543 1947 629; baseline -0.004 -13"><span class='ocrx_word' id='word_1_1' title='bbox 535 553 597 616; x_wconf 77' lang='lat'><strong>312</strong></span> <span class='ocrx_word' id='word_1_2' title='bbox 1038 545 1253 608; x_wconf 77' lang='lat' dir='ltr'><strong>l‘llllllilllcl</strong></span> <span class='ocrx_word' id='word_1_3' title='bbox 1279 545 1451 608; x_wconf 79' lang='lat' dir='ltr'>SECUNDI</span> <span class='ocrx_word' id='word_1_4' title='bbox 1620 597 1627 610; x_wconf 87' lang='lat'><em>.</em></span> <span class='ocrx_word' id='word_1_5' title='bbox 1763 543 1845 629; x_wconf 78' lang='lat' dir='ltr'><strong>[dn.</strong></span> <span class='ocrx_word' id='word_1_6' title='bbox 1864 546 1947 612; x_wconf 67' lang='lat' dir='ltr'><strong>lm</strong></span> 
     </span>
    </p>
   </div>
   <div class='ocr_carea' id='block_1_2' title="bbox 539 681 1956 2648">
    <p class='ocr_par' dir='ltr' id='par_1_2' title="bbox 539 681 1953 1526">
     <span class='ocr_line' id='line_1_2' title="bbox 539 681 1952 782; baseline -0.006 -20"><span class='ocrx_word' id='word_1_7' title='bbox 539 697 650 762; x_wconf 85' lang='lat' dir='ltr'><strong>rector</strong></span> <span class='ocrx_word' id='word_1_8' title='bbox 670 710 732 762; x_wconf 89' lang='lat' dir='ltr'><strong>scu</strong></span> <span class='ocrx_word' id='word_1_9' title='bbox 749 686 866 782; x_wconf 91' lang='lat' dir='ltr'><strong>aliqua</strong></span> <span class='ocrx_word' id='word_1_10' title='bbox 882 685 1005 759; x_wconf 86' lang='lat' dir='ltr'><strong>civitas</strong></span> <span class='ocrx_word' id='word_1_11' title='bbox 1018 683 1075 758; x_wconf 88' lang='lat' dir='ltr'><strong>vel</strong></span> <span class='ocrx_word' id='word_1_12' title='bbox 1090 692 1241 781; x_wconf 85' lang='lat' dir='ltr'><strong>potestas</strong></span> <span class='ocrx_word' id='word_1_13' title='bbox 1256 685 1423 779; x_wconf 88' lang='lat' dir='ltr'><strong>nullaque</strong></span> <span class='ocrx_word' id='word_1_14' title='bbox 1435 681 1542 756; x_wconf 87' lang='lat' dir='ltr'><strong>nostri</strong></span> <span class='ocrx_word' id='word_1_15' title='bbox 1556 681 1654 776; x_wconf 77' lang='lat' dir='ltr'><strong>regni</strong></span> <span class='ocrx_word' id='word_1_16' title='bbox 1669 703 1795 777; x_wconf 75' lang='lat' dir='ltr'><strong>magna</strong></span> <span class='ocrx_word' id='word_1_17' title='bbox 1808 705 1872 756; x_wconf 89' lang='lat' dir='ltr'><strong>seu</strong></span> <span class='ocrx_word' id='word_1_18' title='bbox 1885 685 1952 778; x_wconf 91' lang='lat' dir='ltr'><strong>pri-</strong></span> 
     </span>
     <span class='ocr_line' id='line_1_3' title="bbox 542 805 1953 909; baseline -0.004 -23"><span class='ocrx_word' id='word_1_19' title='bbox 542 824 622 886; x_wconf 86' lang='lat' dir='ltr'><strong>vata</strong></span> <span class='ocrx_word' id='word_1_20' title='bbox 636 833 780 909; x_wconf 83' lang='lat' dir='ltr'><strong>persona</strong></span> <span class='ocrx_word' id='word_1_21' title='bbox 791 811 890 884; x_wconf 88' lang='lat' dir='ltr'><strong>dciis</strong></span> <span class='ocrx_word' id='word_1_22' title='bbox 901 809 1065 884; x_wconf 90' lang='lat' dir='ltr'><strong>omnibus</strong></span> <span class='ocrx_word' id='word_1_23' title='bbox 1080 807 1214 902; x_wconf 83' lang='lat' dir='ltr'><strong>aliquid</strong></span> <span class='ocrx_word' id='word_1_24' title='bbox 1225 807 1411 902; x_wconf 77' lang='lat' dir='ltr'><strong>intringere</strong></span> <span class='ocrx_word' id='word_1_25' title='bbox 1426 807 1483 880; x_wconf 85' lang='lat' dir='ltr'><strong>vel</strong></span> <span class='ocrx_word' id='word_1_26' title='bbox 1499 805 1692 880; x_wconf 81' lang='lat' dir='ltr'><strong>diminuere</strong></span> <span class='ocrx_word' id='word_1_27' title='bbox 1706 818 1895 903; x_wconf 77' lang='lat' dir='ltr'><strong>presumat.</strong></span> <span class='ocrx_word' id='word_1_28' title='bbox 1913 809 1953 880; x_wconf 86' lang='lat' dir='ltr'><strong>Et</strong></span> 
     </span>
     <span class='ocr_line' id='line_1_4' title="bbox 541 931 1952 1033; baseline -0.003 -23"><span class='ocrx_word' id='word_1_29' title='bbox 541 938 570 1010; x_wconf 90' lang='lat' dir='ltr'><strong>si</strong></span> <span class='ocrx_word' id='word_1_30' title='bbox 581 937 673 1033; x_wconf 93' lang='lat' dir='ltr'><strong>quis,</strong></span> <span class='ocrx_word' id='word_1_31' title='bbox 682 934 779 1032; x_wconf 91' lang='lat' dir='ltr'><strong>quud</strong></span> <span class='ocrx_word' id='word_1_32' title='bbox 788 935 891 1027; x_wconf 90' lang='lat' dir='ltr'><strong>absit,</strong></span> <span class='ocrx_word' id='word_1_33' title='bbox 903 935 1149 1030; x_wconf 79' lang='lat' dir='ltr'><strong>presumpserit</strong></span> <span class='ocrx_word' id='word_1_34' title='bbox 1159 933 1341 1024; x_wconf 87' lang='lat' dir='ltr'><strong>contraire,</strong></span> <span class='ocrx_word' id='word_1_35' title='bbox 1348 931 1515 1028; x_wconf 75' lang='lat' dir='ltr'><strong>imperiali</strong></span> <span class='ocrx_word' id='word_1_36' title='bbox 1524 932 1640 1004; x_wconf 86' lang='lat' dir='ltr'><strong>hanno</strong></span> <span class='ocrx_word' id='word_1_37' title='bbox 1652 932 1952 1026; x_wconf 87' lang='lat' dir='ltr'><strong>suhjaceatetoen-</strong></span> 
     </span>
     <span class='ocr_line' id='line_1_5' title="bbox 543 1055 1950 1156; baseline 0 -24"><span class='ocrx_word' id='word_1_38' title='bbox 543 1071 617 1132; x_wconf 91' lang='lat' dir='ltr'><strong>tum</strong></span> <span class='ocrx_word' id='word_1_39' title='bbox 634 1060 741 1134; x_wconf 90' lang='lat' dir='ltr'><strong>libras</strong></span> <span class='ocrx_word' id='word_1_40' title='bbox 755 1060 831 1132; x_wconf 89' lang='lat' dir='ltr'><strong>auri</strong></span> <span class='ocrx_word' id='word_1_41' title='bbox 846 1057 1021 1156; x_wconf 89' lang='lat' dir='ltr'><strong>purissimi</strong></span> <span class='ocrx_word' id='word_1_42' title='bbox 1037 1065 1232 1152; x_wconf 89' lang='lat' dir='ltr'><strong>componat,</strong></span> <span class='ocrx_word' id='word_1_43' title='bbox 1249 1055 1467 1130; x_wconf 80' lang='lat' dir='ltr'><strong>medictatem</strong></span> <span class='ocrx_word' id='word_1_44' title='bbox 1479 1077 1615 1130; x_wconf 86' lang='lat' dir='ltr'><strong>camere</strong></span> <span class='ocrx_word' id='word_1_45' title='bbox 1630 1065 1744 1130; x_wconf 83' lang='lat' dir='ltr'><strong>nostre</strong></span> <span class='ocrx_word' id='word_1_46' title='bbox 1762 1066 1798 1130; x_wconf 81' lang='lat' dir='ltr'><strong>et</strong></span> <span class='ocrx_word' id='word_1_47' title='bbox 1812 1059 1950 1132; x_wconf 88' lang='lat' dir='ltr'><strong>alteram</strong></span> 
     </span>
     <span class='ocr_line' id='line_1_6' title="bbox 541 1179 1950 1281; baseline -0.004 -23"><span class='ocrx_word' id='word_1_48' title='bbox 541 1195 671 1281; x_wconf 84' lang='lat' dir='ltr'><strong>partem</strong></span> <span class='ocrx_word' id='word_1_49' title='bbox 690 1183 867 1280; x_wconf 82' lang='lat' dir='ltr'><strong>sepedicto</strong></span> <span class='ocrx_word' id='word_1_50' title='bbox 883 1182 1028 1255; x_wconf 87' lang='lat' dir='ltr'><strong>ecclesie</strong></span> <span class='ocrx_word' id='word_1_51' title='bbox 1044 1180 1228 1277; x_wconf 84' lang='lat' dir='ltr'><strong>persolvat.</strong></span> <span class='ocrx_word' id='word_1_52' title='bbox 1243 1180 1347 1267; x_wconf 84' lang='lat' dir='ltr'><strong>Quod</strong></span> <span class='ocrx_word' id='word_1_53' title='bbox 1363 1190 1403 1253; x_wconf 90' lang='lat' dir='ltr'><strong>nt</strong></span> <span class='ocrx_word' id='word_1_54' title='bbox 1418 1191 1529 1254; x_wconf 89' lang='lat' dir='ltr'><strong>ratum</strong></span> <span class='ocrx_word' id='word_1_55' title='bbox 1543 1190 1580 1254; x_wconf 91' lang='lat' dir='ltr'><strong>et</strong></span> <span class='ocrx_word' id='word_1_56' title='bbox 1594 1179 1837 1254; x_wconf 87' lang='lat' dir='ltr'><strong>inconvulsum</strong></span> <span class='ocrx_word' id='word_1_57' title='bbox 1860 1182 1950 1254; x_wconf 92' lang='lat' dir='ltr'><strong>omni</strong></span> 
     </span>
     <span class='ocr_line' id='line_1_7' title="bbox 540 1304 1952 1406; baseline -0.004 -23"><span class='ocrx_word' id='word_1_58' title='bbox 540 1320 693 1406; x_wconf 87' lang='lat' dir='ltr'><strong>tempore</strong></span> <span class='ocrx_word' id='word_1_59' title='bbox 707 1309 743 1380; x_wconf 93' lang='lat' dir='ltr'><strong>in</strong></span> <span class='ocrx_word' id='word_1_60' title='bbox 762 1317 937 1404; x_wconf 82' lang='lat' dir='ltr'><strong>posterum</strong></span> <span class='ocrx_word' id='word_1_61' title='bbox 955 1315 1153 1402; x_wconf 86' lang='lat' dir='ltr'><strong>permaneat</strong></span> <span class='ocrx_word' id='word_1_62' title='bbox 1169 1315 1361 1400; x_wconf 86' lang='lat' dir='ltr'><strong>presentem</strong></span> <span class='ocrx_word' id='word_1_63' title='bbox 1379 1305 1541 1401; x_wconf 81' lang='lat' dir='ltr'><strong>pagiuam</strong></span> <span class='ocrx_word' id='word_1_64' title='bbox 1558 1304 1665 1400; x_wconf 80' lang='lat' dir='ltr'><strong>sigilli</strong></span> <span class='ocrx_word' id='word_1_65' title='bbox 1679 1305 1785 1377; x_wconf 85' lang='lat' dir='ltr'><strong>nostri</strong></span> <span class='ocrx_word' id='word_1_66' title='bbox 1803 1305 1952 1402; x_wconf 78' lang='lat' dir='ltr'><strong>impius-</strong></span> 
     </span>
     <span class='ocr_line' id='line_1_8' title="bbox 540 1427 1949 1526; baseline -0.006 -18"><span class='ocrx_word' id='word_1_67' title='bbox 540 1435 638 1508; x_wconf 90' lang='lat' dir='ltr'><strong>sionc</strong></span> <span class='ocrx_word' id='word_1_68' title='bbox 650 1433 819 1526; x_wconf 88' lang='lat' dir='ltr'><strong>jussimus</strong></span> <span class='ocrx_word' id='word_1_69' title='bbox 836 1429 1057 1514; x_wconf 87' lang='lat' dir='ltr'><strong>communiri,</strong></span> <span class='ocrx_word' id='word_1_70' title='bbox 1083 1427 1249 1502; x_wconf 78' lang='lat' dir='ltr'><strong>adhibitis</strong></span> <span class='ocrx_word' id='word_1_71' title='bbox 1267 1428 1412 1502; x_wconf 82' lang='lat' dir='ltr'><strong>testibus</strong></span> <span class='ocrx_word' id='word_1_72' title='bbox 1427 1451 1575 1524; x_wconf 90' lang='lat' dir='ltr'><strong>quorum</strong></span> <span class='ocrx_word' id='word_1_73' title='bbox 1598 1429 1738 1502; x_wconf 88' lang='lat' dir='ltr'><strong>nomina</strong></span> <span class='ocrx_word' id='word_1_74' title='bbox 1759 1428 1825 1502; x_wconf 91' lang='lat' dir='ltr'><strong>hec</strong></span> <span class='ocrx_word' id='word_1_75' title='bbox 1844 1439 1949 1502; x_wconf 87' lang='lat' dir='ltr'><strong>sunt:</strong></span> 
     </span>
    </p>

    <p class='ocr_par' dir='ltr' id='par_1_3' title="bbox 540 1551 1956 2648">
     <span class='ocr_line' id='line_1_9' title="bbox 588 1551 1954 1653; baseline -0.006 -21"><span class='ocrx_word' id='word_1_76' title='bbox 588 1557 795 1653; x_wconf 73' lang='lat' dir='ltr'><strong>liudulphus</strong></span> <span class='ocrx_word' id='word_1_77' title='bbox 815 1555 1009 1652; x_wconf 88' lang='lat' dir='ltr'><strong>patriarcha</strong></span> <span class='ocrx_word' id='word_1_78' title='bbox 1032 1553 1363 1650; x_wconf 74' lang='lat' dir='ltr'><strong>hierosolymitanus</strong></span> <span class='ocrx_word' id='word_1_79' title='bbox 1381 1551 1451 1651; x_wconf 82' lang='lat' dir='ltr'><strong>(l),</strong></span> <span class='ocrx_word' id='word_1_80' title='bbox 1470 1553 1631 1628; x_wconf 82' lang='lat' dir='ltr'><strong>Alhertns</strong></span> <span class='ocrx_word' id='word_1_81' title='bbox 1647 1551 1954 1647; x_wconf 80' lang='lat' dir='ltr'><strong>llagdeburgensis</strong></span> 
     </span>
     <span class='ocr_line' id='line_1_10' title="bbox 540 1677 1954 1778; baseline -0.006 -21"><span class='ocrx_word' id='word_1_82' title='bbox 540 1680 833 1778; x_wconf 81' lang='lat' dir='ltr'><strong>archiepiscopus,</strong></span> <span class='ocrx_word' id='word_1_83' title='bbox 851 1679 1022 1753; x_wconf 87' lang='lat' dir='ltr'><strong>Berardus</strong></span> <span class='ocrx_word' id='word_1_84' title='bbox 1039 1677 1302 1750; x_wconf 86' lang='lat' dir='ltr'><strong>Panormitanus</strong></span> <span class='ocrx_word' id='word_1_85' title='bbox 1319 1679 1613 1774; x_wconf 73' lang='lat' dir='ltr'><strong>archiepiscopus,</strong></span> <span class='ocrx_word' id='word_1_86' title='bbox 1630 1677 1793 1751; x_wconf 79' lang='lat' dir='ltr'><strong>hibertus</strong></span> <span class='ocrx_word' id='word_1_87' title='bbox 1808 1677 1954 1751; x_wconf 81' lang='lat' dir='ltr'><strong>Triden-</strong></span> 
     </span>
     <span class='ocr_line' id='line_1_11' title="bbox 540 1801 1956 1902; baseline -0.004 -22"><span class='ocrx_word' id='word_1_88' title='bbox 540 1807 636 1880; x_wconf 94' lang='lat' dir='ltr'><strong>tinus</strong></span> <span class='ocrx_word' id='word_1_89' title='bbox 652 1803 1063 1902; x_wconf 85' lang='lat' dir='ltr'><strong>episcopus,Bertholdus</strong></span> <span class='ocrx_word' id='word_1_90' title='bbox 1075 1801 1288 1875; x_wconf 85' lang='lat' dir='ltr'><strong>Brixinensis</strong></span> <span class='ocrx_word' id='word_1_91' title='bbox 1298 1805 1495 1900; x_wconf 90' lang='lat' dir='ltr'><strong>episcopus,</strong></span> <span class='ocrx_word' id='word_1_92' title='bbox 1511 1801 1680 1875; x_wconf 79' lang='lat' dir='ltr'><strong>hienricus</strong></span> <span class='ocrx_word' id='word_1_93' title='bbox 1690 1801 1956 1874; x_wconf 81' lang='lat' dir='ltr'><strong>warmaciensis</strong></span> 
     </span>
     <span class='ocr_line' id='line_1_12' title="bbox 542 1924 1956 2028; baseline -0.004 -24"><span class='ocrx_word' id='word_1_94' title='bbox 542 1933 745 2028; x_wconf 89' lang='lat' dir='ltr'><strong>episcopus,</strong></span> <span class='ocrx_word' id='word_1_95' title='bbox 780 1929 959 2004; x_wconf 91' lang='lat' dir='ltr'><strong>Conradus</strong></span> <span class='ocrx_word' id='word_1_96' title='bbox 986 1927 1254 2000; x_wconf 89' lang='lat' dir='ltr'><strong>Hildesemeusis</strong></span> <span class='ocrx_word' id='word_1_97' title='bbox 1279 1927 1483 2023; x_wconf 88' lang='lat' dir='ltr'><strong>episcopus,</strong></span> <span class='ocrx_word' id='word_1_98' title='bbox 1513 1924 1730 2020; x_wconf 79' lang='lat' dir='ltr'><strong>Engelardus</strong></span> <span class='ocrx_word' id='word_1_99' title='bbox 1761 1927 1956 1998; x_wconf 87' lang='lat' dir='ltr'><strong>Nucmher-</strong></span> 
     </span>
     <span class='ocr_line' id='line_1_13' title="bbox 542 2049 1955 2152; baseline -0.006 -23"><span class='ocrx_word' id='word_1_100' title='bbox 542 2056 659 2152; x_wconf 79' lang='lat' dir='ltr'><strong>gensis</strong></span> <span class='ocrx_word' id='word_1_101' title='bbox 677 2053 727 2150; x_wconf 81' lang='lat' dir='ltr'><strong>(a)</strong></span> <span class='ocrx_word' id='word_1_102' title='bbox 742 2055 939 2150; x_wconf 87' lang='lat' dir='ltr'><strong>spiscopus,</strong></span> <span class='ocrx_word' id='word_1_103' title='bbox 961 2049 1166 2126; x_wconf 87' lang='lat' dir='ltr'><strong>Gernandus</strong></span> <span class='ocrx_word' id='word_1_104' title='bbox 1180 2050 1523 2145; x_wconf 80' lang='lat' dir='ltr'><strong>Brandcnburgensis</strong></span> <span class='ocrx_word' id='word_1_105' title='bbox 1539 2051 1735 2146; x_wconf 87' lang='lat' dir='ltr'><strong>episcopus,</strong></span> <span class='ocrx_word' id='word_1_106' title='bbox 1755 2050 1955 2123; x_wconf 83' lang='lat' dir='ltr'><strong>hlainardus</strong></span> 
     </span>
     <span class='ocr_line' id='line_1_14' title="bbox 543 2173 1955 2274; baseline -0.004 -20"><span class='ocrx_word' id='word_1_107' title='bbox 543 2179 722 2255; x_wconf 90' lang='lat' dir='ltr'><strong>imolensis</strong></span> <span class='ocrx_word' id='word_1_108' title='bbox 748 2179 950 2274; x_wconf 89' lang='lat' dir='ltr'><strong>episcopus,</strong></span> <span class='ocrx_word' id='word_1_109' title='bbox 974 2176 1145 2250; x_wconf 90' lang='lat' dir='ltr'><strong>lohannes</strong></span> <span class='ocrx_word' id='word_1_110' title='bbox 1167 2197 1232 2249; x_wconf 85' lang='lat' dir='ltr'><strong>rex</strong></span> <span class='ocrx_word' id='word_1_111' title='bbox 1252 2175 1570 2270; x_wconf 75' lang='lat' dir='ltr'><strong>ierosolymitanus,</strong></span> <span class='ocrx_word' id='word_1_112' title='bbox 1593 2173 1761 2246; x_wconf 80' lang='lat' dir='ltr'><strong>liebertus</strong></span> <span class='ocrx_word' id='word_1_113' title='bbox 1793 2175 1955 2268; x_wconf 80' lang='lat' dir='ltr'><strong>magister</strong></span> 
     </span>
     <span class='ocr_line' id='line_1_15' title="bbox 544 2295 1956 2400; baseline -0.005 -21"><span class='ocrx_word' id='word_1_114' title='bbox 544 2304 662 2400; x_wconf 91' lang='lat' dir='ltr'><strong>templi</strong></span> <span class='ocrx_word' id='word_1_115' title='bbox 676 2301 975 2398; x_wconf 76' lang='lat' dir='ltr'><strong>hierosolymitani</strong></span> <span class='ocrx_word' id='word_1_116' title='bbox 991 2299 1058 2397; x_wconf 76' lang='lat'><strong>(2),</strong></span> <span class='ocrx_word' id='word_1_117' title='bbox 1079 2321 1195 2373; x_wconf 90' lang='lat' dir='ltr'><strong>comes</strong></span> <span class='ocrx_word' id='word_1_118' title='bbox 1208 2299 1377 2372; x_wconf 86' lang='lat' dir='ltr'><strong>Henricns</strong></span> <span class='ocrx_word' id='word_1_119' title='bbox 1389 2299 1435 2372; x_wconf 88' lang='lat' dir='ltr'><strong>dc</strong></span> <span class='ocrx_word' id='word_1_120' title='bbox 1447 2298 1627 2371; x_wconf 78' lang='lat' dir='ltr'><strong>liverstein</strong></span> <span class='ocrx_word' id='word_1_121' title='bbox 1641 2295 1699 2390; x_wconf 84' lang='lat' dir='ltr'><strong>(l),</strong></span> <span class='ocrx_word' id='word_1_122' title='bbox 1713 2319 1831 2372; x_wconf 88' lang='lat' dir='ltr'><strong>comes</strong></span> <span class='ocrx_word' id='word_1_123' title='bbox 1843 2297 1956 2372; x_wconf 92' lang='lat' dir='ltr'><strong>Gnido</strong></span> 
     </span>
     <span class='ocr_line' id='line_1_16' title="bbox 543 2422 1956 2524; baseline -0.006 -19"><span class='ocrx_word' id='word_1_124' title='bbox 543 2430 589 2505; x_wconf 89' lang='lat' dir='ltr'><strong>de</strong></span> <span class='ocrx_word' id='word_1_125' title='bbox 604 2427 827 2524; x_wconf 83' lang='lat' dir='ltr'><strong>hlodiglianu,</strong></span> <span class='ocrx_word' id='word_1_126' title='bbox 844 2447 959 2498; x_wconf 89' lang='lat' dir='ltr'><strong>comcs</strong></span> <span class='ocrx_word' id='word_1_127' title='bbox 974 2424 1137 2498; x_wconf 83' lang='lat' dir='ltr'><strong>Taddens</strong></span> <span class='ocrx_word' id='word_1_128' title='bbox 1152 2424 1198 2498; x_wconf 91' lang='lat' dir='ltr'><strong>de</strong></span> <span class='ocrx_word' id='word_1_129' title='bbox 1210 2423 1393 2519; x_wconf 77' lang='lat' dir='ltr'><strong>Car-pigna,</strong></span> <span class='ocrx_word' id='word_1_130' title='bbox 1410 2422 1629 2496; x_wconf 89' lang='lat' dir='ltr'><strong>Guillielmns</strong></span> <span class='ocrx_word' id='word_1_131' title='bbox 1648 2423 1801 2495; x_wconf 85' lang='lat' dir='ltr'><strong>marchio</strong></span> <span class='ocrx_word' id='word_1_132' title='bbox 1815 2425 1956 2496; x_wconf 87' lang='lat' dir='ltr'><strong>hlontis·</strong></span> 
     </span>
     <span class='ocr_line' id='line_1_17' title="bbox 541 2545 1954 2648; baseline -0.007 -20"><span class='ocrx_word' id='word_1_133' title='bbox 541 2554 671 2643; x_wconf 81' lang='lat' dir='ltr'><strong>icrrati,</strong></span> <span class='ocrx_word' id='word_1_134' title='bbox 684 2550 881 2648; x_wconf 88' lang='lat' dir='ltr'><strong>Diopuldns</strong></span> <span class='ocrx_word' id='word_1_135' title='bbox 893 2549 1047 2623; x_wconf 88' lang='lat' dir='ltr'><strong>murchin</strong></span> <span class='ocrx_word' id='word_1_136' title='bbox 1059 2548 1104 2622; x_wconf 90' lang='lat' dir='ltr'><strong>de</strong></span> <span class='ocrx_word' id='word_1_137' title='bbox 1113 2545 1346 2643; x_wconf 81' lang='lat' dir='ltr'><strong>Vohhurg(c),</strong></span> <span class='ocrx_word' id='word_1_138' title='bbox 1362 2567 1477 2620; x_wconf 88' lang='lat' dir='ltr'><strong>onmes</strong></span> <span class='ocrx_word' id='word_1_139' title='bbox 1488 2545 1651 2621; x_wconf 85' lang='lat' dir='ltr'><strong>Taddeus</strong></span> <span class='ocrx_word' id='word_1_140' title='bbox 1665 2545 1711 2619; x_wconf 90' lang='lat' dir='ltr'><strong>de</strong></span> <span class='ocrx_word' id='word_1_141' title='bbox 1724 2546 1954 2621; x_wconf 84' lang='lat' dir='ltr'><strong>llonteleltro.</strong></span> 
     </span>
    </p>
   </div>
   <div class='ocr_carea' id='block_1_3' title="bbox 540 2719 1956 3124">
    <p class='ocr_par' dir='ltr' id='par_1_4' title="bbox 582 2719 1956 2808">
     <span class='ocr_line' id='line_1_18' title="bbox 582 2719 1956 2808; baseline -0.005 -17"><span class='ocrx_word' id='word_1_142' title='bbox 582 2727 623 2808; x_wconf 82' lang='lat' dir='ltr'><strong>(a)</strong></span> <span class='ocrx_word' id='word_1_143' title='bbox 644 2729 704 2808; x_wconf 83' lang='lat' dir='ltr'><strong>Ap.</strong></span> <span class='ocrx_word' id='word_1_144' title='bbox 718 2729 859 2790; x_wconf 75' lang='lat' dir='ltr'><strong>Fantuzzl</strong></span> <span class='ocrx_word' id='word_1_145' title='bbox 873 2721 1150 2806; x_wconf 75' lang='lat' dir='ltr'><strong>ttiddemltcrqcmir,</strong></span> <span class='ocrx_word' id='word_1_146' title='bbox 1166 2723 1259 2797; x_wconf 79' lang='lat' dir='ltr'><strong>male3</strong></span> <span class='ocrx_word' id='word_1_147' title='bbox 1275 2730 1306 2784; x_wconf 89' lang='lat' dir='ltr'><strong>et</strong></span> <span class='ocrx_word' id='word_1_148' title='bbox 1318 2740 1366 2802; x_wconf 90' lang='lat' dir='ltr'><strong>ap.</strong></span> <span class='ocrx_word' id='word_1_149' title='bbox 1382 2723 1526 2785; x_wconf 82' lang='lat' dir='ltr'><strong>Muratorl</strong></span> <span class='ocrx_word' id='word_1_150' title='bbox 1538 2719 1804 2798; x_wconf 67' lang='lat' dir='ltr'><strong>Hhoemhcmensia,</strong></span> <span class='ocrx_word' id='word_1_151' title='bbox 1821 2727 1956 2802; x_wconf 76' lang='lat' dir='ltr'><strong>pessime.</strong></span> 
     </span>
    </p>

    <p class='ocr_par' dir='ltr' id='par_1_5' title="bbox 582 2829 1158 2913">
     <span class='ocr_line' id='line_1_19' title="bbox 582 2829 1158 2913; baseline -0.01 -17"><span class='ocrx_word' id='word_1_152' title='bbox 582 2833 621 2913; x_wconf 77' lang='lat' dir='ltr'><strong>(l)</strong></span> <span class='ocrx_word' id='word_1_153' title='bbox 643 2835 701 2912; x_wconf 82' lang='lat' dir='ltr'><strong>Ap.</strong></span> <span class='ocrx_word' id='word_1_154' title='bbox 717 2835 861 2896; x_wconf 79' lang='lat' dir='ltr'><strong>llus-atoni</strong></span> <span class='ocrx_word' id='word_1_155' title='bbox 875 2830 910 2892; x_wconf 74' lang='lat' dir='ltr'><strong>de</strong></span> <span class='ocrx_word' id='word_1_156' title='bbox 922 2833 1055 2902; x_wconf 62' lang='lat' dir='ltr'><strong>Ecstor,</strong></span> <span class='ocrx_word' id='word_1_157' title='bbox 1070 2829 1158 2892; x_wconf 86' lang='lat' dir='ltr'><strong>mals.</strong></span> 
     </span>
    </p>

    <p class='ocr_par' dir='ltr' id='par_1_6' title="bbox 540 2933 1954 3124">
     <span class='ocr_line' id='line_1_20' title="bbox 578 2933 1954 3020; baseline -0.001 -20"><span class='ocrx_word' id='word_1_158' title='bbox 578 2939 614 3020; x_wconf 90' lang='lat' dir='ltr'><strong>(c)</strong></span> <span class='ocrx_word' id='word_1_159' title='bbox 635 2941 693 3017; x_wconf 81' lang='lat' dir='ltr'><strong>Ap.</strong></span> <span class='ocrx_word' id='word_1_160' title='bbox 710 2941 855 3002; x_wconf 78' lang='lat' dir='ltr'><strong>limatnrl</strong></span> <span class='ocrx_word' id='word_1_161' title='bbox 873 2935 1041 3019; x_wconf 66' lang='grc' dir='ltr'><strong>ὒνορίηᾱω</strong></span> <span class='ocrx_word' id='word_1_162' title='bbox 1059 2935 1185 3000; x_wconf 77' lang='lat' dir='ltr'><strong>murchin</strong></span> <span class='ocrx_word' id='word_1_163' title='bbox 1202 2936 1237 2998; x_wconf 75' lang='lat' dir='ltr'><strong>de</strong></span> <span class='ocrx_word' id='word_1_164' title='bbox 1261 2933 1366 3012; x_wconf 76' lang='lat' dir='ltr'><strong>vodan,</strong></span> <span class='ocrx_word' id='word_1_165' title='bbox 1380 2943 1411 2999; x_wconf 89' lang='lat' dir='ltr'><strong>et</strong></span> <span class='ocrx_word' id='word_1_166' title='bbox 1426 2953 1474 3015; x_wconf 82' lang='lat' dir='ltr'><strong>ap.</strong></span> <span class='ocrx_word' id='word_1_167' title='bbox 1490 2939 1631 3000; x_wconf 81' lang='lat' dir='ltr'><strong>Fantusul</strong></span> <span class='ocrx_word' id='word_1_168' title='bbox 1652 2937 1809 3017; x_wconf 65' lang='grc' dir='ltr'><strong>υνοπῠὴυ</strong></span> <span class='ocrx_word' id='word_1_169' title='bbox 1828 2935 1954 2998; x_wconf 70' lang='lat' dir='ltr'><strong>melin</strong></span> 
     </span>
     <span class='ocr_line' id='line_1_21' title="bbox 540 3043 919 3124; baseline 0.003 -17"><span class='ocrx_word' id='word_1_170' title='bbox 540 3045 575 3107; x_wconf 75' lang='lat' dir='ltr'><strong>de</strong></span> <span class='ocrx_word' id='word_1_171' title='bbox 595 3043 717 3124; x_wconf 60' lang='lat' dir='ltr'><strong>calcem</strong></span> <span class='ocrx_word' id='word_1_172' title='bbox 731 3045 818 3108; x_wconf 90' lang='lat' dir='ltr'><strong>amho</strong></span> <span class='ocrx_word' id='word_1_173' title='bbox 831 3047 919 3108; x_wconf 83' lang='lat' dir='ltr'><strong>mals.</strong></span> 
     </span>
    </p>
   </div>
   <div class='ocr_carea' id='block_1_4' title="bbox 539 3295 1958 4745">
    <p class='ocr_par' dir='ltr' id='par_1_7' title="bbox 541 3295 1957 3570">
     <span class='ocr_line' id='line_1_22' title="bbox 577 3295 1957 3375; baseline -0.001 -18"><span class='ocrx_word' id='word_1_174' title='bbox 577 3299 614 3375; x_wconf 82' lang='lat' dir='ltr'><strong>(t)</strong></span> <span class='ocrx_word' id='word_1_175' title='bbox 634 3299 673 3357; x_wconf 85' lang='lat' dir='ltr'><strong>Ex</strong></span> <span class='ocrx_word' id='word_1_176' title='bbox 687 3299 740 3357; x_wconf 89' lang='lat' dir='ltr'><strong>isto</strong></span> <span class='ocrx_word' id='word_1_177' title='bbox 755 3299 908 3357; x_wconf 87' lang='lat' dir='ltr'><strong>testimonio</strong></span> <span class='ocrx_word' id='word_1_178' title='bbox 923 3305 998 3373; x_wconf 86' lang='lat' dir='ltr'><strong>putet</strong></span> <span class='ocrx_word' id='word_1_179' title='bbox 1009 3299 1141 3370; x_wconf 78' lang='lat' dir='ltr'><strong>majorem</strong></span> <span class='ocrx_word' id='word_1_180' title='bbox 1159 3299 1186 3355; x_wconf 91' lang='lat' dir='ltr'><strong>in</strong></span> <span class='ocrx_word' id='word_1_181' title='bbox 1202 3297 1253 3355; x_wconf 89' lang='lat' dir='ltr'><strong>hac</strong></span> <span class='ocrx_word' id='word_1_182' title='bbox 1266 3313 1296 3354; x_wconf 91' lang='lat' dir='ltr'><strong>rs</strong></span> <span class='ocrx_word' id='word_1_183' title='bbox 1311 3295 1391 3353; x_wconf 86' lang='lat' dir='ltr'><strong>fldem</strong></span> <span class='ocrx_word' id='word_1_184' title='bbox 1407 3297 1434 3352; x_wconf 82' lang='grc' dir='ltr'><strong>Ρ.</strong></span> <span class='ocrx_word' id='word_1_185' title='bbox 1451 3295 1570 3370; x_wconf 86' lang='lat' dir='ltr'><strong>Loquien</strong></span> <span class='ocrx_word' id='word_1_186' title='bbox 1594 3313 1676 3372; x_wconf 86' lang='lat' dir='ltr'><strong>quam</strong></span> <span class='ocrx_word' id='word_1_187' title='bbox 1698 3297 1867 3356; x_wconf 77' lang='lat' dir='ltr'><strong>hollandistis</strong></span> <span class='ocrx_word' id='word_1_188' title='bbox 1885 3297 1957 3356; x_wconf 83' lang='lat' dir='ltr'><strong>adhi-</strong></span> 
     </span>
     <span class='ocr_line' id='line_1_23' title="bbox 541 3395 1956 3472; baseline -0.001 -16"><span class='ocrx_word' id='word_1_189' title='bbox 541 3399 656 3456; x_wconf 87' lang='lat' dir='ltr'><strong>bendam</strong></span> <span class='ocrx_word' id='word_1_190' title='bbox 674 3414 751 3468; x_wconf 87' lang='lat' dir='ltr'><strong>esse,</strong></span> <span class='ocrx_word' id='word_1_191' title='bbox 776 3413 859 3471; x_wconf 88' lang='lat' dir='ltr'><strong>quum</strong></span> <span class='ocrx_word' id='word_1_192' title='bbox 877 3397 950 3471; x_wconf 89' lang='lat' dir='ltr'><strong>prior</strong></span> <span class='ocrx_word' id='word_1_193' title='bbox 969 3396 1139 3472; x_wconf 82' lang='lat' dir='ltr'><strong>Rodulphum</strong></span> <span class='ocrx_word' id='word_1_194' title='bbox 1157 3405 1221 3470; x_wconf 91' lang='lat' dir='ltr'><strong>post</strong></span> <span class='ocrx_word' id='word_1_195' title='bbox 1238 3395 1392 3454; x_wconf 80' lang='lat' dir='ltr'><strong>lotharium</strong></span> <span class='ocrx_word' id='word_1_196' title='bbox 1411 3395 1591 3470; x_wconf 84' lang='lat' dir='ltr'><strong>patriarcham</strong></span> <span class='ocrx_word' id='word_1_197' title='bbox 1610 3395 1724 3454; x_wconf 89' lang='lat' dir='ltr'><strong>collocet</strong></span> <span class='ocrx_word' id='word_1_198' title='bbox 1742 3398 1857 3472; x_wconf 64' lang='lat' dir='ltr'><strong>dumque</strong></span> <span class='ocrx_word' id='word_1_199' title='bbox 1877 3397 1956 3454; x_wconf 82' lang='lat' dir='ltr'><strong>vitam</strong></span> 
     </span>
     <span class='ocr_line' id='line_1_24' title="bbox 541 3495 1015 3570; baseline 0 -18"><span class='ocrx_word' id='word_1_200' title='bbox 541 3511 627 3570; x_wconf 88' lang='lat' dir='ltr'><strong>nsque</strong></span> <span class='ocrx_word' id='word_1_201' title='bbox 641 3495 669 3552; x_wconf 91' lang='lat' dir='ltr'><strong>in</strong></span> <span class='ocrx_word' id='word_1_202' title='bbox 682 3511 782 3552; x_wconf 89' lang='lat' dir='ltr'><strong>aunum</strong></span> <span class='ocrx_word' id='word_1_203' title='bbox 796 3499 865 3552; x_wconf 74' lang='lat'><strong>⁴225</strong></span> <span class='ocrx_word' id='word_1_204' title='bbox 877 3495 1015 3569; x_wconf 84' lang='lat' dir='ltr'><strong>producat.</strong></span> 
     </span>
    </p>

    <p class='ocr_par' dir='ltr' id='par_1_8' title="bbox 539 3590 1958 4745">
     <span class='ocr_line' id='line_1_25' title="bbox 578 3590 1957 3668; baseline -0.002 -17"><span class='ocrx_word' id='word_1_205' title='bbox 578 3594 613 3668; x_wconf 59' lang='grc' dir='ltr'><strong>(ἲ)</strong></span> <span class='ocrx_word' id='word_1_206' title='bbox 631 3593 699 3650; x_wconf 84' lang='lat' dir='ltr'><strong>Cum</strong></span> <span class='ocrx_word' id='word_1_207' title='bbox 716 3599 806 3650; x_wconf 84' lang='lat' dir='ltr'><strong>autem</strong></span> <span class='ocrx_word' id='word_1_208' title='bbox 824 3594 921 3650; x_wconf 86' lang='lat' dir='ltr'><strong>Petrus</strong></span> <span class='ocrx_word' id='word_1_209' title='bbox 940 3593 975 3650; x_wconf 90' lang='lat' dir='ltr'><strong>de</strong></span> <span class='ocrx_word' id='word_1_210' title='bbox 987 3593 1077 3652; x_wconf 86' lang='lat' dir='ltr'><strong>llonte</strong></span> <span class='ocrx_word' id='word_1_211' title='bbox 1090 3593 1177 3651; x_wconf 79' lang='lat' dir='ltr'><strong>Acuto</strong></span> <span class='ocrx_word' id='word_1_212' title='bbox 1194 3599 1259 3650; x_wconf 87' lang='lat' dir='ltr'><strong>tunc</strong></span> <span class='ocrx_word' id='word_1_213' title='bbox 1274 3591 1404 3666; x_wconf 90' lang='lat' dir='ltr'><strong>temporis</strong></span> <span class='ocrx_word' id='word_1_214' title='bbox 1420 3591 1501 3648; x_wconf 83' lang='lat' dir='ltr'><strong>luerit</strong></span> <span class='ocrx_word' id='word_1_215' title='bbox 1517 3590 1643 3665; x_wconf 57' lang='lat' dir='ltr'><strong>magister</strong></span> <span class='ocrx_word' id='word_1_216' title='bbox 1656 3590 1773 3666; x_wconf 84' lang='lat' dir='ltr'><strong>Templi,</strong></span> <span class='ocrx_word' id='word_1_217' title='bbox 1794 3591 1832 3649; x_wconf 88' lang='lat' dir='ltr'><strong>nil</strong></span> <span class='ocrx_word' id='word_1_218' title='bbox 1846 3591 1957 3650; x_wconf 86' lang='lat' dir='ltr'><strong>dubium</strong></span> 
     </span>
     <span class='ocr_line' id='line_1_26' title="bbox 540 3689 1956 3765; baseline 0 -19"><span class='ocrx_word' id='word_1_219' title='bbox 540 3691 605 3765; x_wconf 87' lang='lat' dir='ltr'><strong>quin</strong></span> <span class='ocrx_word' id='word_1_220' title='bbox 618 3691 654 3748; x_wconf 90' lang='lat' dir='ltr'><strong>sit</strong></span> <span class='ocrx_word' id='word_1_221' title='bbox 666 3697 809 3764; x_wconf 83' lang='lat' dir='ltr'><strong>corruptus</strong></span> <span class='ocrx_word' id='word_1_222' title='bbox 826 3691 875 3748; x_wconf 88' lang='lat' dir='ltr'><strong>iste</strong></span> <span class='ocrx_word' id='word_1_223' title='bbox 893 3689 975 3748; x_wconf 90' lang='lat' dir='ltr'><strong>locus.</strong></span> <span class='ocrx_word' id='word_1_224' title='bbox 994 3689 1147 3764; x_wconf 69' lang='lat' dir='ltr'><strong>legendnm</strong></span> <span class='ocrx_word' id='word_1_225' title='bbox 1162 3689 1252 3747; x_wconf 80' lang='lat' dir='ltr'><strong>forsan</strong></span> <span class='ocrx_word' id='word_1_226' title='bbox 1266 3704 1408 3746; x_wconf 84' lang='lat' dir='ltr'><strong>censemus</strong></span> <span class='ocrx_word' id='word_1_227' title='bbox 1424 3695 1561 3763; x_wconf 77' lang='lat' dir='ltr'><strong>preceptor</strong></span> <span class='ocrx_word' id='word_1_228' title='bbox 1575 3689 1635 3746; x_wconf 83' lang='lat' dir='ltr'><strong>vice</strong></span> <span class='ocrx_word' id='word_1_229' title='bbox 1650 3689 1727 3746; x_wconf 78' lang='lat' dir='ltr'><strong>verbi</strong></span> <span class='ocrx_word' id='word_1_230' title='bbox 1741 3691 1882 3763; x_wconf 78' lang='lat' dir='ltr'><strong>mupister,</strong></span> <span class='ocrx_word' id='word_1_231' title='bbox 1898 3705 1956 3746; x_wconf 81' lang='lat' dir='ltr'><strong>urm</strong></span> 
     </span>
     <span class='ocr_line' id='line_1_27' title="bbox 539 3785 1954 3863; baseline -0.002 -17"><span class='ocrx_word' id='word_1_232' title='bbox 539 3805 572 3846; x_wconf 82' lang='lat' dir='ltr'><strong>ex</strong></span> <span class='ocrx_word' id='word_1_233' title='bbox 584 3788 681 3846; x_wconf 86' lang='lat' dir='ltr'><strong>littoris</strong></span> <span class='ocrx_word' id='word_1_234' title='bbox 694 3789 804 3845; x_wconf 76' lang='lat' dir='ltr'><strong>honorii</strong></span> <span class='ocrx_word' id='word_1_235' title='bbox 822 3789 957 3846; x_wconf 86' lang='lat' dir='ltr'><strong>discamus</strong></span> <span class='ocrx_word' id='word_1_236' title='bbox 969 3796 1172 3863; x_wconf 86' lang='lat' dir='ltr'><strong>praeceptorem</strong></span> <span class='ocrx_word' id='word_1_237' title='bbox 1185 3787 1287 3861; x_wconf 86' lang='lat' dir='ltr'><strong>Templi</strong></span> <span class='ocrx_word' id='word_1_238' title='bbox 1300 3787 1445 3844; x_wconf 79' lang='lat' dir='ltr'><strong>conventui</strong></span> <span class='ocrx_word' id='word_1_239' title='bbox 1458 3787 1531 3861; x_wconf 87' lang='lat' dir='ltr'><strong>apud</strong></span> <span class='ocrx_word' id='word_1_240' title='bbox 1544 3785 1716 3845; x_wconf 81' lang='lat' dir='ltr'><strong>Ferentinum</strong></span> <span class='ocrx_word' id='word_1_241' title='bbox 1732 3786 1859 3846; x_wconf 74' lang='lat' dir='ltr'><strong>adfuisse</strong></span> <span class='ocrx_word' id='word_1_242' title='bbox 1874 3787 1954 3862; x_wconf 76' lang='lat' dir='ltr'><strong>Frag-</strong></span> 
     </span>
     <span class='ocr_line' id='line_1_28' title="bbox 539 3883 1955 3960; baseline -0.001 -16"><span class='ocrx_word' id='word_1_243' title='bbox 539 3893 661 3944; x_wconf 87' lang='lat' dir='ltr'><strong>mentum</strong></span> <span class='ocrx_word' id='word_1_244' title='bbox 684 3886 814 3943; x_wconf 90' lang='lat' dir='ltr'><strong>ineditum</strong></span> <span class='ocrx_word' id='word_1_245' title='bbox 831 3886 956 3944; x_wconf 81' lang='lat' dir='ltr'><strong>addimus</strong></span> <span class='ocrx_word' id='word_1_246' title='bbox 970 3901 1004 3944; x_wconf 85' lang='lat' dir='ltr'><strong>ex</strong></span> <span class='ocrx_word' id='word_1_247' title='bbox 1017 3885 1134 3960; x_wconf 78' lang='lat' dir='ltr'><strong>qnadmn</strong></span> <span class='ocrx_word' id='word_1_248' title='bbox 1149 3884 1283 3943; x_wconf 87' lang='lat' dir='ltr'><strong>Guillelmi</strong></span> <span class='ocrx_word' id='word_1_249' title='bbox 1296 3885 1424 3960; x_wconf 79' lang='lat' dir='ltr'><strong>Tyrensis</strong></span> <span class='ocrx_word' id='word_1_250' title='bbox 1437 3883 1639 3942; x_wconf 87' lang='lat' dir='ltr'><strong>continuatione</strong></span> <span class='ocrx_word' id='word_1_251' title='bbox 1649 3883 1731 3958; x_wconf 76' lang='lat' dir='ltr'><strong>(Cod.</strong></span> <span class='ocrx_word' id='word_1_252' title='bbox 1746 3888 1818 3942; x_wconf 72' lang='grc'><strong>8316</strong></span> <span class='ocrx_word' id='word_1_253' title='bbox 1832 3885 1955 3943; x_wconf 80' lang='lat' dir='ltr'><strong>Biblioth.</strong></span> 
     </span>
     <span class='ocr_line' id='line_1_29' title="bbox 539 3982 1956 4058; baseline 0.001 -18"><span class='ocrx_word' id='word_1_254' title='bbox 539 3985 635 4054; x_wconf 71' lang='lat' dir='ltr'><strong>Paris,</strong></span> <span class='ocrx_word' id='word_1_255' title='bbox 646 3983 691 4041; x_wconf 86' lang='lat' dir='ltr'><strong>lul.</strong></span> <span class='ocrx_word' id='word_1_256' title='bbox 703 3983 854 4057; x_wconf 72' lang='lat' dir='ltr'><strong>staveren)</strong></span> <span class='ocrx_word' id='word_1_257' title='bbox 865 4003 872 4040; x_wconf 91' lang='lat'>:</span> <span class='ocrx_word' id='word_1_258' title='bbox 885 3985 943 4042; x_wconf 79' lang='lat' dir='ltr'><strong>«Et</strong></span> <span class='ocrx_word' id='word_1_259' title='bbox 954 3986 1008 4042; x_wconf 88' lang='lat' dir='ltr'><strong>lnrs</strong></span> <span class='ocrx_word' id='word_1_260' title='bbox 1020 3984 1039 4040; x_wconf 95' lang='lat' dir='ltr'><strong>li</strong></span> <span class='ocrx_word' id='word_1_261' title='bbox 1050 3999 1202 4058; x_wconf 87' lang='lat' dir='ltr'><strong>empererss</strong></span> <span class='ocrx_word' id='word_1_262' title='bbox 1215 4025 1222 4040; x_wconf 90' lang='lat'><strong>.</strong></span> <span class='ocrx_word' id='word_1_263' title='bbox 1240 4026 1246 4039; x_wconf 93' lang='lat'>.</span> <span class='ocrx_word' id='word_1_264' title='bbox 1263 4023 1270 4039; x_wconf 90' lang='lat'><strong>.</strong></span> <span class='ocrx_word' id='word_1_265' title='bbox 1284 4023 1291 4038; x_wconf 89' lang='lat'><strong>.</strong></span> <span class='ocrx_word' id='word_1_266' title='bbox 1312 4025 1319 4039; x_wconf 94' lang='lat'>.</span> <span class='ocrx_word' id='word_1_267' title='bbox 1332 3983 1485 4040; x_wconf 83' lang='lat' dir='ltr'><strong>envoiallll</strong></span> <span class='ocrx_word' id='word_1_268' title='bbox 1493 3982 1599 4057; x_wconf 70' lang='lat' dir='ltr'><strong>galiesa</strong></span> <span class='ocrx_word' id='word_1_269' title='bbox 1611 3983 1679 4042; x_wconf 78' lang='lat' dir='ltr'><strong>hore</strong></span> <span class='ocrx_word' id='word_1_270' title='bbox 1691 3999 1761 4058; x_wconf 88' lang='lat' dir='ltr'><strong>pour</strong></span> <span class='ocrx_word' id='word_1_271' title='bbox 1771 4000 1883 4042; x_wconf 88' lang='lat' dir='ltr'><strong>amencr</strong></span> <span class='ocrx_word' id='word_1_272' title='bbox 1893 4000 1956 4042; x_wconf 87' lang='lat' dir='ltr'><strong>cens</strong></span> 
     </span>
     <span class='ocr_line' id='line_1_30' title="bbox 542 4081 1955 4158; baseline 0.004 -23"><span class='ocrx_word' id='word_1_273' title='bbox 542 4102 555 4135; x_wconf 71' lang='lat' dir='ltr'><strong>s</strong></span> <span class='ocrx_word' id='word_1_274' title='bbox 568 4098 622 4154; x_wconf 90' lang='lat' dir='ltr'><strong>que</strong></span> <span class='ocrx_word' id='word_1_275' title='bbox 633 4097 701 4140; x_wconf 90' lang='lat' dir='ltr'><strong>nous</strong></span> <span class='ocrx_word' id='word_1_276' title='bbox 714 4099 800 4141; x_wconf 84' lang='lat' dir='ltr'><strong>avons</strong></span> <span class='ocrx_word' id='word_1_277' title='bbox 810 4083 859 4140; x_wconf 91' lang='lat' dir='ltr'><strong>dit.</strong></span> <span class='ocrx_word' id='word_1_278' title='bbox 875 4083 905 4140; x_wconf 88' lang='lat' dir='ltr'><strong>Li</strong></span> <span class='ocrx_word' id='word_1_279' title='bbox 919 4083 974 4141; x_wconf 84' lang='lat' dir='ltr'><strong>nois</strong></span> <span class='ocrx_word' id='word_1_280' title='bbox 985 4083 1070 4140; x_wconf 83' lang='lat' dir='ltr'><strong>lehun</strong></span> <span class='ocrx_word' id='word_1_281' title='bbox 1082 4083 1177 4140; x_wconf 84' lang='lat' dir='ltr'><strong>establi</strong></span> <span class='ocrx_word' id='word_1_282' title='bbox 1189 4082 1215 4140; x_wconf 89' lang='lat' dir='ltr'><strong>la</strong></span> <span class='ocrx_word' id='word_1_283' title='bbox 1228 4089 1298 4140; x_wconf 85' lang='lat' dir='ltr'><strong>terre</strong></span> <span class='ocrx_word' id='word_1_284' title='bbox 1310 4083 1335 4140; x_wconf 90' lang='lat' dir='ltr'><strong>le</strong></span> <span class='ocrx_word' id='word_1_285' title='bbox 1346 4082 1419 4140; x_wconf 86' lang='lat' dir='ltr'><strong>miex</strong></span> <span class='ocrx_word' id='word_1_286' title='bbox 1431 4098 1485 4156; x_wconf 90' lang='lat' dir='ltr'><strong>que</strong></span> <span class='ocrx_word' id='word_1_287' title='bbox 1497 4082 1517 4139; x_wconf 94' lang='lat' dir='ltr'><strong>il</strong></span> <span class='ocrx_word' id='word_1_288' title='bbox 1529 4091 1586 4158; x_wconf 92' lang='lat' dir='ltr'><strong>put,</strong></span> <span class='ocrx_word' id='word_1_289' title='bbox 1598 4081 1675 4141; x_wconf 89' lang='lat' dir='ltr'><strong>selon</strong></span> <span class='ocrx_word' id='word_1_290' title='bbox 1688 4081 1837 4158; x_wconf 81' lang='lat' dir='ltr'><strong>laporretd</strong></span> <span class='ocrx_word' id='word_1_291' title='bbox 1848 4099 1882 4140; x_wconf 92' lang='lat' dir='ltr'><strong>en</strong></span> <span class='ocrx_word' id='word_1_292' title='bbox 1894 4081 1955 4156; x_wconf 89' lang='lat' dir='ltr'><strong>quoi</strong></span> 
     </span>
     <span class='ocr_line' id='line_1_31' title="bbox 542 4179 1958 4256; baseline 0.003 -24"><span class='ocrx_word' id='word_1_293' title='bbox 542 4179 619 4236; x_wconf 75' lang='lat' dir='ltr'><strong>selle</strong></span> <span class='ocrx_word' id='word_1_294' title='bbox 633 4179 715 4238; x_wconf 87' lang='lat' dir='ltr'><strong>estoit</strong></span> <span class='ocrx_word' id='word_1_295' title='bbox 728 4189 756 4236; x_wconf 89' lang='lat' dir='ltr'><strong>et</strong></span> <span class='ocrx_word' id='word_1_296' title='bbox 769 4181 832 4238; x_wconf 87' lang='lat' dir='ltr'><strong>mist</strong></span> <span class='ocrx_word' id='word_1_297' title='bbox 845 4197 878 4238; x_wconf 90' lang='lat' dir='ltr'><strong>eu</strong></span> <span class='ocrx_word' id='word_1_298' title='bbox 892 4195 941 4238; x_wconf 87' lang='lat' dir='ltr'><strong>son</strong></span> <span class='ocrx_word' id='word_1_299' title='bbox 954 4180 1009 4238; x_wconf 90' lang='lat' dir='ltr'><strong>lieu</strong></span> <span class='ocrx_word' id='word_1_300' title='bbox 1027 4179 1052 4237; x_wconf 91' lang='lat' dir='ltr'><strong>le</strong></span> <span class='ocrx_word' id='word_1_301' title='bbox 1065 4180 1238 4238; x_wconf 85' lang='lat' dir='ltr'><strong>connestahls</strong></span> <span class='ocrx_word' id='word_1_302' title='bbox 1252 4179 1345 4239; x_wconf 88' lang='lat' dir='ltr'><strong>Oeude</strong></span> <span class='ocrx_word' id='word_1_303' title='bbox 1360 4181 1395 4238; x_wconf 90' lang='lat' dir='ltr'><strong>de</strong></span> <span class='ocrx_word' id='word_1_304' title='bbox 1408 4181 1565 4240; x_wconf 85' lang='lat' dir='ltr'><strong>llonthliart</strong></span> <span class='ocrx_word' id='word_1_305' title='bbox 1577 4187 1606 4239; x_wconf 83' lang='lat' dir='ltr'><strong>et</strong></span> <span class='ocrx_word' id='word_1_306' title='bbox 1619 4195 1701 4256; x_wconf 87' lang='lat' dir='ltr'><strong>passa</strong></span> <span class='ocrx_word' id='word_1_307' title='bbox 1718 4197 1755 4239; x_wconf 92' lang='lat' dir='ltr'><strong>eu</strong></span> <span class='ocrx_word' id='word_1_308' title='bbox 1767 4197 1813 4240; x_wconf 72' lang='lat' dir='ltr'><strong>soe</strong></span> <span class='ocrx_word' id='word_1_309' title='bbox 1827 4181 1910 4255; x_wconf 76' lang='lat' dir='ltr'><strong>ganas</strong></span> <span class='ocrx_word' id='word_1_310' title='bbox 1921 4179 1958 4238; x_wconf 90' lang='lat' dir='ltr'><strong>lui·</strong></span> 
     </span>
     <span class='ocr_line' id='line_1_32' title="bbox 542 4277 1955 4353; baseline 0.004 -23"><span class='ocrx_word' id='word_1_311' title='bbox 542 4283 597 4334; x_wconf 78' lang='lat' dir='ltr'><strong>»et</strong></span> <span class='ocrx_word' id='word_1_312' title='bbox 610 4277 628 4334; x_wconf 93' lang='lat' dir='ltr'><strong>li</strong></span> <span class='ocrx_word' id='word_1_313' title='bbox 641 4278 713 4352; x_wconf 83' lang='lat' dir='ltr'><strong>legas</strong></span> <span class='ocrx_word' id='word_1_314' title='bbox 728 4285 757 4336; x_wconf 85' lang='lat' dir='ltr'><strong>et</strong></span> <span class='ocrx_word' id='word_1_315' title='bbox 772 4277 798 4335; x_wconf 89' lang='lat' dir='ltr'><strong>le</strong></span> <span class='ocrx_word' id='word_1_316' title='bbox 810 4277 919 4336; x_wconf 90' lang='lat' dir='ltr'><strong>maistre</strong></span> <span class='ocrx_word' id='word_1_317' title='bbox 933 4279 967 4337; x_wconf 91' lang='lat' dir='ltr'><strong>de</strong></span> <span class='ocrx_word' id='word_1_318' title='bbox 980 4278 1103 4352; x_wconf 83' lang='lat' dir='ltr'><strong>l’Ospital</strong></span> <span class='ocrx_word' id='word_1_319' title='bbox 1115 4277 1186 4336; x_wconf 85' lang='lat' dir='ltr'><strong>lrera</strong></span> <span class='ocrx_word' id='word_1_320' title='bbox 1200 4277 1282 4336; x_wconf 87' lang='lat' dir='ltr'><strong>Garin</strong></span> <span class='ocrx_word' id='word_1_321' title='bbox 1294 4279 1328 4336; x_wconf 92' lang='lat' dir='ltr'><strong>de</strong></span> <span class='ocrx_word' id='word_1_322' title='bbox 1341 4279 1476 4353; x_wconf 77' lang='lat' dir='ltr'><strong>lluntagu.</strong></span> <span class='ocrx_word' id='word_1_323' title='bbox 1490 4279 1524 4336; x_wconf 81' lang='lat' dir='ltr'><strong>lit</strong></span> <span class='ocrx_word' id='word_1_324' title='bbox 1536 4279 1606 4338; x_wconf 75' lang='lat' dir='ltr'><strong>here</strong></span> <span class='ocrx_word' id='word_1_325' title='bbox 1619 4279 1712 4338; x_wconf 77' lang='lat' dir='ltr'><strong>Piens</strong></span> <span class='ocrx_word' id='word_1_326' title='bbox 1728 4278 1763 4336; x_wconf 87' lang='lat' dir='ltr'><strong>de</strong></span> <span class='ocrx_word' id='word_1_327' title='bbox 1774 4279 1903 4353; x_wconf 70' lang='lat' dir='ltr'><strong>nonugu</strong></span> <span class='ocrx_word' id='word_1_328' title='bbox 1915 4278 1955 4336; x_wconf 79' lang='lat' dir='ltr'><strong>uni</strong></span> 
     </span>
     <span class='ocr_line' id='line_1_33' title="bbox 542 4374 1955 4451; baseline 0.004 -25"><span class='ocrx_word' id='word_1_329' title='bbox 542 4393 555 4425; x_wconf 76' lang='grc' dir='ltr'><strong>ι</strong></span> <span class='ocrx_word' id='word_1_330' title='bbox 569 4374 650 4430; x_wconf 76' lang='lat' dir='ltr'><strong>estoit</strong></span> <span class='ocrx_word' id='word_1_331' title='bbox 658 4375 781 4432; x_wconf 89' lang='lat' dir='ltr'><strong>maistres</strong></span> <span class='ocrx_word' id='word_1_332' title='bbox 794 4374 847 4432; x_wconf 92' lang='lat' dir='ltr'><strong>dou</strong></span> <span class='ocrx_word' id='word_1_333' title='bbox 860 4375 970 4448; x_wconf 85' lang='lat' dir='ltr'><strong>Temple</strong></span> <span class='ocrx_word' id='word_1_334' title='bbox 982 4377 1010 4433; x_wconf 89' lang='lat' dir='ltr'><strong>ni</strong></span> <span class='ocrx_word' id='word_1_335' title='bbox 1021 4374 1094 4434; x_wconf 83' lang='lat' dir='ltr'><strong>vault</strong></span> <span class='ocrx_word' id='word_1_336' title='bbox 1106 4374 1176 4447; x_wconf 86' lang='lat' dir='ltr'><strong>uler;</strong></span> <span class='ocrx_word' id='word_1_337' title='bbox 1189 4375 1258 4433; x_wconf 86' lang='lat' dir='ltr'><strong>mais</strong></span> <span class='ocrx_word' id='word_1_338' title='bbox 1272 4375 1320 4451; x_wconf 81' lang='lat' dir='ltr'><strong>ily</strong></span> <span class='ocrx_word' id='word_1_339' title='bbox 1331 4376 1425 4434; x_wconf 81' lang='lat' dir='ltr'><strong>euroin</strong></span> <span class='ocrx_word' id='word_1_340' title='bbox 1436 4392 1475 4432; x_wconf 90' lang='lat' dir='ltr'><strong>un</strong></span> <span class='ocrx_word' id='word_1_341' title='bbox 1487 4376 1645 4450; x_wconf 87' lang='lat' dir='ltr'><strong>prudomme</strong></span> <span class='ocrx_word' id='word_1_342' title='bbox 1656 4376 1689 4433; x_wconf 90' lang='lat' dir='ltr'><strong>de</strong></span> <span class='ocrx_word' id='word_1_343' title='bbox 1703 4391 1750 4434; x_wconf 86' lang='lat' dir='ltr'><strong>ses</strong></span> <span class='ocrx_word' id='word_1_344' title='bbox 1760 4376 1847 4434; x_wconf 69' lang='lat' dir='ltr'><strong>herm</strong></span> <span class='ocrx_word' id='word_1_345' title='bbox 1859 4391 1894 4432; x_wconf 89' lang='lat' dir='ltr'><strong>on</strong></span> <span class='ocrx_word' id='word_1_346' title='bbox 1908 4389 1955 4432; x_wconf 90' lang='lat' dir='ltr'><strong>sun</strong></span> 
     </span>
     <span class='ocr_line' id='line_1_34' title="bbox 543 4470 1956 4548; baseline 0.004 -24"><span class='ocrx_word' id='word_1_347' title='bbox 543 4489 557 4524; x_wconf 71' lang='lat' dir='ltr'><strong>s</strong></span> <span class='ocrx_word' id='word_1_348' title='bbox 570 4470 622 4528; x_wconf 88' lang='lat' dir='ltr'><strong>lien</strong></span> <span class='ocrx_word' id='word_1_349' title='bbox 634 4472 682 4545; x_wconf 85' lang='lat' dir='ltr'><strong>qui</strong></span> <span class='ocrx_word' id='word_1_350' title='bbox 694 4473 766 4530; x_wconf 75' lang='lat' dir='ltr'><strong>auoit</strong></span> <span class='ocrx_word' id='word_1_351' title='bbox 776 4489 828 4531; x_wconf 91' lang='lat' dir='ltr'><strong>non</strong></span> <span class='ocrx_word' id='word_1_352' title='bbox 842 4473 912 4531; x_wconf 80' lang='lat' dir='ltr'><strong>frere</strong></span> <span class='ocrx_word' id='word_1_353' title='bbox 925 4473 1074 4532; x_wconf 84' lang='lat' dir='ltr'><strong>Guillaurne</strong></span> <span class='ocrx_word' id='word_1_354' title='bbox 1086 4474 1176 4533; x_wconf 82' lang='lat' dir='ltr'><strong>Cadel.</strong></span> <span class='ocrx_word' id='word_1_355' title='bbox 1190 4475 1211 4532; x_wconf 95' lang='lat' dir='ltr'><strong>ll</strong></span> <span class='ocrx_word' id='word_1_356' title='bbox 1223 4475 1357 4533; x_wconf 74' lang='lat' dir='ltr'><strong>unvereut</strong></span> <span class='ocrx_word' id='word_1_357' title='bbox 1372 4491 1407 4532; x_wconf 88' lang='lat' dir='ltr'><strong>eu</strong></span> <span class='ocrx_word' id='word_1_358' title='bbox 1422 4474 1507 4532; x_wconf 85' lang='lat' dir='ltr'><strong>Puille</strong></span> <span class='ocrx_word' id='word_1_359' title='bbox 1519 4491 1554 4532; x_wconf 87' lang='lat' dir='ltr'><strong>au</strong></span> <span class='ocrx_word' id='word_1_360' title='bbox 1565 4479 1629 4548; x_wconf 88' lang='lat' dir='ltr'><strong>port</strong></span> <span class='ocrx_word' id='word_1_361' title='bbox 1642 4474 1677 4532; x_wconf 87' lang='lat' dir='ltr'><strong>de</strong></span> <span class='ocrx_word' id='word_1_362' title='bbox 1689 4473 1812 4532; x_wconf 74' lang='lat' dir='ltr'><strong>Blandis.</strong></span> <span class='ocrx_word' id='word_1_363' title='bbox 1827 4474 1858 4530; x_wconf 86' lang='lat' dir='ltr'><strong>hi</strong></span> <span class='ocrx_word' id='word_1_364' title='bbox 1868 4487 1956 4546; x_wconf 80' lang='lat' dir='ltr'><strong>empe</strong></span> 
     </span>
     <span class='ocr_line' id='line_1_35' title="bbox 542 4570 1955 4647; baseline 0.001 -25"><span class='ocrx_word' id='word_1_365' title='bbox 542 4583 643 4625; x_wconf 77' lang='lat' dir='ltr'><strong>»renes</strong></span> <span class='ocrx_word' id='word_1_366' title='bbox 655 4572 750 4627; x_wconf 81' lang='lat' dir='ltr'><strong>envoia</strong></span> <span class='ocrx_word' id='word_1_367' title='bbox 765 4577 857 4629; x_wconf 74' lang='lat' dir='ltr'><strong>conus</strong></span> <span class='ocrx_word' id='word_1_368' title='bbox 870 4587 935 4629; x_wconf 78' lang='lat' dir='ltr'><strong>eam</strong></span> <span class='ocrx_word' id='word_1_369' title='bbox 946 4579 975 4629; x_wconf 91' lang='lat' dir='ltr'><strong>ut</strong></span> <span class='ocrx_word' id='word_1_370' title='bbox 990 4570 1029 4630; x_wconf 89' lang='lat' dir='ltr'><strong>les</strong></span> <span class='ocrx_word' id='word_1_371' title='bbox 1045 4571 1090 4629; x_wconf 89' lang='lat' dir='ltr'><strong>list</strong></span> <span class='ocrx_word' id='word_1_372' title='bbox 1101 4572 1185 4630; x_wconf 91' lang='lat' dir='ltr'><strong>moult</strong></span> <span class='ocrx_word' id='word_1_373' title='bbox 1195 4572 1330 4630; x_wconf 86' lang='lat' dir='ltr'><strong>hunnorer</strong></span> <span class='ocrx_word' id='word_1_374' title='bbox 1342 4579 1372 4630; x_wconf 91' lang='lat' dir='ltr'><strong>et</strong></span> <span class='ocrx_word' id='word_1_375' title='bbox 1384 4571 1425 4630; x_wconf 85' lang='lat' dir='ltr'><strong>lor</strong></span> <span class='ocrx_word' id='word_1_376' title='bbox 1437 4571 1534 4631; x_wconf 79' lang='lat' dir='ltr'><strong>envoia</strong></span> <span class='ocrx_word' id='word_1_377' title='bbox 1548 4571 1632 4646; x_wconf 65' lang='lat' dir='ltr'><strong>pund</strong></span> <span class='ocrx_word' id='word_1_378' title='bbox 1644 4570 1736 4647; x_wconf 83' lang='lat' dir='ltr'><strong>plante</strong></span> <span class='ocrx_word' id='word_1_379' title='bbox 1751 4571 1786 4630; x_wconf 87' lang='lat' dir='ltr'><strong>ds</strong></span> <span class='ocrx_word' id='word_1_380' title='bbox 1800 4571 1955 4628; x_wconf 73' lang='lat' dir='ltr'><strong>cheminot</strong></span> 
     </span>
     <span class='ocr_line' id='line_1_36' title="bbox 542 4665 1289 4745; baseline 0.009 -28"><span class='ocrx_word' id='word_1_381' title='bbox 542 4685 555 4717; x_wconf 74' lang='lat' dir='ltr'><strong>l</strong></span> <span class='ocrx_word' id='word_1_382' title='bbox 570 4665 611 4724; x_wconf 86' lang='lat' dir='ltr'><strong>lcr</strong></span> <span class='ocrx_word' id='word_1_383' title='bbox 621 4666 667 4723; x_wconf 83' lang='lat' dir='ltr'><strong>fist</strong></span> <span class='ocrx_word' id='word_1_384' title='bbox 677 4667 745 4726; x_wconf 76' lang='lat' dir='ltr'><strong>faire</strong></span> <span class='ocrx_word' id='word_1_385' title='bbox 756 4669 796 4727; x_wconf 91' lang='lat' dir='ltr'><strong>lor</strong></span> <span class='ocrx_word' id='word_1_386' title='bbox 808 4669 925 4745; x_wconf 87' lang='lat' dir='ltr'><strong>despens</strong></span> <span class='ocrx_word' id='word_1_387' title='bbox 935 4670 1021 4728; x_wconf 87' lang='lat' dir='ltr'><strong>moult</strong></span> <span class='ocrx_word' id='word_1_388' title='bbox 1034 4669 1195 4744; x_wconf 87' lang='lat' dir='ltr'><strong>richement,</strong></span> <span class='ocrx_word' id='word_1_389' title='bbox 1210 4678 1261 4729; x_wconf 89' lang='lat' dir='ltr'><strong>etc.</strong></span> <span class='ocrx_word' id='word_1_390' title='bbox 1275 4689 1289 4724; x_wconf 73' lang='lat' dir='ltr'><strong>s</strong></span> 
     </span>
    </p>
   </div>
   <div class='ocr_carea' id='block_1_5' title="bbox 0 0 2153 5892">
    <p class='ocr_par' dir='ltr' id='par_1_9' title="bbox 0 0 2153 5892">
     <span class='ocr_line' id='line_1_37' title="bbox 0 0 2153 5892; baseline 0 0"><span class='ocrx_word' id='word_1_391' title='bbox 0 0 2153 5892; x_wconf 95' lang='lat' dir='ltr'><strong> </strong></span> 
     </span>
    </p>
   </div>
  </div>
 </body>
</html>
