4272 5886
174 622 276 684 lucrer.
294 617 355 698 tn]
626 611 824 676 HISTORIA
845 601 1141 672 otenomnrtce
1533 595 1591 658 531

224 757 371 850 Signum
388 749 522 826 domini
538 747 705 822 Friderici
730 746 877 822 secundi
894 744 958 819 Dei
983 741 1093 837 gratia
1118 735 1338 814 invictissimi
1360 735 1591 808 Romanorum

176 879 408 978 imperatoris,
427 897 565 971 semper
581 875 738 970 augusti,
758 871 971 946 Hierusalem
984 877 1021 942 et
1033 865 1149 940 Sicilie
1165 863 1270 958 regis.

225 1006 311 1080 Acta
336 1006 476 1077 inerunt
493 999 559 1074 hee
579 1021 673 1074 anno
694 997 867 1073 dominice
883 991 1131 1069 incarnationis
1152 989 1335 1062 millesimo
1356 982 1594 1061 ducentesimo

177 1131 347 1227 vigesimo
378 1135 498 1218 sexto,
527 1147 646 1199 mense
670 1125 848 1217 ianuurIo,
881 1118 1141 1217 quartadecima
1169 1113 1374 1200 Indictione,
1404 1110 1595 1204 imperante

178 1256 321 1330 domino
349 1262 466 1326 nostro
493 1250 668 1325 Friderico
694 1249 724 1321 ll
747 1249 810 1322 Dei
838 1247 947 1342 graba
974 1242 1201 1318 invictissimo
1225 1242 1455 1312 Romanorum
1481 1235 1593 1329 impe·

177 1389 301 1472 ratore,
321 1401 457 1474 semper
474 1385 635 1473 augusto,
656 1375 870 1448 Hierusalem
887 1381 922 1446 et
937 1371 1052 1446 Sicilie
1072 1391 1170 1464 rege,
1191 1387 1283 1440 anno
1295 1362 1442 1438 Romani
1459 1360 1595 1456 Imperii

178 1506 254 1598 ejus
273 1513 391 1596 sexto,
412 1503 512 1599 regni
528 1502 743 1576 Hierusalem
763 1501 876 1598 primo
893 1510 928 1572 et
944 1496 1043 1592 regni
1067 1495 1183 1569 Sicilie
1203 1493 1374 1588 vigesimo
1394 1509 1486 1563 nono
1499 1485 1592 1584 (ric),

178 1629 332 1704 feliciter.
353 1627 478 1702 Amen.
523 1666 526 1676 ·

228 1756 352 1828 Datum
370 1753 467 1850 apud
485 1753 650 1827 Sanctum
672 1750 852 1838 Quirinum
869 1746 943 1844 (l),
963 1767 1075 1839 anno,
1101 1765 1220 1819 mense
1240 1749 1275 1816 et
1297 1739 1486 1814 indictione
1510 1763 1595 1836 pm-

179 1880 329 1978 euripila.

430 2119 1097 2134 ——n——uuu-hnaaunnnunnae—-m--u-.---..-.
1112 2117 1224 2126 ωσι-ιιι
1246 2117 1254 2124 ο

234 2431 466 2538 FridericuS,
488 2432 751 2516 Romanorum
769 2429 990 2541 imperator,
1010 2429 1230 2514 Hermanno
1252 2429 1437 2542 magistro
1460 2429 1599 2513 domus
1638 2501 1662 2516 ..
1766 2483 1788 2514 ο.

182 2567 343 2652 Sanctae
359 2567 500 2654 Mariae
527 2565 851 2650 Theutonicorum
874 2573 912 2649 et
937 2563 1121 2648 fratribus
1142 2563 1225 2676 ejus
1247 2563 1449 2649 confirmat
1470 2564 1601 2647 omnia

181 2701 284 2786 bona
301 2729 402 2814 quae
426 2703 466 2784 in
490 2728 610 2813 regno
628 2701 973 2816 Hierosolymitano
997 2729 1021 2785 a
1040 2699 1395 2814 praedecessoribus
1417 2697 1601 2784 isabellae

182 2835 358 2950 conjugis
386 2862 477 2920 snae
504 2837 649 2920 habent
674 2847 712 2922 et
739 2836 908 2922 habituri
932 2845 1045 2942 sunt,
1073 2863 1241 2948 quornm
1267 2835 1424 2920 nomina
1449 2843 1487 2918 et
1504 2832 1600 2918 fines

184 2971 350 3054 seriatim
381 2971 669 3081 exprimuntur,
696 2997 845 3056 necnon
877 2971 1159 3070 barbacanam,
1197 2982 1344 3075 turrea,
1380 2995 1537 3078 muros,
1566 2981 1605 3054 et

183 3104 371 3188 fossatum
393 3105 443 3189 ab
460 3105 624 3190 Henrico
641 3107 818 3190 Trecensi
839 3108 977 3192 comite
996 3134 1195 3212 concessa,
1223 3133 1312 3192 cum
1335 3116 1443 3216 parte
1461 3107 1603 3217 acqui-

74 3311 81 3322 ,
184 3239 332 3322 sitionis
350 3265 464 3351 snper
483 3239 711 3326 Sarracenos
730 3250 769 3326 et
780 3240 954 3326 libertate
970 3241 1194 3325 omnimoda
1208 3251 1290 3325 tam
1307 3240 1348 3324 in
1367 3240 1465 3324 mari
1483 3265 1602 3350 qnam

184 3371 224 3456 in
244 3384 357 3457 terra.

266 3589 388 3669 (Inedlt
404 3591 437 3651 In
449 3589 571 3652 archIro
584 3591 777 3668 Beroltncnst‚
791 3608 809 3653 c
821 3592 937 3672 begeat
955 3593 1060 3671 cupali
1074 3591 1172 3654 ordin.
1183 3591 1442 3666 Tbeutonteorum,
1456 3607 1515 3653 sec.
1528 3591 1603 3653 XIII

303 3705 334 3758 et
346 3694 426 3778 XV.)

232 3884 438 3959 Fredericus
460 3885 638 3960 secundos
661 3885 783 3961 divina
807 3887 946 3960 favente
967 3887 1148 3961 clementia
1171 3888 1369 3984 imperator,
1387 3909 1525 3986 semper
1539 3911 1603 3964 au·

185 4018 321 4104 gustus,
335 4011 535 4086 ierosolime
546 4021 583 4086 et
592 4011 708 4086 Sicilie
719 4033 796 4085 rex.
811 4012 848 4086 Si
862 4012 1024 4108 reIIgiosa
1038 4014 1113 4086 loca
1127 4014 1194 4105 [in]
1205 4015 1334 4110 quibus
1345 4014 1602 4089 militestristi

185 4133 351 4229 degentes
374 4137 411 4208 in
433 4137 486 4211 eis
512 4136 661 4233 gloriosa
681 4137 803 4212 ineunt
826 4137 996 4212 adversus
1018 4139 1135 4212 hostes
1157 4139 1271 4212 crucis
1294 4138 1468 4214 indelessa
1492 4151 1603 4215 certa·

185 4258 281 4334 mina
299 4269 335 4332 et
353 4261 464 4336 divini
487 4261 603 4336 cultus
619 4263 787 4360 obsequia
806 4262 884 4359 jugi
902 4273 937 4339 et
953 4263 1118 4338 laudabili
1136 4264 1327 4340 devocione
1347 4275 1526 4362 parantur,
1546 4268 1603 4364 pia

222 4559 258 4635 (t)
275 4559 365 4631 Quum
377 4561 523 4636 imperator
540 4563 614 4638 apud
633 4565 742 4640 Trojam
760 4565 854 4624 Natale
867 4565 972 4625 Domini
986 4566 1173 4642 celebraverit,
1192 4573 1225 4626 ut
1243 4573 1336 4626 monet
1355 4568 1428 4626 Ilico.
1450 4567 1484 4627 de
1505 4569 1604 4628 Sancto

184 4657 335 4730 Germano,
353 4675 408 4718 non
427 4661 605 4720 dubitandum
621 4663 688 4738 quin
706 4663 753 4722 hic
768 4669 863 4740 agatur
883 4665 919 4723 de
937 4664 1036 4724 Sancto
1049 4665 1159 4738 Quirino
1180 4665 1210 4724 in
1231 4665 1405 4742 molmula,
1419 4665 1479 4726 loco
1498 4665 1605 4726 duabus

184 4755 270 4815 lancis
283 4757 380 4833 rogan
396 4775 493 4818 vasus
505 4761 658 4837 aqrdlonem
673 4763 800 4824 demate.
