4298 5898
528 567 590 629 466
1031 572 1244 635 ruinnaldi
1270 573 1440 636 secutor
1756 575 1835 660 [dn.
1855 577 1943 638 ma

532 705 632 778 nansi
649 715 684 778 et
703 704 916 782 Cistnrioensi
934 709 1106 808 episcopis
1128 733 1190 807 per
1205 711 1268 784 has
1281 711 1409 784 litteras
1422 719 1557 786 nostras
1573 712 1698 786 damna
1717 711 1754 784 in
1771 712 1943 786 mandatis

533 839 572 903 nt
601 829 763 906 eumdem
790 833 948 907 comitem
972 857 1035 931 pro
1065 835 1229 933 predictis
1254 837 1457 910 excessibus
1489 836 1690 934 pmpetrutis
1712 838 1940 934 proscriptum

533 956 743 1031 denuncient
758 967 792 1030 et
809 957 855 1031 ab
868 981 909 1032 aa
928 961 1177 1058 proscriptione
1196 961 1311 1058 ipsum
1326 983 1396 1035 non
1410 963 1564 1055 solvant,
1581 963 1693 1036 donec
1713 964 1807 1037 dicto
1822 964 1938 1037 abbati

532 1089 567 1152 at
597 1081 775 1155 monacbis
804 1083 911 1178 digne
940 1086 1161 1179 satisfecerit,
1193 1086 1256 1160 sed
1285 1087 1331 1160 ab
1354 1087 1449 1161 omni
1472 1087 1661 1182 majestatis
1691 1097 1807 1161 nostre
1830 1091 1941 1183 gratia

532 1205 668 1302 penitus
693 1207 875 1280 exclusum
890 1221 1111 1304 cognoscant.

577 1335 702 1406 Datum
714 1333 879 1409 Cremone
890 1333 956 1432 (l),
968 1334 1103 1412 decimo
1114 1346 1237 1433 quarto
1247 1338 1458 1428 novembris,
1475 1337 1667 1413 indictione
1677 1337 1812 1412 decimu
1824 1338 1934 1413 tertia.

1440 1632 1704 1644 -—-—-...--

379 1862 442 1917 apud

332 1913 483 2025 Imp,
580 1875 776 2094 Hardphino
802 1876 1080 2093 Cepbalugensi
1098 1877 1276 2093 pipisoopo
1294 1877 1345 2094 ip0
1353 1875 1509 2094 ertptrprm
1531 1877 1718 2094 reltpplato,
1737 1876 1933 2024 Bartholo-

526 2035 659 2094 maens
729 2037 945 2096 esuuranus
1003 2036 1096 2094 usen
1128 2037 1201 2094 nus
1234 2037 1305 2094 auc
1345 2037 1378 2092 ru
1483 2037 1506 2092 a
1645 2038 1690 2094 ca
1716 2037 1867 2093 causam
1894 2038 1931 2092 1n

528 2143 654 2227 Sicilia
672 2145 829 2256 agitem
850 2154 887 2228 et
908 2145 1129 2254 Drepanum
1152 2147 1201 2228 ad
1220 2145 1487 2255 imperatorem
1503 2035 1660 2228 &gresalt
1675 2143 1753 2256 (Ξ),
1773 2171 1860 2228 cum
1884 2145 1934 2227 de

525 2278 760 2363 restitutione
781 2278 972 2364 bonorum
997 2279 1175 2363 ecclesiae
1202 2279 1450 2364 ullocntrnus.
1471 2279 1680 2388 Imperator
1698 2304 1787 2364 vero
1807 2279 1933 2362 omnia

441 2424 445 2434 '
525 2439 624 2523 quae
646 2413 786 2524 judicis
812 2416 963 2498 decreto
988 2413 1143 2498 deberet
1169 2437 1209 2496 se
1231 2415 1496 2498 restituturum
1522 2414 1720 2523 promisit,
1746 2439 1932 2524 suumque

524 2557 808 2656 procuratorem
825 2574 896 2657 pro
917 2573 959 2630 re
976 2548 1125 2658 agenda
1143 2548 1334 2630 notarium
1353 2547 1558 2631 Henrieunn
1574 2549 1781 2632 constituit.
1805 2549 1861 2632 Cl.
1880 2549 1926 2633 R.

523 2681 684 2786 Prnnon,
708 2680 816 2764 Sicil.
833 2709 964 2780 socru,
986 2691 1017 2764 t.
1036 2681 1089 2787 11,
1104 2709 1143 2792 p.
1166 2681 1371 2766 805-806.

457 3313 463 3379 1
576 3255 807 3362 Friderious,
837 3255 1097 3340 Romanorum
1124 3257 1345 3366 imperator,
1372 3259 1422 3342 ad
1449 3259 1763 3370 supplicationem
1790 3261 1928 3371 Pagani

522 3391 570 3474 de
587 3391 731 3476 Parisio
748 3390 816 3502 qui
833 3389 963 3474 abbati
975 3388 1155 3475 Facundo
1169 3391 1210 3474 in
1228 3391 1382 3476 abbatia
1400 3392 1559 3477 Sanctae
1576 3395 1716 3481 Mariae
1733 3398 1782 3478 de
1800 3395 1928 3479 Latina

523 3527 626 3638 apud
652 3526 865 3613 Messanam
897 3535 1147 3634 successerat,
1180 3528 1377 3640 privilegia
1413 3555 1436 3612 a
1466 3530 1819 3640 praedecessoribus
1850 3531 1924 3614 suis

520 3687 611 3773 rege
631 3661 794 3772 Rogerio
818 3673 856 3745 et
877 3662 1103 3772 imperatore
1126 3661 1288 3747 Henrico
1310 3662 1432 3747 eidem
1459 3662 1637 3750 eeclesiae
1658 3664 1809 3748 indulta
1830 3690 1925 3747 aon-

521 3795 663 3878 firmat.

556 4067 593 4143 (t)
612 4065 701 4135 Quum
715 4069 805 4122 autern
818 4064 963 4138 imperator
975 4067 1061 4120 toturn
1073 4061 1188 4121 hianda
1202 4069 1310 4139 tempus
1324 4063 1404 4138 braina
1422 4063 1486 4122 anni
1504 4064 1533 4121 in
1547 4063 1635 4122 Sldlia
1650 4064 1860 4138 consumpserit,
1871 4063 1922 4120 lu·

515 4165 586 4224 sitan
594 4163 735 4239 legandum
749 4168 808 4220 est:
821 4164 921 4220 lictum
932 4163 1062 4236 lippam,
1078 4161 1150 4220 dont
1159 4161 1187 4220 in
1196 4163 1374 4236 praecedente
1385 4163 1560 4234 documento;
1574 4161 1626 4220 nisi
1638 4161 1690 4220 sub
1704 4162 1789 4220 verbo
1803 4163 1924 4220 Crem

517 4263 599 4323 lateat
609 4263 720 4338 qnidam
731 4261 800 4320 alins
811 4260 914 4320 Siciliae
925 4260 1010 4332 locus,
1020 4277 1101 4336 quem
1113 4261 1286 4338 polycarpus,
1299 4262 1398 4320 inscius
1409 4269 1456 4321 aut
1466 4278 1621 4337 properans,
1635 4278 1686 4336 pro
1700 4261 1760 4319 loco
1771 4261 1822 4318 sibi
1833 4258 1921 4316 melius

518 4363 625 4437 cognito
635 4362 670 4419 ad
682 4377 762 4418 suum
772 4358 912 4418 arbitrium
923 4359 1074 4417 mutaverit.
1084 4359 1246 4418 llemoratur
1257 4361 1328 4418 idem
1338 4361 1502 4432 mandatum,
1517 4377 1571 4418 non
1582 4375 1709 4434 expresso
1719 4360 1802 4430 tonte,
1812 4361 1838 4415 in
1853 4355 1920 4415 Gall.

520 4461 635 4531 Christ,
647 4465 668 4516 t.
683 4460 705 4533 l,
717 4475 748 4534 p.
759 4462 822 4530 8⁴6,
833 4457 881 4515 ubi
895 4457 1125 4534 quoqualegitur:
1136 4461 1373 4532 Datumjdrcmoaa,
1384 4459 1428 4518 die
1440 4461 1476 4518 25
1487 4457 1657 4529 novembris,
1667 4475 1730 4516 ann.
1747 4459 1816 4515 ⁴225
1826 4455 1868 4530 (l),
1881 4455 1921 4510 in·

518 4558 586 4616 diat.
595 4557 669 4616 xlll.

555 4655 591 4732 (2)
610 4657 663 4715 Cur
674 4655 709 4711 ad
723 4653 776 4711 hoc
790 4659 898 4728 ternpus
913 4670 1071 4728 processum
1083 4656 1165 4713 istum
1176 4655 1344 4714 reserandum
1360 4671 1421 4715 essa
1433 4671 1605 4726 censeamus,
1620 4656 1753 4714 rationem
1769 4653 1798 4712 in
1809 4649 1917 4710 Addita·

518 4757 617 4816 araatia
630 4755 665 4813 ad
675 4751 756 4826 hujus
768 4750 912 4812 voluminis
922 4753 1023 4812 caleam
1032 4753 1138 4829 planius
1149 4770 1324 4830 exponemus.
