4292 5894
210 545 309 609 lenter.
328 540 389 628 11.]
657 539 856 602 ttlsrottls
880 536 1175 600 disconcerted
1566 539 1625 601 311

211 677 398 776 remptorio
414 674 465 774 (o)
484 677 598 752 edicto
614 687 767 751 anostro
785 675 906 770 judice
927 675 1176 762 commonitus,
1195 674 1226 748 si
1239 675 1407 768 justitiam
1430 676 1541 750 iacere
1563 699 1632 751 no-

211 804 333 894 luerit,
355 802 456 876 liceat
478 803 642 876 tratribus
666 803 810 876 ecclesie
831 800 987 895 ejusdem
1007 801 1176 896 imperiali
1193 799 1375 896 privilegio
1391 800 1535 873 munitis
1552 822 1631 874 cum

212 927 308 1001 omni
329 927 463 1020 justitia
477 935 512 1000 et
526 927 605 1019 jure
626 927 721 1000 nulla
744 927 821 1020 lege
837 926 1095 1000 contradicente
1113 927 1206 1021 ipsas
1224 924 1361 1020 ingredi
1382 925 1628 1022 possessiones.

213 1053 358 1147 iusuper
386 1050 610 1145 indulgemus
634 1059 671 1126 ot
698 1049 868 1147 imperiali
887 1049 1004 1123 edicto
1034 1049 1218 1123 statuimus
1241 1059 1280 1122 ut
1307 1049 1402 1120 nulla
1430 1049 1634 1144 prescriptio

214 1175 281 1246 nisi
294 1183 434 1248 centum
453 1196 624 1248 annorum
640 1175 691 1248 eis
706 1182 912 1269 opponatur.
923 1171 986 1245 *Ad
1001 1172 1067 1246 hec
1085 1171 1305 1246 decernimus
1322 1183 1357 1246 et
1372 1173 1543 1269 imperiali
1556 1173 1634 1266 lege

213 1299 504 1372 irretractabiliter
527 1299 703 1372 sancimus
725 1308 764 1372 ut
786 1298 872 1370 nulli
894 1296 1030 1385 clerici,
1055 1298 1140 1370 nulli
1166 1294 1244 1370 laici
1267 1295 1312 1394 (b)
1330 1301 1453 1370 Sancto
1472 1296 1631 1370 Maricio

213 1424 314 1496 Portu
334 1443 450 1518 neque
482 1423 735 1519 cujuscumque
762 1444 826 1496 suc
845 1421 1044 1496 obedientie
1066 1430 1265 1517 persecut
1286 1442 1348 1518 per
1369 1442 1452 1504 suos
1477 1419 1634 1494 advoca-

216 1557 287 1640 tos,
315 1547 467 1620 sindicos
487 1546 543 1619 vel
574 1567 760 1642 yconomus
785 1545 831 1620 de
854 1556 967 1620 cetero
988 1545 1024 1617 in
1044 1567 1267 1641 quacumque
1293 1545 1525 1618 controversia
1548 1545 1633 1638 jus-

214 1671 403 1764 jurandum
422 1673 671 1767 compellantur
686 1671 802 1767 aliqua
818 1671 951 1744 ratione
972 1669 1109 1762 subire,
1135 1670 1198 1745 sed
1220 1679 1338 1744 nostra
1361 1669 1529 1766 imperiali
1555 1670 1632 1765 lego

218 1796 264 1867 ab
281 1795 375 1867 omni
389 1798 586 1888 juramento
603 1815 724 1869 omnes
740 1804 907 1893 perpetuo
923 1796 1095 1868 immunes
1112 1794 1276 1882 existant,
1294 1814 1363 1866 non
1382 1793 1540 1865 obstante
1557 1793 1633 1888 lege

220 1918 496 2013 deJ'urejurando
512 1921 605 1994 edita
615 1942 687 2016 qua
701 1930 844 1993 cavetur
854 1928 1106 1993 sacramentum
1118 1917 1290 1992 calumnie
1303 1918 1431 1991 debere
1442 1919 1585 2013 prestari
1601 1927 1634 1991 et

221 2064 289 2117 non
311 2065 414 2141 posse
430 2045 575 2137 remitti,
593 2043 658 2119 sed
675 2045 751 2142 ipsa
766 2045 911 2119 ecclesia
928 2067 1008 2118 cum
1023 2044 1095 2117 suis
1112 2043 1318 2116 obedientiis
1339 2041 1384 2115 ab
1403 2042 1498 2115 omni
1522 2042 1634 2116 intes-

222 2169 349 2242 tatione
372 2191 435 2242 seu
461 2171 617 2244 molestia
639 2169 803 2242 immunis
827 2169 981 2242 existens
1001 2191 1067 2243 nec
1092 2168 1224 2242 civitati
1251 2189 1315 2240 nec
1343 2167 1447 2240 alicui
1472 2167 1632 2264 potestati

222 2292 399 2383 collectas,
424 2293 583 2384 iodrum,
606 2293 831 2387 albergariam
853 2294 1027 2389 persoluat
1050 2294 1125 2366 sive
1148 2291 1194 2366 ud
1215 2291 1437 2365 muniendam
1458 2291 1630 2366 ciuitatem

221 2436 283 2488 scu
298 2417 345 2491 ad
363 2426 514 2490 castrum
532 2415 784 2510 edificandum,
807 2417 871 2491 sed
896 2439 960 2492 nec
983 2439 1046 2514 pro
1070 2417 1224 2491 adventu
1250 2416 1419 2512 imperiali
1443 2417 1501 2490 vel
1524 2416 1631 2510 regali

221 2541 399 2616 ueletiam
419 2542 566 2634 alicujus
587 2541 755 2638 principis
777 2543 872 2614 nulla
889 2540 1041 2636 denique
1058 2541 1261 2636 gravamus
1276 2540 1422 2632 alicujus
1443 2541 1634 2614 occasionis

220 2665 363 2738 obtentu
381 2666 517 2759 sentiat,
532 2667 647 2739 necin
663 2674 734 2740 lota
747 2665 861 2738 insula
881 2665 916 2736 in
938 2687 1009 2760 qua
1027 2675 1080 2738 est
1098 2665 1243 2738 ecclesia
1256 2685 1371 2760 neque
1389 2665 1425 2736 in
1445 2672 1515 2737 toto
1532 2675 1634 2761 portu
1707 2666 1712 2677 “

222 2809 370 2885 persona
390 2791 506 2886 aliqua
523 2792 679 2887 capiatur
695 2813 760 2864 nec
782 2814 838 2866 res
857 2789 1005 2883 alicujus
1020 2790 1188 2863 uiolenter
1206 2790 1419 2882 auferantur,
1435 2798 1540 2886 prout
1561 2789 1636 2863 cir-

220 2913 428 2988 cumdantur
446 2939 467 2989 a
484 2916 687 2990 fluminibus
704 2913 880 2990 Gaudiano
897 2915 1040 3008 scilicet,
1054 2915 1199 2990 Bidente
1215 2915 1268 3011 tc),
1287 2914 1467 2989 Badareno
1481 2925 1516 2988 et
1533 2915 1632 3008 mari,

224 3039 347 3112 necin
370 3039 525 3136 ipsorum
547 3041 719 3114 littoribus
744 3062 809 3114 nec
831 3041 920 3142 intra
947 3062 1042 3114 mare
1066 3062 1129 3114 seu
1155 3063 1177 3113 a
1200 3040 1357 3113 litoribus
1379 3039 1564 3113 fluminum
1588 3038 1636 3114 ud

222 3182 333 3234 onum
363 3162 574 3236 milliarium.
598 3166 757 3238 Pretorea
782 3186 830 3238 cx
849 3177 965 3239 nostm
991 3166 1101 3261 made
1125 3163 1265 3260 speciali
1288 3164 1356 3236 boc
1382 3163 1635 3259 indulgendum

222 3283 390 3359 duximus
409 3287 572 3361 iratribus
585 3288 767 3363 antedictis
784 3297 822 3361 ut
840 3289 973 3362 fructus
989 3289 1246 3386 possessionum
1260 3309 1402 3360 suarum
1416 3288 1452 3359 in
1465 3309 1636 3384 quocum·

221 3431 292 3504 qne
308 3412 397 3504 loco,
416 3411 632 3506 ciuitatibus,
651 3412 771 3487 castris
785 3414 843 3486 uel
862 3413 956 3486 villis
970 3414 1017 3489 ad
1031 3413 1212 3488 ecclesiam
1230 3435 1329 3486 suam
1343 3413 1400 3486 vel
1413 3433 1636 3508 quocumque

221 3535 394 3607 voluerint
412 3537 488 3610 sine
507 3537 602 3610 omni
630 3537 770 3612 datione
787 3545 822 3610 et
845 3538 1050 3611 sacramenti
1071 3538 1280 3634 prestatione
1300 3537 1407 3611 libere
1424 3534 1579 3611 deterant
1601 3544 1637 3609 et

219 3679 354 3752 secure,
373 3681 442 3734 non
459 3662 618 3736 obstante
635 3663 784 3736 civitatis
798 3663 945 3756 alicujus
954 3661 1207 3756 jurisdictione,
1225 3662 1405 3758 priuilegio
1420 3663 1477 3735 uel
1492 3670 1632 3735 statuto.

218 3782 290 3854 Hec
313 3791 428 3858 autem
452 3786 568 3858 omnia
591 3787 768 3885 sepedicta
784 3787 929 3862 ecclesie
947 3796 983 3861 et
1004 3788 1078 3860 suis
1097 3785 1250 3860 ecclesiis
1270 3794 1305 3858 ct
1324 3785 1489 3858 iratribus
1504 3785 1636 3858 ibidem

218 3907 291 3978 Deo
307 3929 371 4002 pro
388 3919 541 4006 tempore
553 3912 798 4006 servientibus,
815 3913 911 3986 omni
926 3911 1194 3987 contradictione
1206 3931 1347 4007 prorsus
1357 3919 1500 4000 remota,
1513 3910 1636 3982 usibus

218 4029 384 4126 prolicere
401 4036 597 4110 eternaliter
610 4046 812 4131 statuentes,
833 4036 1004 4134 imperiali
1021 4037 1223 4111 auctoritate
1233 4035 1398 4129 jubemus
1412 4045 1447 4108 et
1464 4037 1531 4108 sub
1544 4057 1634 4132 pena

219 4166 357 4231 centum
382 4161 548 4233 libramm
569 4161 646 4236 auri
666 4162 843 4258 purissimi
860 4163 1026 4257 jubemus
1041 4170 1081 4234 ut
1097 4161 1215 4234 nullus
1229 4160 1525 4256 archiepiscopus,
1543 4160 1634 4255 epis-

218 4301 341 4377 copus,
365 4283 455 4373 dux,
478 4286 649 4378 marchio,
676 4307 808 4379 comes,
826 4286 1036 4379 vicecomes,
1057 4285 1276 4382 capitaneus,
1294 4305 1473 4370 vavassor,
1497 4285 1632 4374 consul,

261 4457 303 4537 (a)
317 4458 380 4538 dp
396 4461 540 4524 Muratorl
549 4460 667 4544 valjam
679 4462 755 4526 dicto
762 4465 966 4546 peremptorio,
981 4463 1070 4528 male.

261 4561 303 4642 (l)
321 4565 378 4645 Ap.
394 4567 539 4630 Muratort
551 4569 672 4632 eddltur
684 4569 828 4636 comica

263 4669 297 4753 (cl
318 4673 377 4751 Ap.
391 4672 536 4737 bluretort
549 4673 682 4750 bidente,
696 4676 783 4740 mele.
