4368 5876
251 575 350 636 lrmrur.
365 571 411 646 9.]
704 567 902 630 HISTORIA
929 565 1221 632 cretomanus
1615 566 1672 630 123

253 729 480 790 succursum
495 703 632 788 Terrae
650 702 810 786 Sanctae
825 727 866 786 se
878 710 1106 812 praeparent
1128 711 1166 786 64
1183 701 1404 812 accingant,
1424 701 1473 784 de
1492 677 1571 813 ouo
1589 702 1670 811 ipse

252 841 388 926 diebus
406 849 444 924 et
461 838 636 924 noctibus
654 839 814 950 cogitat3
834 847 1040 950 monetque
1062 849 1106 922 ut
1123 837 1323 923 efficaciter
1343 837 1528 950 impleant
1546 863 1670 950 quae-

252 1001 418 1087 cumque
433 975 488 1058 eis
503 972 654 1059 duxerit
667 973 914 1082 proponenda
929 972 1145 1082 Hugolinus
1162 973 1347 1059 Ostiensis
1370 982 1407 1057 et
1428 972 1670 1057 velletrensis

253 1111 468 1222 episcopus,
489 1105 833 1218 apostolicaesedis
850 1108 1016 1219 legatae,
1033 1108 1094 1191 cui
1108 1109 1223 1192 etiam
1237 1135 1306 1218 per
1323 1107 1485 1218 speciale
1497 1109 1669 1191 manda-

251 1256 336 1328 tum
348 1242 503 1355 plenam
522 1241 783 1327 auctoritatem
798 1241 1005 1354 imperialis
1018 1241 1148 1326 vicarii
1161 1242 1346 1327 concedit.

334 1459 436 1541 (emo.
450 1462 567 1536 Purra,
582 1461 711 1524 1464464
732 1461 824 1520 Gerra
840 1460 928 1533 flur..
944 1470 967 1524 4.
982 1461 1037 1538 IV,
1054 1479 1086 1540 p.
1101 1471 1248 1536 444-447,
1263 1479 1301 1524 cx
1314 1469 1423 1541 regest.
1437 1462 1564 1537 1164464,
1578 1468 1602 1524 4.
1614 1462 1670 1534 lll,

372 1570 426 1631 fol.
450 1578 557 1644 88-90,
581 1586 653 1632 unu.
672 1567 718 1643 V,
733 1565 772 1630 11¹⁸
785 1577 861 1643 4444,
884 1577 960 1645 444,
982 1577 1053 1632 446.
1068 1571 1201 1644 Quarum
1219 1570 1409 1648 epistolarum
1432 1585 1501 1646 pars
1521 1571 1633 1645 primae
1655 1585 1673 1632 u

372 1677 554 1750 1144444446,
572 1673 681 1738 414444.
690 1657 803 1749 644144,
817 1677 856 1738 aa
867 1693 939 1738 ann.
957 1685 1031 1739 1221
1049 1675 1218 1740 sesecundo
1232 1693 1250 1738 u
1263 1678 1410 1750 Baream,
1423 1672 1593 1749 necnee,
1609 1683 1630 1738 4
1644 1679 1670 1750 l,

371 1802 402 1863 p.
417 1792 491 1859 4444,
501 1785 641 1864 vulgatae
650 1781 794 1863 14464444.)

942 1981 970 2053 l.

302 2188 496 2264 Fridericus
515 2188 689 2263 secundus
714 2187 778 2261 Dei
802 2188 912 2282 gratia
934 2189 1167 2262 Romanorum
1189 2188 1374 2284 imperator
1396 2197 1430 2260 et
1451 2208 1587 2283 semper
1607 2207 1671 2260 au·

253 2325 377 2411 gustus
400 2324 436 2387 et
456 2335 519 2386 rex
542 2313 674 2402 Sicilie,
695 2313 867 2386 universis
888 2313 963 2406 ejus
981 2312 1145 2387 fidelibus
1161 2312 1205 2386 ad
1229 2334 1317 2407 quos
1336 2313 1445 2386 littera
1463 2312 1528 2384 iate
1547 2333 1671 2407 perue-

252 2441 366 2516 neriut
385 2460 487 2512 suam
510 2439 656 2535 gratiam
678 2447 714 2511 et
733 2437 860 2510 bonam
882 2439 1107 2512 voluntatem.
1128 2439 1208 2511 Post
1232 2439 1407 2511 obtentam
1437 2436 1483 2511 dc
1505 2438 1613 2510 malta
1636 2447 1672 2510 et

251 2566 348 2640 varia
383 2563 566 2636 hostilitate
598 2562 744 2636 faciente
777 2561 923 2635 Domino
950 2561 1151 2650 victoriam,
1177 2570 1255 2658 post
1287 2561 1455 2658 plurimos
1482 2561 1671 2635 laboriosos

250 2711 382 2786 agones
402 2691 438 2762 in
458 2689 587 2784 quibus
606 2687 741 2783 imperii
765 2687 877 2763 virtus
894 2697 929 2760 64
950 2687 1058 2782 gloria
1074 2687 1294 2783 imperatorie
1309 2687 1496 2780 majestatis
1518 2686 1664 2774 enituit,

251 2813 352 2889 decet
364 2835 427 2886 nos
444 2811 601 2886 omnium
617 2818 803 2884 creatorem
822 2832 883 2906 per
897 2831 1003 2906 quem
1016 2810 1184 2899 uiuimus,
1205 2832 1386 2884 movemur
1400 2821 1436 2884 64
1452 2833 1590 2900 sumus,
1608 2833 1671 2908 per

251 2961 355 3035 quem
380 2937 566 3035 imperialis
593 2936 754 3009 culminis
776 2936 902 3034 optatis
926 2936 1149 3010 felicitatibus
1176 2936 1426 3030 gubernamur,
1451 2944 1522 3010 toto
1544 2936 1666 3028 eorda,

222 3073 319 3139 ,4644
344 3073 459 3138 mente
483 3063 635 3137 646441
660 3063 789 3135 virtute
817 3061 962 3156 diligere
987 3062 1075 3136 etei
1100 3061 1321 3136 devotissime
1347 3062 1510 3134 omuibus
1535 3061 1670 3134 viribus

252 3190 398 3263 totaliter
415 3188 600 3280 adherere3
621 3187 704 3282 quia
728 3188 792 3262 6461
815 3209 997 3262 successus
1015 3187 1115 3261 nobis
1133 3185 1310 3290 mundane
1330 3186 1566 3282 prosperitatis
1585 3187 1672 3260 arri·

251 3313 349 3404 deut,
369 3313 462 3386 absit
484 3323 522 3386 ut
545 3313 645 3387 favor
670 3312 866 3386 transitorie
883 3311 1055 3384 felicitatis
1076 3333 1140 3386 466
1162 3335 1184 3386 4
1207 3313 1313 3386 466441
1341 3312 1530 3387 conditoris
1554 3333 1671 3386 amore

249 3438 376 3534 pariter
405 3445 441 3512 64
472 3437 594 3513 timore
622 3436 794 3512 deflectat.
824 3436 1086 3512 Considerantea
1119 3437 1225 3531 igitur
1252 3459 1316 3512 nee
1342 3437 1418 3512 sine
1441 3436 1672 3512 amaritudine

250 3564 464 3638 amarissima
483 3562 672 3636 recolentes
691 3562 865 3636 salutifere
887 3562 1000 3636 crucis
1022 3561 1230 3658 triumphale
1253 3562 1438 3654 vexillum,
1460 3561 1670 3636 dominicam

249 3691 478 3787 sepulturam,
497 3689 673 3764 ciuitatem
689 3697 843 3762 sanctam
861 3689 898 3760 in
913 3709 983 3784 qua
1002 3688 1148 3762 salutem
1164 3697 1314 3762 nostram
1330 3699 1383 3762 est
1399 3688 1561 3763 dominus
1582 3709 1671 3785 ope-

249 3826 344 3889 44446
358 3825 393 3889 64
410 3817 610 3890 venerabile
626 3816 791 3912 templum
806 3823 841 3888 et
859 3816 1062 3888 cenaculum
1081 3813 1214 3910 grande
1227 3824 1370 3888 stratum
1384 3815 1422 3886 in
1435 3836 1506 3909 quo
1523 3815 1669 3888 Domino

250 3941 378 4036 pascha
401 3939 565 4037 discipuli
585 3949 795 4037 paraverunt
811 3963 978 4014 conversa
998 3941 1034 4013 14
1057 3940 1227 4016 theatrum
1250 3951 1286 4013 64
1302 3941 1457 4014 seculare
1479 3939 1666 4014 ridiculum

250 4065 309 4138 ubi
334 4066 459 4138 Rachel
477 4067 589 4161 plorat
609 4065 758 4139 filiorum
777 4087 918 4139 suorum
938 4068 1120 4162 jugulum,
1141 4065 1352 4140 horrendum
1374 4065 1509 4137 facinus
1523 4073 1558 4136 64
1573 4063 1667 4137 441646

249 4189 502 4284 spectaculum,
520 4190 601 4263 tacti
619 4189 737 4263 dolore
759 4190 875 4265 cordis
891 4191 1096 4265 intrinsecus
1115 4201 1151 4264 64
1165 4191 1292 4263 rubore
1308 4190 1355 4265 de
1374 4209 1542 4262 succursu
1563 4187 1665 4261 celari

250 4313 375 4386 diebus
390 4323 425 4386 64
439 4315 599 4388 noctibus
615 4315 823 4409 cogitamus,
844 4316 960 4409 galeas
973 4325 1007 4389 et
1027 4335 1136 4389 naues
1158 4323 1263 4411 pmut
1277 4333 1333 4387 466
1355 4312 1466 4408 exigit
1482 4311 1666 4407 magnifica

246 4448 482 4536 preparantes.
505 4439 545 4512 lu
560 4439 797 4537 imperialibus
811 4440 929 4536 itaque
942 4440 1096 4514 humeris
1114 4441 1150 4512 in
1166 4437 1306 4532 nomine
1321 4436 1664 4512 crucifixivexillum

247 4564 361 4638 mucis
383 4572 535 4660 patenter
554 4573 708 4661 tempore
729 4575 844 4640 466446
867 4565 1096 4639 coronationis
1118 4563 1295 4638 ereximus
1316 4573 1355 4637 44
1376 4563 1509 4638 cunctis
1531 4563 1664 4659 imperii

249 4691 355 4763 nostri
373 4688 537 4764 fidelibus
559 4689 750 4764 innotescat
765 4690 880 4786 quod,
897 4691 987 4765 sicut
1006 4691 1152 4786 gratiam
1172 4701 1322 4764 nostram
1346 4690 1497 4785 diligunt
1513 4697 1549 4763 et
1564 4709 1666 4764 coro-
