4368 5876
562 595 604 658 98
1063 601 1278 665 saturator
1303 601 1477 665 succum
1784 593 1864 672 [aar.
1883 593 1967 656 rasr.

563 734 637 807 suis
653 734 854 808 aucmritate
872 747 987 810 nostra
1006 747 1115 813 totum
1133 739 1322 832 dmuuere,
1344 738 1412 813 sibi
1429 737 1662 834 imputaturus
1675 731 1737 827 qui
1753 739 1872 806 oontra
1893 755 1971 806 nos·

562 865 649 932 tram
671 859 938 955 prohibitionem
965 883 1069 956 agere
1092 861 1356 960 presumpserit3
1377 867 1413 934 et
1430 857 1654 932 nihilominus
1679 857 1715 930 in
1738 856 1837 952 penis
1864 855 1967 929 intras

560 981 697 1078 scriptis
725 1006 763 1056 se
791 985 926 1060 noverit
950 986 1183 1062 incursumm.
1210 989 1293 1062 ltem
1318 985 1542 1060 oonoedimus
1566 991 1602 1058 et
1625 981 1847 1076 indulgemus
1875 991 1915 1054 ot
1939 985 1967 1054 si

557 1105 648 1180 inter
664 1107 821 1182 homines
842 1109 998 1202 ejusdem
1022 1112 1221 1186 monasterii
1242 1113 1299 1186 vel
1325 1133 1390 1184 sue
1411 1108 1661 1204 jurisdictionis
1685 1107 1841 1182 duelum
1866 1108 1969 1180 luerit

556 1231 747 1306 indicatum
770 1235 828 1308 vel
845 1234 935 1307 inter
952 1243 1157 1312 extraneum
1183 1245 1218 1311 et
1239 1235 1413 1310 hominem
1436 1233 1519 1309 dicti
1542 1233 1739 1307 monasterii
1760 1233 1822 1327 qui
1841 1255 1968 1307 eonve-

556 1359 646 1430 nerit
659 1357 776 1431 abbati
792 1357 852 1456 (a),
863 1359 972 1432 abbas
983 1369 1018 1434 et
1033 1363 1111 1455 ejus
1121 1361 1265 1434 nuntius
1278 1371 1313 1434 et
1325 1361 1442 1432 nullus
1453 1359 1544 1432 aliur
1554 1357 1725 1432 custodiat
1741 1365 1777 1430 et
1792 1357 1963 1454 disponat.

555 1481 724 1556 Volumus
738 1487 842 1557 etiarn
856 1492 892 1558 et
908 1483 1131 1559 concedimus
1147 1496 1187 1559 ut
1201 1485 1435 1584 possessiones
1449 1481 1646 1557 monasterii
1659 1482 1696 1554 in
1709 1481 1854 1556 feudum
1869 1481 1967 1557 datas

553 1607 610 1678 vel
625 1626 861 1702 quocumque
888 1609 993 1683 modo
1022 1610 1189 1684 alienatas
1219 1610 1295 1684 sine
1320 1632 1490 1683 consensu
1517 1606 1715 1682 monasterii
1741 1607 1798 1680 vel
1830 1607 1966 1702 maioris

555 1731 661 1826 partis
688 1731 788 1804 liceat
813 1732 929 1805 abbati
956 1742 991 1807 et
1017 1735 1274 1808 successoribus
1299 1735 1374 1808 suis
1398 1731 1592 1808 secondum
1615 1730 1890 1824 jurisdictionem
1912 1755 1966 1806 re·

553 1875 690 1927 vocare.
724 1857 916 1930 Sententiae
945 1879 1085 1953 quoque
1114 1881 1177 1955 pre
1208 1859 1414 1933 monasterio
1448 1856 1694 1932 rationabiliter
1726 1856 1815 1930 latas
1842 1857 1965 1931 contir-

553 2000 689 2051 mamns
705 1987 740 2051 et
755 1981 956 2054 nominatim
970 1983 1060 2056 latas
1071 2005 1092 2056 a
1105 1983 1305 2056 oonsulibus
1318 1985 1453 2058 Verere
1465 1989 1501 2056 et
1512 2003 1575 2079 per
1586 1979 1764 2077 quondam
1778 1982 1962 2056 Obizenen

554 2101 786 2176 marchionem
804 2103 981 2178 Estensem
995 2103 1249 2199 confirmatam,
1269 2106 1435 2180 videlicet
1453 2113 1570 2179 contra
1584 2103 1762 2178 Nicolaum
1777 2106 1824 2180 de
1843 2106 1961 2181 Adre-

553 2225 639 2298 catis
663 2225 708 2300 de
727 2227 923 2302 edificando
945 2229 982 2301 in
1002 2231 1087 2304 Vico
1103 2228 1245 2324 Aderis,
1265 2229 1362 2325 quod
1382 2229 1560 2302 materiam
1579 2228 1760 2303 seditionis
1777 2232 1887 2326 possit
1901 2253 1961 2326 ge·

553 2371 687 2438 nerare,
708 2351 800 2425 sicut
820 2361 918 2451 pater
943 2362 1059 2428 noster
1082 2353 1173 2428 bone
1200 2353 1365 2428 memorie
1386 2351 1615 2428 confirmavit.
1647 2354 1837 2428 statuimus
1860 2354 1961 2430 edam

550 2484 585 2547 et
603 2477 810 2572 precipimus
825 2488 865 2550 nt
879 2478 994 2552 cuncti
1008 2477 1166 2552 homines
1182 2487 1252 2551 tam
1267 2478 1365 2552 liberi
1380 2499 1487 2573 quarn
1500 2478 1592 2551 servi
1608 2477 1645 2550 in
1658 2477 1824 2574 predictis
1843 2480 1962 2553 aliisve

550 2600 634 2673 locis
659 2602 856 2675 monasterii
884 2603 1058 2676 constituti
1083 2603 1276 2676 functiones
1297 2602 1472 2699 publicas,
1492 2600 1649 2694 iodrum,
1671 2601 1789 2676 bunna
1817 2613 1853 2676 et
1878 2605 1962 2676 alias

549 2727 748 2798 exactiones
765 2749 784 2798 a
803 2725 903 2798 nobis
918 2747 979 2798 sen
999 2749 1020 2799 a
1038 2727 1163 2800 nostris
1183 2726 1483 2822 predecessoribus
1503 2747 1684 2798 concessas
1704 2725 1821 2800 eidem
1844 2749 1962 2802 mona·

549 2849 653 2921 sterio
671 2858 851 2922 teneantur
870 2859 1031 2943 prestare.
1050 2849 1106 2925 Ad
1124 2851 1188 2924 hec
1201 2859 1312 2922 ratum
1330 2849 1498 2923 habemus
1510 2859 1546 2922 et
1558 2848 1806 2924 confirmamus
1821 2861 1959 2947 pactum

548 2972 645 3066 quod
665 2973 747 3045 lecit
767 2971 931 3047 Girardus
950 2973 1059 3046 abbas
1078 2995 1158 3046 cum
1175 2974 1372 3047 leaxario
1391 2983 1427 3046 et
1446 2973 1667 3070 Oremplaxia
1686 2995 1799 3050 uxore
1819 2975 1911 3048 illius
1927 2987 1957 3049 at

550 3097 743 3170 Crescentis
757 3119 876 3170 euram
901 3097 972 3171 lilio
993 3097 1040 3171 de
1053 3097 1256 3171 refutatione
1277 3107 1312 3172 et
1332 3099 1564 3194 resignatione
1588 3096 1774 3172 feudorum
1796 3108 1833 3173 et
1851 3099 1960 3174 advo·

550 3221 649 3294 catis.
674 3223 759 3294 ltem
783 3221 993 3295 sancivimus
1016 3225 1086 3313 [nt]
1110 3222 1281 3297 adversus
1302 3223 1548 3296 monasterium
1570 3232 1605 3296 et
1631 3223 1812 3296 ecclesiam
1839 3247 1960 3320 supra·

549 3343 681 3418 dictum
700 3346 817 3418 nullus
839 3367 877 3418 se
896 3345 984 3419 tueri
1011 3345 1119 3442 possit
1138 3347 1385 3442 prescriptione
1409 3346 1476 3419 nisi
1496 3355 1636 3419 eentum
1659 3366 1849 3437 annorum,
1871 3347 1961 3422 sicut

548 3468 725 3564 quondam
742 3477 966 3564 paternoster
988 3469 1181 3543 indulxisse
1198 3469 1354 3563 videtur3
1371 3479 1406 3543 et
1425 3470 1509 3564 quia
1531 3469 1767 3543 intelleximus
1788 3472 1960 3566 quosdam

548 3595 714 3666 vassallos
737 3602 772 3666 et
792 3593 1019 3668 conductores
1040 3593 1184 3689 predicti
1204 3594 1400 3667 monasterii
1420 3595 1597 3689 bonaque
1617 3593 1654 3666 in
1671 3594 1882 3669 beneficium
1904 3599 1959 3670 vel

546 3717 785 3791 conductionis
806 3718 884 3809 jure
911 3716 1065 3790 detinent
1089 3718 1134 3790 ab
1161 3717 1283 3792 eodem
1309 3725 1387 3813 post
1408 3717 1678 3792 admonitionem
1699 3728 1736 3792 et
1760 3721 1957 3816 petitionem

546 3842 742 3916 describere
763 3850 800 3913 ct
812 3839 995 3933 designare
1009 3848 1167 3913 temnunt
1182 3839 1272 3937 (sic),
1294 3861 1339 3913 nc
1362 3840 1421 3914 tati
1443 3839 1567 3914 fraude
1588 3840 1735 3937 predicti
1759 3847 1957 3918 monasterii

546 3967 780 4064 possessiones
793 3965 931 4037 valeant
954 3964 1132 4052 occultari,
1148 3963 1322 4037 sancimus
1344 3973 1384 4036 ut
1398 3962 1430 4037 si
1445 3965 1629 4060 contigerit
1647 3967 1802 4061 aliquem
1820 3969 1866 4042 de
1880 3993 1959 4066 pre·

547 4091 649 4166 dictis
672 4089 876 4185 requisitum
896 4085 944 4183 (d)
963 4086 1146 4159 terminum
1163 4109 1185 4160 u
1203 4085 1344 4160 domino
1366 4087 1433 4160 sibi
1453 4085 1627 4184 prefixum
1650 4099 1873 4164 contemnere
1895 4115 1960 4166 suo

542 4217 622 4309 jure
638 4214 777 4312 penitus
800 4221 931 4299 careat,
951 4211 1201 4306 possessionem
1221 4231 1361 4304 quoque
1377 4210 1475 4284 leudi
1489 4219 1525 4284 et
1545 4212 1596 4285 rei
1615 4213 1726 4286 locate
1745 4214 1860 4288 taliter
1876 4237 1959 4288 con·

547 4337 728 4413 temnentis
747 4345 863 4408 nostra
879 4335 995 4408 valeat
1009 4335 1210 4408 ancwritate
1227 4333 1362 4428 ingredi
1381 4335 1475 4409 etde
1494 4345 1607 4410 cetero
1625 4336 1694 4409 sibi
1710 4339 1959 4413 monasterium

587 4513 628 4590 (a)
647 4513 683 4572 In
695 4513 837 4587 impresso
849 4506 953 4582 oldas,
968 4507 1049 4585 quod
1066 4467 1154 4568 sensu
1166 4513 1256 4570 caret.

589 4615 629 4697 (l)
647 4619 682 4677 lu
699 4618 839 4692 impresso
852 4613 1019 4694 reponitur,
1040 4613 1132 4682 malm
1153 4613 1232 4690 quod
1251 4615 1448 4690 comexlmus,
1468 4617 1545 4677 sicut
1557 4622 1589 4678 et
1607 4615 1685 4680 inira
1705 4626 1887 4700 mnterrrptor
1906 4639 1962 4701 pro

545 4729 734 4786 asturam.
