4436 5870
1048 633 1263 698 rttlnutttct
1286 633 1461 698 snctlrlnt
1772 632 1853 718 [du.
1871 631 1957 699 lm

666 771 727 834 duo
740 769 965 851 nllaprlrllem
977 769 1074 834 odon
1086 767 1958 850 gmdmnmrurldoteotomoetannmoooltgurr

669 879 800 954 «Quom
812 879 983 942 documenti
1000 893 1061 938 non
1082 879 1125 938 mi
1143 877 1160 940 d
1182 883 1330 942 urrnmto
1342 877 1375 940 dl
1387 876 1537 938 rttrororll
1553 877 1711 940 altrorsus
1722 891 1784 940 uon
1796 875 1846 938 nal
1858 880 1960 954 puoto-

670 985 774 1047 noollo
787 985 834 1048 na·
847 987 934 1064 rogltl
947 983 994 1046 del
1011 987 1130 1064 ograglo
1140 1001 1189 1048 aar
1204 983 1335 1048 Antonio
1347 985 1395 1048 del
1407 984 1442 1048 tu
1457 981 1600 1046 Glooomo
1613 983 1755 1062 Luporlnt
1769 980 1894 1064 [Arado.
1903 999 1958 1044 aa·

668 1092 772 1154 »ron
788 1089 866 1154 detto
882 1089 915 1154 di
929 1091 961 1154 S.
978 1089 1071 1168 Gioo.)
1082 1091 1209 1154 ornato
1230 1091 1299 1154 dnll'
1314 1108 1397 1164 anno
1421 1100 1495 1156 ult
1519 1090 1581 1152 duo
1599 1091 1629 1152 nl
1651 1099 1739 1166 toto,
1753 1090 1832 1152 nella
1848 1091 1957 1150 druos·

668 1205 779 1262 nunna
791 1199 959 1279 choradlgn
971 1200 1004 1260 m
1016 1201 1071 1260 otti
1084 1200 1114 1261 la
1127 1201 1349 1278 pranautnnlono
1367 1199 1399 1260 dl
1412 1197 1572 1277 Ambrogto
1590 1197 1638 1258 del
1651 1195 1685 1258 tu
1698 1195 1957 1258 Tommnltnrdlnl

666 1306 999 1370 »olomuotnocnaro
1011 1322 1109 1368 nomn
1121 1303 1283 1368 nobilioiru
1295 1305 1373 1368 nino
1387 1299 1620 1388 prondonlulii
1633 1301 1669 1364 da
1682 1301 1958 1364 Advoootiabamo

666 1409 1620 1494 »umpbffiordmotanprrttoorrttnperormnrednt
1639 1409 1824 1472 dettooonto
1840 1409 1957 1472 l'lnroo-

666 1523 786 1584 »burra
798 1521 876 1584 della
887 1521 1000 1602 dtgnlta
1014 1521 1048 1582 dl
1065 1521 1182 1601 giudlee
1192 1519 1341 1584 ordlnnrlo
1353 1538 1372 1582 a
1383 1521 1415 1580 dl
1425 1518 1544 1600 publloo
1555 1519 1716 1580 notaronal
1726 1519 1829 1597 giorno
1841 1526 1874 1580 tt
1886 1533 1957 1580 nor.

666 1646 683 1686 n
697 1635 785 1702 itta,
801 1629 980 1706 ripeteudosl
993 1629 1035 1688 tvl
1048 1645 1101 1706 per
1113 1629 1224 1690 dlsteoo
1236 1629 1313 1689 nella
1326 1627 1519 1690 manlereobn
1530 1643 1617 1706 sopra
1629 1627 1640 1686 l
1651 1625 1786 1706 plvllag]
1801 1624 1856 1686 ebo
1870 1625 1899 1686 la
1911 1623 1956 1686 ln·

564 1718 568 1728 ’
667 1735 798 1814 umlgllo
809 1735 887 1814 dngll
900 1735 1046 1796 Advocati
1059 1735 1183 1815 godeva·
1196 1733 1234 1814 »l

594 1949 634 2020 ln
659 1946 798 2023 nomine
817 1956 936 2020 saneta
956 1956 991 2022 et
1006 1947 1190 2021 individuo
1210 1947 1397 2022 Trinitatis.
1424 1947 1619 2022 Fridorious
1640 1945 1816 2020 secundus
1838 1944 1957 2018 divina

546 2075 684 2148 favente
703 2072 884 2146 elementia
907 2074 1137 2146 Romanorum
1163 2074 1363 2170 imperator,
1386 2093 1523 2168 semper
1545 2082 1727 2166 augustus,
1747 2093 1811 2144 ren
1827 2070 1952 2144 Sicilie.

546 2195 735 2292 Imperiulis
749 2197 935 2269 eminentie
951 2198 1068 2270 titulos
1080 2197 1240 2271 deoenter
1253 2197 1452 2272 extollimus
1466 2195 1642 2292 digneque
1655 2195 1865 2269 edomamus
1877 2216 1956 2270 oum

543 2343 607 2394 nos
630 2321 720 2394 facta
736 2321 994 2415 progenitorum
1014 2331 1209 2394 nostrornm
1230 2331 1265 2394 et
1286 2329 1358 2395 rata
1383 2321 1552 2394 babemus
1574 2330 1609 2394 ot
1629 2319 1871 2394 inviolabiliter
1889 2320 1956 2393 de-

542 2444 716 2518 cernimus
731 2444 920 2516 observari.
942 2444 1037 2517 Sient
1053 2465 1204 2539 namque
1221 2467 1268 2517 ex
1280 2444 1473 2540 privilegiis
1486 2445 1743 2540 progenitorum
1761 2454 1954 2517 nostrorum

541 2568 712 2643 Frederici
730 2579 765 2641 et
785 2568 922 2642 llenncl
939 2569 1172 2649 Romanorum
1195 2569 1440 2664 imperatorum
1457 2567 1663 2657 didicimus,
1681 2567 1729 2640 ita
1749 2589 1814 2640 uos
1830 2567 1877 2641 ad
1898 2567 1956 2664 ip·

540 2715 658 2767 sorum
676 2693 914 2783 imitationem,
935 2692 1089 2787 inspecta
1108 2693 1292 2766 devotione
1310 2694 1507 2789 pariterque
1523 2691 1706 2784 fidelitate,
1724 2690 1957 2766 dilectissimis

544 2817 705 2890 fidelibus
729 2815 856 2888 nostris
878 2817 1079 2907 lamberto,
1103 2815 1247 2909 uuodo,
1275 2816 1496 2908 Visdomino,
1516 2817 1722 2903 orlandino,
1739 2817 1953 2904 Normanuo,

544 2942 801 3030 Sexmundino‚
823 2938 1029 3032 Gattauello‚
1050 2941 1167 3032 Coelo,
1197 2940 1395 3028 diederico,
1422 2939 1562 3027 Quirino
1586 2962 1776 3035 eorumque
1796 2940 1957 3037 legitimis

545 3065 733 3140 heredibus
746 3077 782 3138 et
795 3063 1046 3159 proheredibus
1059 3065 1282 3138 noncedimus
1299 3073 1334 3138 et
1352 3063 1388 3136 in
1410 3073 1614 3160 perpetuum
1635 3063 1879 3138 confirmamus
1892 3063 1956 3138 ho-

547 3211 666 3262 norem
682 3198 718 3262 et
730 3209 867 3261 omnem
888 3191 963 3282 ejus
978 3189 1151 3276 ellectum,
1169 3188 1300 3262 scilieet
1316 3198 1355 3259 ut
1370 3188 1439 3261 sint
1456 3187 1597 3261 oomites
1611 3189 1729 3284 palatii
1744 3198 1780 3262 et
1791 3189 1886 3262 missi
1902 3187 1955 3284 (l)

545 3311 677 3386 domini
689 3312 916 3406 imperatoris.
933 3313 1052 3406 ltaque
1061 3320 1261 3406 potestatem
1276 3320 1310 3384 et
1321 3311 1530 3384 ordinariam
1540 3313 1816 3406 jurisdictionem
1831 3314 1883 3386 eis
1894 3315 1956 3408 qui

545 3447 628 3512 sunt
643 3435 785 3509 uomitus
800 3435 887 3508 sacri
904 3436 1023 3530 palatii
1042 3445 1077 3508 et
1092 3435 1287 3530 imperiales
1306 3436 1404 3508 missi
1421 3437 1643 3512 consedimus
1656 3437 1793 3532 judiees
1807 3438 1956 3512 leniendi

544 3563 619 3636 sive
633 3559 804 3651 mittendi,
821 3559 971 3633 notarios
988 3559 1138 3633 faciendi
1155 3569 1190 3633 st
1214 3559 1386 3654 mittendi,
1404 3561 1695 3658 emancipationes
1710 3563 1908 3636 eelebrandi
1922 3573 1957 3636 et

543 3707 662 3759 rursus
674 3684 897 3757 alienationes
910 3683 1084 3755 minorum
1100 3684 1301 3756 nenessitate
1311 3693 1468 3778 sugente,
1482 3687 1538 3758 vel
1551 3685 1655 3757 etiam
1669 3687 1877 3781 pignorandi
1890 3710 1958 3784 pu·

545 3811 635 3883 blica
647 3809 815 3905 scriptura
828 3807 1077 3880 interveniente
1088 3818 1125 3878 et
1138 3807 1298 3880 mulieres
1307 3807 1381 3880 suis
1394 3809 1478 3880 viris
1489 3807 1648 3881 tradendi
1663 3811 1718 3882 vel
1728 3810 1958 3906 disponsandi

543 3944 579 4008 et
592 3933 717 4029 placita
729 3932 924 4004 uoluntaria
937 3929 983 4006 de
999 3939 1070 4003 tota
1083 3929 1235 4003 marchia
1248 3939 1328 4004 aute
1342 3953 1402 4004 eos
1415 3932 1589 4006 venientia
1601 3931 1829 4025 distringendi
1844 3946 1880 4007 et
1892 3935 1958 4008 bo-

545 4058 656 4130 mines
668 4077 758 4152 pene
775 4055 831 4128 sui
847 4055 952 4128 baum
967 4054 1132 4148 alligandi
1150 4063 1185 4126 ot
1201 4055 1401 4150 publicandi
1420 4064 1457 4128 ot
1476 4055 1613 4128 viarum
1636 4056 1852 4152 publicarum
1870 4058 1958 4132 dea-

544 4192 709 4254 tructores
720 4181 849 4252 mulota
860 4177 1028 4274 puniendi
1038 4175 1092 4273 (o)
1104 4189 1138 4250 et
1153 4199 1305 4273 pugnam
1314 4178 1470 4272 legaliter
1482 4178 1666 4252 ordinandi
1678 4181 1735 4254 vel
1747 4179 1952 4277 imperandi.

547 4306 701 4378 Preterea
714 4302 936 4376 condedimus
947 4300 999 4374 eis
1011 4308 1213 4396 potestatem
1225 4301 1427 4376 restituendi
1442 4304 1555 4400 lapsos
1568 4325 1673 4376 causa
1687 4306 1824 4399 nognita
1833 4307 1956 4407 yolen-

589 4477 626 4559 (a)
646 4479 683 4539 In
693 4481 835 4555 impresso
839 4475 984 4557 smodi,
998 4479 1086 4540 malo.

586 4771 623 4844 (l)
641 4767 703 4828 Vid.
720 4767 848 4842 Congium
865 4768 901 4825 od
918 4768 1004 4838 verb,
1022 4769 1255 4842 obduratorium,
1274 4771 1414 4848 Antiquit.
1430 4771 1494 4829 ltol.
1509 4771 1579 4830 ulad.
1593 4773 1665 4841 oevi,
1680 4771 1787 4832 dissert
1804 4773 1852 4833 vll
1863 4779 1892 4832 et
1905 4771 1954 4831 tx.
