4272 5886
559 515 621 579 552
1062 515 1275 606 sementes
1299 519 1476 585 securint
1785 524 1868 604 [sss.
1888 525 1978 586 lm.

563 655 645 728 deut
661 652 795 748 aliquid
816 661 1031 750 sttsmptnrs.
1057 655 1161 742 Quod
1187 657 1250 752 qui
1277 659 1523 756 presumpserit
1541 660 1978 755 ponam-millslibrurnm

562 782 638 854 anri
652 779 1243 876 noveritssincursurum,quarum
1255 783 1421 858 medietas
1431 807 1567 858 curnem
1578 795 1708 878 nosue,
1719 785 1854 880 rdiqua
1868 785 1980 881 passm

561 906 724 997 injuriam
753 905 979 999 persolvetur.
1013 904 1071 978 Ad
1098 905 1203 1001 hujus
1231 908 1349 1004 itaque
1382 910 1613 983 consessionis
1643 918 1678 981 et
1707 908 1979 982 confirmationis

562 1040 678 1104 nostre
693 1031 894 1103 memoriam
906 1038 941 1103 et
952 1029 1111 1103 stabilem
1129 1029 1337 1123 firmitatem,
1352 1053 1494 1130 pressus
1509 1033 1728 1129 privilegium
1745 1033 1821 1106 lieri
1834 1044 1871 1106 st
1884 1035 1979 1106 bulla

562 1177 668 1230 aurea
688 1155 822 1251 typario
839 1165 955 1228 nostre
970 1155 1158 1247 maiestatis
1172 1156 1338 1252 impressa
1355 1159 1498 1233 lecimus
1514 1160 1732 1231 communiri.

612 1281 724 1372 Hujus
742 1279 791 1352 rei
810 1288 913 1352 testes
930 1289 1013 1352 suut
1030 1280 1357 1376 magdeburgensis,
1377 1285 1632 1375 llnveuneosis,
1648 1285 1825 1380 Tyrensis,
1846 1286 1978 1358 Panor-

562 1407 715 1480 mitanus
732 1412 768 1478 st
782 1405 934 1499 Reginus
950 1404 1217 1500 archiepiscopi,
1236 1407 1474 1498 Bononiensis,
1498 1409 1719 1500 Mantuanus,
1731 1409 1974 1495 laurinensis,

561 1531 787 1606 Ariminensis
806 1540 841 1605 et
859 1530 1007 1604 Ceoenas
1022 1531 1193 1626 episcopi,
1212 1533 1363 1606 Saxonis
1383 1542 1419 1606 et
1439 1534 1568 1629 Spoleti
1590 1533 1716 1625 duces,
1742 1535 1913 1607 Henricus
1932 1534 1977 1606 ds

560 1657 847 1751 Schwartzbnrg,
872 1656 1070 1730 Gunthsrns
1093 1655 1140 1730 ds
1167 1657 1409 1752 Kevcrnbsrg,
1430 1657 1643 1732 Wernhsrns
1660 1658 1707 1732 de
1721 1659 1888 1754 Kyburg,
1914 1659 1976 1730 ΔΙ-

560 1783 682 1855 bsrtus
715 1781 761 1855 de
791 1779 1059 1875 Habechspurc,
1089 1781 1288 1854 Ludoricus
1316 1791 1354 1855 et
1382 1782 1600 1854 Hermannns
1636 1782 1681 1855 dc
1713 1782 1914 1872 Frnburcb,
1942 1791 1975 1854 et

560 1907 709 1980 Thomas
725 1907 771 1979 dc
791 1905 929 1980 Acerris
950 1905 1114 1996 comites,
1139 1905 1331 1980 Richardns
1348 1907 1581 1980 marschalcus
1597 1915 1632 1980 st
1649 1905 1844 1981 Richardus
1855 1927 1974 1980 cums-

563 2032 676 2106 rsrins
697 2031 886 2127 imperialis
903 2032 1000 2122 auls,
1027 2031 1190 2104 Albertns
1208 2030 1254 2106 de
1278 2032 1460 2124 Arnstsin,
1479 2031 1656 2106 Gotlridus
1677 2030 1723 2105 ds
1742 2033 1920 2105 llosnloclr
1942 2041 1975 2104 et

562 2157 621 2230 atii
641 2157 879 2252 quamplures.
1731 2161 1735 2166 '

613 2281 758 2374 Signum
779 2279 916 2354 'domini
940 2279 1105 2353 Fridsrici
1128 2280 1272 2354 secundi
1292 2281 1354 2354 [lsi
1378 2280 1487 2374 mutia
1509 2281 1727 2353 invictissimi
1744 2283 1972 2354 Romanorum

563 2405 794 2502 imperatoris,
812 2425 949 2500 semper
966 2403 1120 2498 augusti,
1139 2404 1351 2478 iherusalem
1371 2415 1407 2478 et
1422 2405 1538 2478 Sicilie
1553 2407 1658 2500 regis.

613 2531 699 2603 Acta
728 2539 815 2634 sunt
837 2527 903 2602 bec
930 2548 1022 2600 anuo
1050 2524 1224 2600 dominice
1253 2529 1499 2601 incarnationis
1527 2529 1713 2602 millesimo
1740 2528 1972 2602 ducentesimo

563 2653 730 2726 vicesimo
752 2663 873 2745 sexto,
894 2673 1014 2724 meuse
1036 2653 1169 2742 martii,
1187 2653 1445 2746 quartcdscime
1462 2651 1678 2744 indictionis,
1700 2653 1896 2748 imperante
1910 2653 1973 2726 do-

563 2780 659 2852 mino
676 2777 855 2851 Frsdcrioo
878 2776 941 2849 Dei
960 2777 1070 2871 gratia
1096 2776 1316 2850 serenissimo
1338 2779 1570 2850 Romanorum
1596 2779 1826 2874 imperatore,
1847 2799 1973 2873 semper

564 2913 733 2995 augusto,
752 2902 965 2976 iherusalem
987 2911 1023 2974 et
1045 2901 1161 2974 Sicilie
1183 2921 1286 2995 rege,
1311 2901 1455 2974 Romani
1478 2901 1613 2997 impsrii
1638 2922 1732 2974 anno
1755 2903 1836 2995 ejus
1860 2912 1969 2990 sexto,
2064 2940 2070 2958 ι

564 3027 664 3122 regni
678 3026 891 3099 iherusalem
905 3027 1029 3121 primo,
1046 3025 1145 3120 regui
1158 3025 1274 3100 Sicilie
1284 3025 1452 3099 vioesimo
1462 3035 1564 3100 ssxto
1578 3025 1666 3122 (sic),
1679 3025 1839 3102 feliciter.
1855 3025 1970 3100 Amen.

613 3153 739 3224 Datum
756 3151 922 3244 Arimins,
943 3171 1048 3243 anno,
1069 3171 1188 3224 mense
1203 3161 1238 3225 st
1254 3151 1443 3225 indictione
1458 3151 1671 3248 prescriptis.

619 3691 810 3775 Honorius
832 3717 931 3800 pepe
957 3686 1147 3770 Friderioo
1171 3685 1432 3769 Romanorum
1457 3681 1676 3792 imperatori
1699 3673 1975 3766 scrssrit'incrs-

567 3827 695 3937 pando
714 3849 827 3934 snper
844 3849 890 3905 eo
908 3821 1012 3932 quod
1027 3847 1104 3903 non
1123 3827 1322 3902 contentus
1340 3813 1482 3897 finibus
1498 3813 1640 3926 quibus
1653 3816 1818 3898 eontenti
1835 3815 1979 3897 lnersnt
2126 3931 2127 3936 Ν

567 3959 595 4042 ii
613 3957 680 4069 qui
697 3958 826 4066 ipsum
844 3955 883 4036 in
902 3953 1061 4062 imperio
1080 3959 1377 4056 antecesserunt,
1397 3948 1670 4060 patrimonium
1688 3947 1798 4048 besti
1810 3951 1910 4033 Petri
1927 3950 1980 4032 in-

569 4087 1097 4203 rsdcrepresumpsit3qunre
1110 4096 1343 4170 moneteum
1357 4081 1430 4168 sub
1445 4109 1568 4192 poens
1581 4083 1979 4168 excommunicationis

570 4235 759 4336 quatenus
791 4221 1019 4332 apostolicae
1043 4221 1154 4304 Sedis
1177 4219 1268 4330 jura
1293 4220 1512 4303 decaetero
1539 4244 1607 4328 per
1631 4244 1672 4302 se
1689 4217 1750 4302 vel
1774 4245 1845 4328 per
1867 4219 1977 4302 ulium

573 4357 797 4443 nullomodo
815 4356 1013 4466 inquietet.

399 3715 503 3824 tristi

652 4543 757 4620 (lidid.
770 4545 867 4606 lusu.
885 4543 993 4619 linus,
1010 4539 1122 4605 collect.
1138 4559 1264 4604 moneta.
1280 4547 1337 4603 net.
1356 4548 1386 4603 ct
1402 4545 1521 4615 mat,
1533 4545 1556 4601 t.
1572 4543 1600 4615 1,
1611 4538 1688 4601 boll.
1703 4539 1876 4620 pnntll.,n⁰
1889 4540 1973 4610 XXV,

690 4665 722 4729 p.
741 4651 899 4730 stenen.)
