4368 5876
550 503 610 564 itt
1049 504 1264 566 lllllliElilCl
1291 504 1465 567 secanti
1779 501 1858 589 [dn.
1878 505 1965 568 1221.

547 639 625 731 ejus
641 639 804 734 exemplo
824 641 923 732 cnjus
941 639 1103 712 immeriti
1117 641 1230 714 vicem
1244 641 1410 736 gemmus,
1426 640 1524 737 quod
1537 641 1599 714 nui
1614 661 1663 714 ex
1677 641 1832 714 minimis
1842 643 1968 716 nostris

549 761 588 836 iit
604 763 705 836 uobis
726 762 801 836 lieri
819 772 1036 860 reputemus,
1053 767 1136 861 quia
1153 775 1269 840 nmen
1288 767 1380 840 sicut
1401 767 1500 840 stella
1520 766 1635 840 diiiert
1652 789 1674 841 a
1693 767 1792 841 stella
1810 767 1846 838 in
1867 766 1968 840 olari·

549 897 632 980 mie,
651 889 699 961 ita
713 889 803 962 inter
818 910 878 962 eos
897 899 950 962 est
963 889 1140 964 distinctio
1154 892 1367 979 meritonam,
1393 913 1458 966 nos
1478 893 1656 987 comentes
1676 890 1872 988 predictum
1894 892 1969 986 epi·

554 1033 699 1109 scopum
720 1035 763 1086 eo
780 1014 989 1110 propensius
1000 1014 1162 1088 honorari
1180 1037 1252 1111 quo
1276 1039 1339 1112 per
1356 1037 1437 1090 enm
1451 1015 1561 1090 Sedes
1580 1015 1768 1111 apostolica
1784 1013 1971 1086 sublimius

550 1135 750 1231 bonoratur,
769 1139 1027 1212 universitatem
1044 1150 1195 1213 vestram
1208 1161 1384 1235 rogamus,
1403 1163 1585 1214 monemus
1601 1151 1636 1213 et
1651 1139 1828 1213 hortamur
1841 1149 1971 1212 attente

551 1271 587 1334 et
604 1285 666 1358 per
687 1264 874 1359 apostolica
891 1264 992 1338 vobis
1015 1265 1142 1361 scripta
1165 1263 1308 1339 firmiter
1334 1265 1557 1362 precipiendo
1581 1266 1788 1340 mandamus
1805 1263 1971 1358 quatinus

551 1385 715 1462 eumdem
735 1391 887 1484 legatum
905 1390 962 1464 vel
983 1390 1098 1486 potius
1117 1411 1182 1464 nos
1204 1390 1241 1462 in
1262 1391 1339 1486 ipso
1364 1389 1567 1486 recipientes
1584 1390 1712 1462 ilaritcr
1732 1399 1769 1462 st
1785 1387 1913 1464 devoto
1928 1407 1972 1460 ac

553 1511 672 1587 debita
699 1515 921 1588 veneratione
948 1523 1132 1587 tractantes
1152 1511 1266 1588 eidem
1292 1514 1329 1586 in
1353 1514 1516 1588 omnibns
1537 1523 1573 1588 et
1592 1536 1654 1611 per
1670 1513 1788 1587 omnia
1804 1511 1973 1586 studeatis

553 1635 737 1710 efficaciter
753 1637 913 1727 obedire;
933 1635 981 1710 ita
1000 1636 1096 1731 qnod
1111 1659 1193 1710 eum
1212 1637 1407 1733 propicium
1427 1646 1463 1710 et
1475 1657 1539 1710 nos
1553 1637 1656 1711 vobis
1673 1636 1806 1710 exinde
1818 1635 1974 1708 reddatis

554 1760 763 1834 favorabiles
783 1771 817 1834 et
838 1761 1022 1855 benignos.
1049 1761 1213 1857 Alioquin
1239 1761 1445 1836 senteutiam
1470 1783 1578 1857 qaum
1602 1759 1696 1834 idem
1722 1761 1839 1834 tulerit
1857 1759 1894 1832 in
1919 1781 1975 1833 re·

555 1883 663 1958 belles
679 1895 789 1958 ratum
807 1896 842 1958 et
855 1883 990 1965 firmam
1006 1885 1212 1960 babebimus
1233 1897 1268 1959 et
1284 1887 1453 1961 iaciemus
1467 1895 1609 1960 anctore
1624 1885 1769 1959 Domino
1788 1883 1975 1958 inviolabi-

557 2013 634 2086 liter
650 2012 840 2086 observari.

606 2137 733 2209 Datnm
751 2136 922 2225 Moruni,
938 2137 969 2208 ll
983 2137 1064 2210 idus
1079 2135 1208 2220 martii,
1221 2135 1444 2232 pontificatus
1457 2137 1564 2210 nostri
1577 2157 1670 2211 anuo
1686 2137 1822 2232 quinio.

518 2909 527 2934 ‚
614 2812 842 2917 Fridericus,
858 2811 1118 2895 Romanorum
1137 2811 1358 2921 imperator,
1377 2809 1612 2894 Friderionm
1638 2811 1688 2894 de
1711 2811 1829 2918 irco,
1855 2812 1981 2895 Adel-

514 2966 521 2980 ·
561 2955 713 3058 prelum
727 2943 1056 3052 etllipreudinum
1075 2959 1230 3053 nepotes
1248 2945 1331 3054 ejus
1353 2971 1564 3054 eorumque
1586 2945 1768 3028 haeredes
1790 2944 1984 3056 legitimos

562 3081 709 3163 honore
734 3078 936 3162 comitatus
962 3077 1158 3186 nobilitat,
1187 3077 1237 3161 ab
1263 3079 1368 3163 omui
1396 3079 1555 3188 auguria
1583 3088 1621 3162 et
1646 3104 1766 3162 onere.
1786 3081 1984 3164 rusticano

563 3213 713 3320 eximit,
730 3213 861 3322 eisque
877 3210 1079 3296 coufirmat
1095 3238 1246 3296 merum
1267 3221 1305 3296 ei
1331 3213 1494 3296 mixtum
1515 3213 1720 3323 imperium
1745 3239 1836 3296 cum
1853 3211 1983 3326 juris-

565 3348 729 3432 dictione
746 3355 784 3430 et
801 3346 989 3430 districtu.

648 3588 778 3670 (Edidit,
792 3588 876 3649 nulia
893 3587 1148 3649 animadversione
1160 3587 1300 3668 ndrnissn,
1311 3585 1361 3648 liu
1374 3587 1472 3659 uuir,
1489 3584 1605 3668 Oricia.
1621 3584 1697 3647 Boio.
1713 3584 1823 3662 mmor,
1834 3593 1860 3651 t.
1875 3587 1917 3661 ΙΙ,
1930 3603 1986 3667 ap·

686 3695 772 3773 pond
796 3690 844 3776 (η’
856 3692 904 3772 e).
928 3711 968 3755 ex
987 3693 1100 3754 orchia.
1116 3691 1274 3773 salisburg.
1291 3695 1438 3754 molesme
1452 3725 1493 3740 -
1506 3694 1661 3755 Memorat.
1676 3711 1726 3771 ap.
1748 3694 1901 3768 Ucuuuur,
1915 3691 1986 3757 liat.

688 3817 777 3875 socr„
791 3799 910 3873 V,oot‚
926 3801 976 3878 qui
991 3799 1124 3860 codicem
1137 3799 1296 3877 quemdam
1310 3797 1448 3860 Biblioth.
1464 3798 1592 3861 Vindob.
1606 3801 1726 3862 indicat
1739 3799 1802 3863 Sub
1816 3803 1875 3862 ista
1889 3807 1988 3862 tam·

689 3908 784 3969 formo
797 3922 859 3968 non
872 3907 968 3968 levem
982 3905 1064 3967 dubii
1079 3923 1201 3968 causam
1213 3906 1270 3968 hoc
1283 3905 1494 3968 documentum
1507 3903 1648 3986 praebet)

575 4276 588 4313 s
602 4264 631 4316 et
645 4255 773 4316 mandato
784 4254 855 4312 dicte
865 4253 922 4328 (sic)
931 4255 1073 4328 potestatis
1084 4253 1181 4329 scripsi
1194 4258 1222 4312 et
1232 4251 1378 4328 publicavi.
1391 4252 1522 4326 »legitur
1532 4259 1625 4310 autem
1637 4252 1772 4326 iltd.,inl.
1784 4258 1796 4310 i
1810 4253 1991 4326 verso,altera

573 4354 717 4430 promissio
730 4353 787 4411 iere
804 4352 856 4411 sub
869 4353 972 4410 eisdem
982 4351 1076 4411 verbis
1088 4351 1158 4410 iacta
1170 4369 1187 4409 a
1200 4351 1353 4410 Florentino
1366 4357 1507 4424 potestate,
1524 4350 1611 4424 pridie
1624 4366 1710 4408 nonas
1720 4351 1820 4426 aprilis.
1837 4353 1869 4409 ln
1879 4352 1991 4426 qrribm·

574 4452 639 4509 darn
656 4450 739 4523 liujus
754 4449 855 4507 codicis
867 4449 1052 4507 instrumentis
1063 4455 1091 4506 et
1105 4449 1249 4522 praecipue
1261 4447 1305 4505 iol.
1327 4451 1361 4504 io
1372 4453 1463 4518 recto,
1478 4447 1628 4521 liugolinns
1645 4455 1756 4506 vocatu
1768 4447 1914 4523 opoamlice
1923 4449 1992 4508 tedis

576 4549 680 4622 ὡραίας
691 4547 951 4622 ctt’mpniolisoule
964 4549 1094 4605 olearias.
1108 4548 1160 4605 lsie
1180 4561 1245 4605 vero
1263 4561 1398 4620 nusquam
1416 4547 1489 4603 bunc
1504 4545 1629 4603 ulb'mum
1651 4546 1704 4604 sibi
1726 4546 1833 4604 nmium
1853 4547 1991 4620 adsoribit,

577 4647 639 4706 licet
652 4661 685 4704 ex
699 4645 795 4704 litteris
804 4646 872 4722 ipsis
885 4647 1013 4705 Friderici
1028 4645 1193 4720 imperialem
1202 4646 1312 4721 plenam
1321 4646 1506 4704 anctoritatem
1519 4643 1651 4702 habuerit.
1664 4644 1704 4704 Gi.
1719 4660 1802 4720 supra
1815 4660 1845 4719 p.
1857 4649 1922 4706 ian.
