4292 5894
530 577 592 640 eto
1030 577 1247 642 lutosum!
1271 577 1447 642 sedeunt
1761 577 1843 666 [dn.
1860 581 1941 644 1221

532 710 715 786 Guillelmo
739 711 855 786 abhuti
875 711 1142 807 llontismujoris
1159 727 1194 788 et
1217 713 1396 788 monuelris
1418 711 1548 788 ibidem
1566 713 1637 788 Deo
1663 715 1895 790 seruientibus
1909 717 1944 790 in

532 844 740 934 perpetuum
762 836 906 928 gratinus
924 859 1025 912 suam
1045 849 1081 912 et
1105 838 1233 913 bonam
1255 839 1483 914 voluntatem.
1503 837 1611 911 Vobis
1632 847 1668 912 et
1687 841 1862 914 universis
1879 841 1944 913 iur-

534 962 620 1058 perii
640 961 746 1035 nostri
769 959 930 1036 fidelibus
950 972 1022 1036 trm
1042 963 1260 1059 presentibus
1279 985 1387 1060 quam
1410 963 1535 1036 lutaris
1551 971 1672 1036 uotum
1693 964 1943 1061 luoimusquod

532 1107 597 1160 nos
624 1109 669 1160 ex
696 1087 815 1160 innata
837 1087 1051 1182 benignitate
1074 1097 1190 1162 nostre
1219 1096 1254 1162 et
1279 1109 1342 1186 pro
1368 1087 1607 1184 redemptione
1630 1087 1745 1162 anime
1772 1100 1890 1164 noetre
1911 1101 1945 1166 at

531 1221 786 1286 nnteeeseorum
807 1221 1022 1303 nostrorum,
1041 1213 1289 1286 monasterium
1311 1223 1465 1288 restrum
1488 1213 1605 1286 Saneti
1631 1214 1720 1286 Petri
1743 1214 1789 1288 de
1809 1216 1944 1290 lloute-

530 1337 661 1429 maJ’ore
678 1358 759 1409 eum
773 1336 935 1410 omnibus
947 1337 1122 1432 personis,
1140 1338 1246 1411 rebus
1259 1347 1294 1412 et
1311 1337 1526 1433 pertinentiis
1541 1337 1615 1410 suis
1625 1337 1671 1410 in
1686 1348 1803 1412 uestro
1816 1341 1943 1432 maim-

530 1461 611 1536 tatis
636 1461 821 1558 specialem
851 1461 1039 1558 recipimus
1062 1462 1309 1558 protectionem
1334 1470 1369 1536 et
1392 1461 1649 1554 defensionem,
1682 1463 1840 1560 predicto
1866 1487 1943 1539 mo-

531 1585 681 1660 nastario
703 1607 766 1681 per
787 1585 853 1658 hos
877 1594 1011 1658 nostres
1038 1586 1155 1681 apioes
1180 1585 1423 1660 eonlirmmtes
1447 1587 1564 1660 omnia
1586 1607 1656 1682 que
1679 1588 1857 1684 piissimus
1882 1611 1943 1664 rex

530 1713 709 1786 Conradus
725 1720 760 1784 et
775 1711 834 1784 alii
849 1711 1071 1806 imperatores
1086 1713 1231 1786 Romani
1246 1712 1362 1786 eidem
1378 1713 1452 1786 suis
1468 1711 1660 1808 privilegiis
1673 1711 1938 1787 oouffluueruut:

438 1905 441 1915 r
530 1835 693 1910 videlieet
713 1835 779 1908 hoc
796 1834 894 1928 quod
911 1835 1075 1908 dominus
1096 1838 1166 1910 leo
1189 1837 1398 1932 apostoliens
1420 1846 1525 1930 atque
1546 1836 1656 1910 leliois
1682 1837 1846 1910 memorie
1865 1837 1941 1914 Otto

531 1959 719 2055 imperatur
743 1967 913 2054 augustus
942 1979 984 2032 ae
1011 1980 1108 2032 soror
1134 1959 1282 2034 Cuursdi
1307 1960 1400 2055 regis
1430 1957 1594 2034 Adslnsia
1623 1959 1826 2056 impmtrix
1853 1961 1941 2038 dieto

532 2084 739 2158 monasterio
763 2090 1022 2176 conoeseerunt,
1045 2093 1080 2156 et
1105 2079 1339 2181 insuper'hoo
1363 2083 1461 2179 quod
1486 2085 1576 2158 Boeo
1593 2083 1805 2159 Anelutensis
1831 2107 1941 2160 eomes

532 2209 686 2284 reddidit
703 2209 769 2304 ipsi
784 2207 859 2304 regi
875 2207 1032 2282 Conrado
1050 2209 1096 2282 de
1112 2219 1201 2282 terra
1216 2209 1331 2284 Sancti
1346 2209 1494 2304 Remigii
1510 2207 1556 2283 de
1568 2209 1723 2301 Francis,
1738 2218 1775 2284 et
1786 2210 1825 2282 in
1838 2211 1940 2285 eomi-

530 2343 605 2410 tatu
619 2335 773 2431 lepinoo
786 2335 907 2407 oellern
920 2355 1027 2430 quum
1043 2343 1169 2408 roeant
1183 2334 1229 2408 ad
1246 2344 1375 2409 motum
1390 2334 1506 2409 Sancti
1519 2333 1661 2408 llurtiui
1676 2343 1711 2410 et
1728 2333 1767 2406 in
1784 2336 1853 2409 alio
1868 2336 1940 2409 loou

529 2461 650 2534 oollam
669 2459 868 2534 Autonures
883 2467 920 2532 et
936 2457 973 2530 iu
995 2459 1161 2532 eomitatu
1179 2459 1333 2554 Aquausi
1357 2457 1614 2534 lloeelruudosu
1635 2467 1671 2532 et
1694 2458 1741 2534 ad
1765 2461 1936 2534 castellum

527 2583 624 2680 quod
643 2583 770 2658 dicitur
794 2585 918 2656 Istrum
939 2581 1103 2656 eeclesiae
1126 2583 1241 2658 Suueti
1263 2585 1354 2658 Petri
1377 2595 1413 2658 et
1429 2584 1545 2657 Suueti
1566 2582 1704 2658 llartini
1723 2605 1803 2658 eum
1822 2584 1935 2673 terris,

527 2709 676 2805 eampis,
696 2707 827 2800 vineis,
845 2707 1031 2795 salinariis,
1047 2715 1083 2780 et
1096 2717 1205 2784 terres
1218 2731 1307 2804 quus
1322 2709 1503 2782 nominent
1515 2710 1643 2782 Sauete
1654 2708 1761 2782 llario
1774 2707 1940 2806 Antipolis

527 2856 607 2908 uum
626 2834 737 2908 servis
756 2843 791 2908 et
816 2833 949 2907 ancillis
966 2841 1000 2908 et
1016 2833 1136 2908 villum
1152 2856 1223 2930 que
1246 2834 1373 2909 dicitnr
1385 2835 1550 2910 Casuruso
1570 2855 1651 2907 oum
1666 2833 1839 2907 salinariis
1853 2834 1936 2908 etin

525 2959 674 3054 llartigo
691 2981 802 3031 unum
823 2979 899 3036 mes
920 2957 971 3056 (o)
990 2959 1087 3054 quod
1106 2968 1232 3034 vocant
1251 2961 1404 3036 Venrosa
1428 2969 1463 3036 et
1482 2959 1609 3034 vallem
1634 2979 1739 3052 quam
1762 2958 1935 3032 nominant

526 3085 643 3158 Sancti
659 3084 749 3158 Petri
770 3105 851 3156 eum
868 3082 980 3156 tribus
997 3083 1152 3157 eeclesiis
1173 3085 1210 3156 in
1227 3085 1303 3158 loco
1321 3085 1383 3180 qui
1407 3083 1534 3159 dieitur
1556 3084 1722 3156 Namurru
1745 3091 1780 3156 et
1795 3081 1937 3179 paludes

525 3231 614 3306 quus
635 3209 736 3284 vobis
757 3207 929 3282 dederunt
948 3207 1153 3282 lambertus
1168 3215 1203 3282 et
1218 3229 1309 3282 uxor
1329 3210 1404 3302 ejus
1419 3207 1607 3303 Galburgia
1625 3227 1797 3281 eonsensu
1812 3229 1855 3280 ao
1870 3227 1934 3303 pe-

525 3334 646 3409 titione
663 3332 704 3408 G.
726 3331 861 3406 eomitie
880 3341 915 3406 et
933 3333 1048 3406 nutis
1065 3335 1142 3427 eius
1163 3331 1327 3426 liobeldi,
1346 3331 1473 3406 siouta
1491 3331 1593 3407 vobis
1608 3333 1702 3426 Justu
1719 3331 1934 3428 possidentur

524 3460 562 3534 in
579 3459 726 3534 eireuitu
749 3457 860 3555 ipsius
875 3457 1142 3553 llontismujoris
1156 3467 1191 3532 et
1211 3457 1500 3556 protendunture
1516 3455 1734 3532 uolumnallie
1746 3456 1936 3550 insentibus

522 3585 562 3659 iu
586 3583 736 3659 ounfinio
759 3583 856 3657 urbis
872 3581 1082 3658 Arelatensis
1099 3583 1162 3656 ubi
1183 3593 1265 3658 suut
1287 3583 1425 3658 termini
1443 3583 1561 3658 Sancti
1580 3581 1671 3656 Petri
1688 3590 1725 3656 et
1740 3581 1857 3656 Sancti
1872 3579 1935 3654 (le-

523 3709 606 3784 earli
622 3717 658 3784 et
671 3708 869 3800 diriguntur
884 3707 933 3783 ad
945 3709 1141 3782 oolumnam
1155 3729 1382 3782 marmoream
1396 3716 1524 3782 rectam
1539 3716 1575 3784 et
1586 3705 1716 3782 exinde
1730 3704 1936 3780 clauduntur

521 3835 583 3910 via
598 3833 767 3908 Baleieusi
790 3834 826 3905 in
842 3854 914 3928 qua
926 3833 1042 3926 jaeeut
1056 3831 1125 3906 alie
1144 3833 1351 3906 eolumnelle
1367 3841 1403 3906 et
1419 3832 1543 3906 iterum
1559 3829 1814 3928 protenduntur
1829 3847 1934 3923 usque

524 3960 571 4035 ad
588 3962 751 4033 sanetum
769 3957 959 4032 Iohannem
984 3956 1041 4030 del
1064 3955 1149 4031 Gres
1169 3965 1205 4030 et
1227 3957 1275 4030 ibi
1302 3957 1528 4030 terminantur
1547 3977 1569 4029 a
1591 3954 1807 4028 columnellis
1821 3952 1933 4028 liniae

523 4086 670 4161 termino
682 4083 851 4158 Belciensi
869 4103 982 4178 usque
995 4082 1042 4156 ad
1059 4082 1295 4172 Castelletum3
1315 4081 1399 4155 item
1412 4081 1528 4178 ipsum
1545 4081 1762 4154 castelletum
1776 4101 1855 4153 uum
1872 4098 1932 4152 suo

524 4211 693 4287 territorio
709 4217 745 4283 et
755 4208 829 4282 suis
840 4205 1072 4304 pertiuentiis;
1090 4206 1172 4279 item
1185 4206 1362 4280 castellum
1374 4203 1522 4278 Beduini
1530 4203 1559 4300 (l
1569 4203 1582 4300 )
1593 4227 1674 4278 oum
1687 4202 1782 4278 omni
1797 4202 1931 4298 integri·

564 4402 960 4492 permonemur.

564 4725 600 4802 (4)
617 4722 725 4783 Scilicet
737 4717 1038 4790 Gustelktetltodoor'rr‚
1049 4717 1077 4775 iu
1090 4718 1140 4776 trae
1151 4717 1279 4776 Frenetes
1290 4722 1367 4792 parte
1377 4731 1447 4792 quae
1458 4713 1785 4790 didtrudtpurtsrmotrta
1795 4711 1929 4772 laudun.
