4272 5886
439 555 442 566 .
543 500 604 563 532
1047 509 1260 574 FllllllllllCl
1284 513 1458 575 securint
1772 512 1861 596 [An.
1879 514 1958 575 iffi

545 641 746 734 provisione
770 645 976 741 respicimus
1000 657 1035 720 et
1059 651 1181 724 collata
1208 650 1274 722 sibi
1304 649 1473 724 beneficia
1501 660 1766 741 conserentes,
1799 650 1960 724 munitior

548 763 762 840 liberalitatis
789 781 903 844 nostre
925 773 1107 868 largitione
1124 775 1365 870 prosequimur
1388 797 1429 848 ac
1449 784 1642 848 nostrorum
1662 773 1866 868 adjectione
1884 797 1959 848 mu·
2074 833 2075 836 ,

547 911 670 964 nerum
691 893 877 967 liberaliter
898 899 1126 993 ampliamus;
1150 900 1183 971 ei
1211 899 1360 971 libamen
1380 899 1528 992 gratuite
1552 898 1748 972 devotionis
1767 897 1957 987 offerimus,

546 1014 591 1088 de
614 1017 714 1108 cujus
736 1018 953 1114 indulgentia
976 1023 1216 1116 cognoscimus
1236 1044 1305 1097 nou
1326 1025 1450 1118 ingrati
1473 1024 1567 1120 quod
1593 1023 1744 1096 vivimus
1768 1033 1808 1097 et
1832 1024 1879 1096 ab
1896 1045 1960 1094 ex-

543 1142 727 1216 huberenti
744 1169 808 1220 sue
827 1147 1095 1244 dispensationis
1114 1151 1328 1244 optinuimus
1343 1151 1454 1245 gratia
1469 1149 1566 1246 quod
1583 1171 1786 1244 regnamus.
1804 1151 1895 1221 ilinc
1912 1155 1959 1220 ωε

542 1267 652 1362 igitur
673 1271 771 1364 quod
798 1275 968 1369 presentis
987 1274 1106 1370 scripti
1132 1275 1221 1348 serie
1245 1284 1366 1348 notum
1391 1274 1465 1350 lieri
1482 1277 1645 1348 volumus
1669 1275 1850 1348 universis
1870 1273 1958 1368 quod

543 1393 602 1489 pia
620 1394 895 1471 consideratione
919 1410 1104 1495 pensantes
1129 1400 1278 1495 qualiter
1294 1421 1390 1473 sacra
1418 1399 1543 1474 domus
1566 1400 1690 1474 Sancte
1709 1400 1827 1473 ldarie
1849 1400 1958 1471 Theo-

542 1519 736 1594 tonicorum
767 1523 803 1594 iu
832 1523 1027 1598 lerosolima
1053 1546 1075 1598 a
1106 1526 1265 1599 Romanis
1293 1527 1506 1621 principibus
1530 1525 1815 1621 progenitoribus
1841 1524 1957 1596 nostris

542 1645 789 1720 recordationis
811 1649 927 1722 inclite
950 1650 1071 1724 iuuetis
1095 1652 1200 1724 luerit
1220 1650 1380 1724 incohata
1400 1650 1579 1746 principiis
1599 1659 1635 1722 et
1651 1649 1839 1722 immensis
1852 1651 1956 1720 bene·

542 1769 631 1844 ficiis
647 1773 832 1868 ampliata,
853 1775 1002 1868 qualiter
1020 1777 1124 1848 etiam
1139 1775 1176 1847 iu
1194 1775 1474 1848 ierosolimitauis
1489 1773 1645 1871 partibus
1665 1784 1855 1870 postquam
1873 1773 1955 1868 cepit

543 1897 662 1991 dignis
679 1898 808 1972 ibidem
826 1901 1007 1972 conatibus
1022 1901 1169 1974 Domino
1182 1900 1341 1993 militare,
1355 1899 1525 1974 adversus
1537 1901 1676 1974 hostiles
1689 1902 1952 1974 Sarracenorum

543 2023 703 2094 incursus
724 2045 762 2096 se
777 2033 881 2097 totam
898 2047 979 2096 cum
1001 2026 1075 2098 suis
1097 2026 1299 2122 exposuerit
1319 2025 1555 2116 incrementis,
1573 2024 1882 2121 predecessoribus
1900 2023 1953 2095 di·

543 2149 628 2221 lecte
652 2149 819 2222 consortis
841 2160 957 2222 nostre
987 2149 1188 2223 lSABllLLE
1206 2152 1437 2224 Romanorum
1461 2151 1698 2246 imperatricis,
1724 2172 1868 2246 semper
1888 2173 1951 2222 au-

541 2284 659 2367 guste,
681 2275 876 2349 ierosolime
890 2285 924 2349 et
937 2277 1054 2350 Sicilie
1070 2277 1210 2371 regine,
1227 2277 1353 2350 devota
1366 2277 1484 2366 luerit,
1503 2287 1540 2349 et
1554 2277 1646 2350 circa
1663 2298 1787 2350 eorum
1804 2277 1950 2372 regimen

541 2400 710 2474 benivolis
727 2402 906 2497 obsequiis
928 2424 997 2476 uon
1021 2403 1177 2498 iugrata;
1198 2403 1415 2478 revolventes
1433 2403 1574 2499 iusuper
1594 2403 1712 2476 auimo
1734 2401 1949 2474 devotionem

539 2527 740 2623 precipuum
767 2528 881 2600 fratris
904 2529 1092 2600 Hermanni
1122 2529 1277 2623 magistri
1303 2529 1429 2604 domus
1454 2527 1609 2622 ejusdem
1642 2528 1863 2623 aliorumque
1888 2527 1949 2598 ira-

539 2661 630 2724 trum
645 2652 883 2726 dedicatorum
902 2653 938 2724 iu
953 2675 1012 2745 ea,
1031 2675 1180 2748 quorum
1196 2653 1387 2727 ministerio
1404 2656 1476 2728 Deo
1490 2664 1525 2726 et
1540 2653 1738 2725 hominibus
1756 2665 1857 2747 grato
1873 2654 1949 2723 lun·

538 2777 632 2871 gitur
648 2778 729 2850 aula
747 2789 879 2869 nostra,
902 2777 1022 2851 divine
1041 2779 1275 2853 retributionis
1295 2779 1422 2852 iutuitu
1440 2801 1481 2852 ao
1498 2800 1561 2874 pro
1579 2778 1734 2852 remedio
1760 2779 1946 2852 animarum

538 2903 794 2999 progenitorum
818 2915 1036 2994 nostrorum,
1069 2913 1104 2976 et
1128 2925 1192 2999 pro
1215 2905 1355 2977 ¹comuni
1385 2905 1496 2977 salute
1522 2926 1564 2977 ac
1589 2903 1696 2998 glorie
1721 2905 1942 2992 incremento,

537 3028 684 3101 eandem
707 3049 839 3102 suoram
865 3029 1061 3103 demumst
1084 3031 1258 3125 quaslibet
1280 3029 1455 3104 derivatas
1478 3031 1524 3103 ab
1544 3051 1605 3121 ea,
1624 3031 1745 3104 fratres
1764 3039 1803 3102 et
1821 3029 1945 3102 cunim-

537 3162 606 3226 tres
620 3155 786 3249 ipsarum,
803 3175 884 3227 cum
897 3154 1061 3228 omnibus
1075 3155 1188 3245 bouis,
1207 3156 1392 3229 stabilibus
1406 3165 1442 3230 et
1458 3155 1660 3243 mobilibus,
1678 3174 1749 3248 que
1763 3175 1830 3250 per
1847 3163 1943 3226 totum

538 3288 694 3352 nostrum
724 3278 838 3353 dotale
860 3279 1169 3352 ierosolimitanum
1195 3301 1341 3375 regnum
1358 3284 1452 3376 juste
1476 3278 1657 3376 possident
1680 3279 1717 3351 in
1740 3278 1889 3375 presenti
1914 3285 1943 3350 et

489 3433 493 3440 ·
536 3427 606 3500 que
621 3404 658 3477 iu
677 3411 778 3477 autea
789 3406 884 3497 justo
898 3404 998 3477 titulo
1015 3413 1176 3500 poterunt
1194 3405 1353 3500 adipisci,
1373 3425 1522 3478 necnon
1538 3403 1697 3477 subditos
1716 3424 1838 3476 earum
1856 3403 1941 3494 lega-

537 3529 666 3602 tionem
687 3552 786 3601 suam
812 3537 917 3623 atque
942 3529 1079 3622 negotia
1097 3540 1310 3623 exercentes,
1335 3531 1402 3603 sub
1426 3530 1567 3627 speciali
1590 3529 1802 3626 protectione
1822 3550 1864 3600 ac
1885 3526 1942 3598 de-

535 3654 690 3728 tensione
712 3663 828 3726 nostra
850 3653 1063 3749 recepimus;
1089 3676 1159 3726 una
1185 3675 1264 3727 oum
1292 3676 1435 3728 assensu
1462 3663 1579 3728 nostre
1604 3651 1760 3749 predict-e
1786 3646 1940 3725 consortis

535 3779 686 3874 gratuito
702 3775 927 3850 concedimus
947 3786 981 3850 et
996 3789 1163 3874 perpetuo
1181 3778 1426 3852 confirmamus
1450 3777 1564 3852 eidem
1581 3799 1679 3852 sacre
1695 3776 1816 3850 domui
1836 3774 1939 3849 omnia

535 3905 716 4004 privilegia
739 3913 774 3976 et
790 3903 918 3999 scripta
934 3904 1090 3998 quelibet
1110 3925 1179 3998 que
1197 3915 1267 3978 tam
1287 3927 1309 3978 a
1326 3905 1627 4002 predecessoribus
1642 3925 1749 3998 quam
1764 3923 1787 3976 a
1803 3897 1940 3998 parentis

534 4029 610 4128 (sic)
632 4027 786 4126 predicte
809 4029 976 4101 consortis
1002 4038 1116 4102 nostre
1140 4028 1231 4102 dicte
1258 4029 1378 4104 domni
1406 4029 1466 4125 pia
1491 4029 1619 4102 luerint
1642 4027 1847 4100 liberalitate
1869 4044 1939 4097 oon·

535 4176 649 4245 cessa,
670 4175 735 4228 nee
760 4174 830 4225 nou
853 4151 997 4247 insuper
1013 4160 1142 4242 cestra,
1163 4155 1306 4247 casalia,
1326 4153 1485 4228 homines
1503 4164 1537 4226 et
1554 4151 1787 4248 possessiones
1802 4171 1872 4245 que
1886 4146 1939 4219 do-

536 4280 674 4352 natione
689 4299 828 4372 regum,
850 4276 1071 4349 concessione
1086 4277 1282 4373 principum
1296 4289 1331 4352 et
1346 4279 1520 4352 oblatione
1535 4277 1691 4352 fidelium
1707 4276 1783 4349 sive
1797 4273 1938 4371 quotibet

536 4405 604 4477 alio
614 4407 708 4498 justo
727 4405 826 4477 titulo
840 4411 893 4474 est
907 4401 1050 4498 adepta,
1064 4404 1121 4476 vel
1139 4405 1175 4474 iu
1197 4406 1352 4478 futurum
1370 4407 1495 4502 poterit
1508 4403 1672 4500 adipisci;
1692 4418 1937 4496 quorumque·

537 4529 618 4602 dam
643 4529 791 4625 propriis
809 4527 979 4601 duximus
1001 4529 1146 4601 inferius
1167 4528 1424 4624 exprimenda:
1450 4531 1486 4601 iu
1507 4530 1628 4626 primis
1648 4527 1834 4600 Castellum
1859 4520 1936 4616 regis

534 4676 615 4726 cum
643 4654 804 4726 omnibus
832 4653 1047 4749 pertiuentiis
1074 4653 1159 4740 suis,
1190 4663 1337 4752 excepto
1362 4655 1469 4729 casati
1495 4655 1593 4751 quod
1620 4664 1765 4728 vocatur
1787 4652 1933 4735 'lberam
