4326 5896
384 1555 411 1596 ln
420 1555 474 1598 sede

366 1609 390 1650 8.
400 1608 493 1651 mont·

352 1661 379 1704 nd
391 1663 489 1706 uuum

375 1689 504 1760 amut'

537 483 599 543 542
1039 485 1253 548 autumet
1277 486 1451 548 SBGlllllll
1762 483 1839 566 [tn
1857 479 1943 544 lffi

620 617 837 698 (Memorattn
856 615 1076 700 adunaque.
1095 621 1230 694 linarii,
1248 617 1942 700 colleahmnuthdlhffll’ris.

660 726 754 788 -Ct
774 727 948 799 Rarum..
964 723 1081 786 Amal.
1095 725 1528 812 maa,a‹tann.,§1.tllt.)

590 911 713 983 Daturn
730 913 900 1002 laterani,
920 913 999 986 Xlll
1018 915 1185 989 kalendas
1200 917 1326 1008 martii,
1345 940 1438 991 anno
1454 919 1499 989 X.

774 1257 1712 1272 monn-m

594 1555 723 1666 Legati
742 1582 787 1639 ae
808 1568 1071 1669 procuratores
1089 1557 1329 1670 singularum
1351 1557 1545 1641 civitatrnn
1560 1555 1832 1662 [lombardiae]
1853 1579 1951 1664 quae

541 1687 675 1771 foedus
702 1691 915 1776 instaurare
942 1692 1164 1801 cupiebant,
1181 1692 1229 1775 Vl
1256 1717 1379 1776 nonas
1403 1689 1530 1774 martii
1552 1687 1612 1800 (l)
1637 1690 1678 1770 in
1705 1689 1798 1772 aede
1823 1687 1950 1770 Sancti

539 1821 703 1906 Zenonis
722 1825 770 1906 ad
788 1825 951 1909 llosium
976 1826 1170 1910 llantnani
1194 1827 1277 1938 agri
1299 1827 1485 1936 oppidum
1510 1853 1558 1908 ex
1576 1823 1789 1934 composito
1805 1848 1950 1904 conre-

539 1983 630 2040 nere
648 1983 693 2040 ao
709 1958 861 2042 tabulas
879 1958 1042 2042 foederis
1059 1961 1098 2040 in
1117 1961 1212 2043 haee
1228 1960 1345 2044 rerba
1363 1961 1545 2070 scripsere
1561 1990 1572 2040 ε
1594 1995 1608 2032 ι
1629 1959 1727 2042 Cum
1741 1956 1952 2039 Friderieos

539 2089 744 2200 imperator
762 2101 949 2202 augustus
971 2092 1216 2199 lombardis,
1236 2095 1484 2202 llarohinnis,
1503 2092 1737 2178 Romaniolis
1759 2101 1799 2174 et
1820 2116 1952 2173 eornm

539 2224 671 2306 amieis
689 2235 912 2334 potestatem
931 2227 1023 2308 olim
1040 2228 1268 2310 concesserit
1284 2228 1446 2311 foederis
1463 2228 1562 2311 inter
1573 2253 1616 2310 se
1628 2226 1788 2310 feriandi
1803 2235 1843 2308 et
1858 2251 1954 2334 qno-

539 2359 609 2442 ties
626 2359 767 2442 vellent
784 2361 991 2443 renovandi
1014 2388 1084 2470 pro
1109 2361 1296 2445 libertatis
1318 2387 1411 2445 snae
1432 2361 1668 2464 defensione,
1688 2369 1804 2470 prout
1824 2359 1865 2439 in
1886 2371 1953 2440 ta-

539 2492 641 2575 bulis
658 2493 807 2601 seriptis
826 2494 1069 2576 Constantine
1090 2495 1320 2601 continetur,
1338 2505 1454 2606 atque
1484 2495 1658 2577 eamdem
1684 2505 1819 2602 postea
1842 2489 1953 2573 Hen-

539 2631 641 2712 rieus
663 2627 747 2738 ejus
767 2627 869 2712 filius
892 2639 929 2712 et
952 2625 1054 2714 Otho
1076 2630 1322 2739 imperatores
1344 2627 1670 2735 confirmaverint,
1689 2627 1741 2710 ob
1767 2651 1853 2710 eam
1874 2651 1954 2707 rem

538 2761 653 2873 legati
682 2787 728 2844 ac
753 2779 1016 2872 procuratores
1037 2764 1259 2868 Mediolani,
1280 2765 1493 2871 Bononiae,
1512 2763 1744 2868 Placentiae,
1764 2761 1951 2860 Veronae,

539 2895 702 2999 Brixiae,
723 2897 914 3004 Mantuae,
934 2897 1206 3004 vercellarum,
1222 2899 1379 3007 leodio,
1395 2897 1588 3010 Bergomi,
1604 2895 1777 3002 Taurini,
1792 2893 1956 2978 Alexan-

540 3026 666 3135 driae,
686 3030 893 3133 Vioentiae,
915 3032 1058 3114 Patavii
1080 3043 1117 3113 et
1133 3031 1292 3114 tarvisii
1309 3032 1408 3114 inter
1426 3058 1467 3113 se
1484 3031 1619 3114 foedus
1635 3029 1822 3134 foeerunt,
1842 3029 1956 3136 idque

543 3163 592 3245 ad
628 3190 750 3247 annos
785 3166 885 3247 XXV
919 3165 1184 3250 observaturos
1220 3167 1376 3249 nomine
1411 3191 1568 3249 suarum
1608 3165 1805 3246 civitatum
1837 3161 1955 3272 jura-

545 3308 636 3381 runt
645 3297 722 3409 (2)
746 3334 760 3374 ι
784 3299 971 3406 Sroouros,
990 3309 1041 3382 lle
1056 3299 1340 3408 reque-ltaliae,
1359 3299 1429 3382 lib.
1451 3299 1571 3406 XVll,
1589 3324 1630 3407 p.
1650 3302 1718 3380 55.

582 3622 620 3698 (t)
638 3623 733 3682 Corios
743 3629 834 3681 antem
844 3622 892 3696 qui
904 3621 1002 3678 seriem
1015 3627 1137 3680 aotonrm
1149 3638 1184 3680 ex
1195 3621 1359 3680 authenticis
1374 3623 1402 3679 in
1416 3621 1529 3680 Ιιίιιοιὶι
1541 3635 1591 3680 m
1600 3619 1793 3678 letliolam'
1802 3620 1953 3690 nnohrit,

545 3722 617 3780 diem
634 3722 747 3780 Veneris
764 3729 870 3779 sextum
884 3721 973 3778 rnartii
993 3721 1058 3778 lruio
1077 3721 1214 3780 societatis
1228 3721 1395 3780 munaus
1411 3720 1580 3780 renovationi
1593 3719 1723 3794 marat.
1741 3719 1783 3776 Gi.
1796 3719 1826 3775 in
1837 3717 1954 3774 Addita-

545 3823 644 3877 mentts
658 3821 691 3877 ad
703 3820 803 3878 calcem
818 3820 951 3878 scwndae
963 3820 1049 3894 partis
1061 3820 1142 3893 hujus
1151 3820 1304 3878 voluminis.

581 3919 617 3993 (2)
634 3918 728 3977 Eidem
740 3919 821 3976 etiarn
833 3917 933 3976 loederi
944 3917 1125 3976 adhaeserunt
1137 3935 1228 3976 comes
1241 3917 1408 3977 Gottinadtu
1420 3917 1456 3976 de
1471 3917 1614 3976 Blandrato
1630 3921 1660 3972 et
1673 3915 1826 3974 bonificius
1839 3914 1956 3973 ιαιιώῐο

545 4017 745 4075 llontisterrati.
757 4016 858 4075 Civitas
872 4031 980 4090 quoque
994 4017 1120 4074 Faventia
1128 4017 1282 4089 linamenta
1293 4017 1430 4076 societatis
1441 4017 1584 4076 renovavit
1593 4016 1704 4074 ineunte
1717 4015 1810 4090 aprili,
1827 4013 1893 4072 ὡιιιι
1904 4017 1955 4072 'ntr-

544 4123 653 4191 perator
671 4117 812 4174 Ravennae
831 4120 989 4186 moraretur,
1010 4121 1041 4172 ut
1060 4121 1153 4172 monet
1175 4114 1322 4174 tolosanus
1342 4131 1387 4190 ap.
1406 4116 1596 4190 llmmru,
1611 4115 1717 4174 Am.
1738 4116 1813 4172 litet.
1833 4114 1955 4180 ΡΜ,

544 4233 573 4291 p.
588 4219 651 4274 469.
