4298 5898
383 1224 502 1274 autern,
611 1195 844 1301 Fridcricus,
863 1193 1123 1280 Romanorum
1151 1193 1377 1304 imperator,
1397 1195 1595 1281 Nicolaum
1613 1198 1833 1310 episcopum
1852 1201 1970 1313 Regi-

400 1279 486 1322 murtro.

558 1355 653 1414 num
666 1341 704 1412 et
721 1328 920 1414 ecclesium
938 1327 1021 1438 ejus
1045 1327 1117 1412 sub
1138 1355 1208 1412 sua
1229 1328 1462 1440 protectione
1479 1331 1629 1442 recipit,
1650 1333 1762 1444 eique
1779 1335 1969 1446 privilegia

558 1462 608 1546 ab
624 1463 786 1574 Hugone
797 1524 810 1566 ,
830 1462 1028 1566 Lothsrio,
1051 1464 1216 1569 Ottone,
1235 1461 1425 1548 Friderico
1449 1463 1466 1548 l
1493 1473 1530 1548 et
1556 1463 1717 1552 Henrico
1735 1465 1786 1551 Vl
1807 1469 1969 1578 praede-

555 1597 768 1682 cessoribus
791 1596 871 1680 suis
889 1596 1039 1680 indultu
1052 1596 1265 1680 confirmat.

636 1813 769 1892 (lidlder.
790 1813 947 1888 Uennnnr,
962 1809 1032 1876 Ital.
1052 1830 1150 1888 sumu,
1170 1813 1307 1891 l.11,p.
1335 1821 1412 1892 tos,
1432 1830 1471 1874 cx
1491 1813 1572 1876 arch.
1592 1813 1673 1877 esth.
1689 1815 1811 1895 Regin„
1831 1831 1917 1894 cspsa
1938 1827 1966 1890 t,

673 1919 1459 2000 n⁰treo.-AmplluseutemTrssuoscsr,dlemcr.
1474 1919 1846 2002 Modcs.,t.lv,sppmd.
1860 1923 1966 2002 pst.)

603 2111 641 2184 ln
660 2110 799 2184 nomine
817 2119 936 2184 sancte
953 2118 989 2184 et
1011 2107 1196 2184 individue
1217 2109 1401 2184 Trinitatis.
1424 2109 1611 2186 Fedcricus
1633 2111 1662 2184 ll
1689 2110 1811 2186 divina
1835 2113 1967 2186 favente

556 2235 737 2310 clementis
757 2237 987 2310 Romanorum
1013 2236 1211 2332 imperator,
1232 2256 1368 2331 semper
1382 2234 1560 2330 'augustus
1583 2244 1619 2310 et
1639 2257 1704 2310 rex
1725 2235 1852 2309 Sicilie.
1874 2237 1966 2310 Tunc

552 2360 769 2456 imperatorie
786 2360 966 2456 dignitatis
983 2357 1126 2432 thronus
1147 2359 1322 2432 extollitur
1339 2381 1380 2434 sc
1398 2358 1590 2434 illustribus
1606 2360 1752 2435 laudum
1774 2359 1881 2433 titulis
1902 2359 1965 2434 de·

553 2495 706 2579 conatur,
727 2507 806 2560 cnm
827 2485 875 2559 ed
893 2483 1056 2558 ecclesias
1077 2482 1139 2558 Dei
1159 2483 1358 2580 principalis
1380 2483 1542 2580 dirigitur
1560 2486 1742 2560 clementer
1764 2485 1909 2559 intuitus
1931 2497 1964 2560 et

551 2611 648 2708 qued
664 2609 798 2686 eisdem
816 2609 971 2684 eeclesiis
987 2606 1253 2682 misericorditer
1272 2617 1447 2704 erogatur,
1466 2632 1512 2684 ue
1526 2618 1698 2684 vetustate
1713 2610 1883 2709 scripture
1901 2611 1963 2684 de-

551 2746 707 2833 pereant,
723 2736 768 2810 dc
781 2736 898 2810 innata
912 2733 1094 2808 clementia
1109 2733 1253 2808 innovat
1265 2742 1301 2808 et
1313 2731 1504 2808 coufirmat.
1521 2733 1608 2808 Inde
1621 2733 1782 2831 estquod
1796 2737 1963 2810 univorsis

552 2861 712 2936 fidelibus
732 2859 857 2934 nostris
880 2869 950 2933 tum
971 2857 1147 2932 modernis
1164 2879 1269 2954 quem
1290 2858 1436 2955 posteris
1454 2860 1618 2932 volumus
1635 2880 1712 2934 esse
1731 2869 1853 2936 notum
1871 2861 1961 2956 qnod

551 2986 712 3060 Nicolaus
737 2983 944 3058 venerabilis
963 2983 1148 3080 episcopus
1167 2982 1361 3078 Regiensis,
1385 2981 1499 3057 fidelis
1517 2993 1651 3077 noster,
1675 2982 1747 3058 dno
1768 2987 1911 3080 antiqua
1930 2995 1962 3060 ct

551 3108 746 3182 authentica
767 3106 968 3207 privilegia,
988 3128 1098 3180 uuum
1120 3106 1284 3182 videlicet
1303 3107 1433 3202 Ugonis
1450 3116 1485 3180 et
1499 3108 1651 3184 lotharii
1671 3130 1794 3204 regum
1811 3119 1848 3184 et
1868 3111 1960 3185 abad

551 3234 694 3308 Otbonis
717 3233 933 3330 imperatoris
952 3231 1114 3308 divorum
1134 3241 1361 3328 augustorum
1379 3230 1663 3328 predecessorum
1685 3243 1881 3308 nostrorum
1903 3257 1961 3332 per

550 3362 711 3434 nuntium
728 3359 906 3455 proprium
924 3367 1039 3434 nostre
1055 3359 1149 3431 curie
1165 3358 1398 3454 presentavit,
1419 3359 1456 3430 in
1476 3357 1606 3451 quibus
1623 3358 1863 3433 continebatur
1878 3383 1958 3456 qna·

548 3485 625 3559 liter
645 3483 729 3559 dicti
748 3483 920 3581 principes
944 3482 1203 3580 predecessores
1220 3482 1327 3556 ncsbi
1351 3481 1636 3557 confirmaverant
1657 3505 1699 3558 sc
1721 3483 1825 3580 plene
1845 3504 1958 3559 cono·

547 3611 752 3684 boraverant
769 3618 886 3683 sancte
901 3607 1062 3703 Regiensi
1076 3607 1221 3683 ecclesie
1235 3608 1272 3680 in
1290 3607 1452 3682 honorem
1470 3618 1589 3682 sancte
1603 3608 1666 3682 Dei
1683 3609 1860 3704 genitricis
1874 3631 1956 3683 sem·

547 3756 678 3832 perque
701 3735 848 3828 virginis
872 3734 981 3808 Maris
1007 3743 1201 3808 constructe
1218 3733 1398 3829 sanctique
1415 3735 1573 3831 Prosperi
1597 3734 1803 3809 confessoris
1824 3755 1956 3809 omnem

411 3885 421 3902 ·
548 3871 673 3934 terram
691 3859 802 3956 ipsius
815 3860 998 3933 comitatus
1016 3869 1051 3934 et
1067 3858 1241 3955 publicam
1255 3858 1464 3960 sumptionem
1481 3881 1562 3932 cum
1579 3860 1714 3934 idoneo
1728 3867 1763 3932 et
1776 3858 1954 3934 strudaticc

546 3995 581 4058 ct
595 3983 704 4057 muris
720 3982 757 4056 in
774 3983 921 4057 circuitu
936 3992 972 4056 et
987 3984 1114 4058 fossato
1131 3991 1166 4056 et
1183 3982 1324 4056 alveum
1338 4003 1431 4078 aque
1448 4004 1470 4056 a
1486 3991 1637 4078 quatmr
1652 3982 1821 4057 milliariis
1838 3983 1954 4056 intrin-

545 4130 645 4182 secus
661 4129 799 4182 sursum
819 4117 855 4180 et
872 4107 1054 4200 deorsum3
1074 4127 1195 4181 omnes
1211 4127 1353 4201 quoque
1368 4115 1502 4199 curtes,
1522 4105 1660 4203 plebes,
1682 4106 1858 4199 abbatias,
1879 4129 1954 4182 mo-

545 4234 710 4327 nasteria,
731 4233 898 4330 cupellas,
917 4233 1052 4330 predia,
1071 4241 1283 4328 cunctasque
1299 4253 1354 4305 res
1372 4255 1462 4328 ques
1478 4232 1641 4308 dodonis
1662 4254 1784 4328 regum
1807 4254 1870 4306 scu
1892 4233 1952 4306 im·

544 4366 742 4453 peratornm
769 4365 1031 4452 ceterorumque
1056 4354 1228 4430 bonorum
1259 4354 1439 4430 bominum
1464 4355 1763 4450 concessionibus,
1797 4356 1952 4431 andoo-

545 4481 647 4555 nibus
660 4483 914 4578 episcoporum,
934 4480 1137 4578 privilegiis,
1153 4479 1398 4570 oblationibus,
1418 4482 1746 4578 comparationibus,
1769 4493 1953 4556 commnta-

544 4606 697 4680 tionibus
714 4607 906 4681 libellorum
926 4627 1238 4703 quorumcumque,
1263 4605 1427 4701 legalium
1449 4615 1621 4704 cartarum
1644 4605 1952 4703 conscriptionibus

542 4731 618 4829 ipse
638 4740 777 4806 sanctus
793 4731 890 4806 locus
903 4729 1058 4826 legaliter
1076 4729 1226 4806 obtinuit
1249 4730 1304 4804 vel
1317 4729 1501 4806 investitus
1516 4731 1594 4827 luit,
1610 4753 1681 4806 uua
1695 4753 1776 4806 cum
1793 4730 1951 4806 domibus
