4436 5870
289 551 386 612 iunior.
402 547 447 623 9.]
743 541 938 605 lllS'l'ORlA
965 540 1257 604 clitellarios.

286 1141 287 1146 '
342 1130 575 1237 FridericuS,
591 1131 851 1215 Romanorum
874 1129 1098 1237 imperator,
1116 1127 1382 1210 conventiones
1405 1126 1503 1208 inter
1526 1125 1703 1208 dominos
1737 1135 1901 1237 gppgpgpgp·

292 1265 341 1346 de
357 1265 579 1372 Plozascho,
594 1264 769 1348 homines
785 1263 833 1347 de
850 1260 1052 1373 bagnolio,
1074 1259 1240 1366 Cabum,
1260 1259 1428 1370 Bnrgiis,
1445 1269 1537 1366 etc,
1557 1266 1595 1340 et
1612 1257 1703 1340 civi-

293 1405 409 1481 tatem
426 1397 697 1482 Taurinenscm
719 1398 768 1481 de
786 1422 920 1482 eorum
945 1393 1164 1480 habitaculo
1187 1394 1228 1476 in
1251 1394 1384 1476 eadem
1401 1391 1551 1476 civitate
1565 1390 1703 1476 nafis

294 1538 396 1638 mat,
421 1541 458 1614 et
480 1531 634 1641 plenam
650 1530 864 1614 libertatem
879 1530 1066 1612 universis
1090 1528 1239 1638 imperii
1259 1525 1437 1609 fidelibus
1463 1526 1635 1611 concedit
1660 1533 1704 1610 ut

293 1663 434 1749 ibidem
448 1691 538 1750 cum
551 1664 730 1750 omnibus
744 1664 857 1749 rebus
877 1663 958 1747 suis
975 1662 1025 1745 ad
1046 1660 1299 1745 habitandum
1320 1659 1486 1745 veniant.

375 1881 472 1960 (Edit.
487 1883 519 1943 iu
532 1883 659 1942 Monam.
674 1880 748 1942 asc.
768 1879 864 1951 Patr..
877 1880 933 1958 leg.
954 1879 1157 1956 municipales,
1172 1882 1282 1938 statuta
1295 1877 1433 1948 Taurini,
1454 1893 1487 1954 p.
1503 1885 1573 1952 tit,
1588 1881 1702 1938 abau-

413 1993 531 2064 sumpto
542 2003 613 2049 ann.
632 1995 717 2048 1271.
734 1985 780 2049 cf.
795 1987 977 2059 Pruooums,
993 1981 1126 2066 deputa
1142 1982 1391 2062 incommeap
1409 1985 1472 2058 tt.)

342 2171 537 2247 Fridericus
551 2173 726 2248 secundus
744 2172 866 2246 divina
883 2174 1021 2247 favente
1041 2173 1222 2247 clementia
1247 2175 1479 2247 Romanorum
1503 2171 1701 2268 imperator,

295 2319 431 2394 semper
449 2306 619 2393 augustus
638 2307 673 2371 ot
693 2320 757 2371 rex
774 2297 908 2389 Sicilie,
928 2297 964 2369 in
980 2307 1198 2394 perpetuum.
1220 2297 1305 2370 Cum
1326 2296 1371 2370 de
1389 2305 1505 2370 nostra
1526 2298 1703 2371 voluntate

293 2421 498 2518 processerit
515 2429 550 2494 et
571 2418 735 2495 mandato
756 2420 853 2515 quod
876 2419 996 2496 fideles
1018 2422 1125 2494 nostri
1150 2420 1282 2494 domini
1307 2417 1353 2494 de
1379 2419 1562 2494 Plozascbo
1585 2429 1620 2493 et
1640 2420 1703 2494 bo-
1728 2451 1734 2460 ·
1836 2475 1839 2480 -

294 2547 405 2619 mines
420 2547 503 2619 item
520 2545 565 2618 do
581 2547 759 2639 bagnolio,
778 2545 913 2619 Cabum
931 2553 965 2619 et
981 2544 1027 2618 de
1042 2545 1189 2640 Bargiis,
1211 2543 1257 2617 de
1271 2544 1447 2635 Publiciis,
1466 2542 1511 2619 de
1528 2541 1704 2639 &mangis

239 2699 247 2709 ·
296 2680 400 2765 atque
421 2671 467 2744 de
485 2671 578 2744 valio
598 2669 694 2744 idatii
714 2671 857 2744 iecemm
874 2667 912 2741 in
936 2671 1111 2742 Thaurino
1132 2690 1253 2743 eorum
1274 2669 1529 2759 habitaculum,
1548 2679 1650 2765 pacta
1670 2678 1705 2742 et

295 2797 544 2868 conventiones
557 2796 647 2868 inter
666 2796 760 2891 ipsos
777 2804 811 2868 et
828 2795 1002 2869 civitatem
1019 2794 1288 2868 Thaurinensem
1310 2793 1413 2867 initas
1431 2793 1600 2890 imperiali
1620 2815 1704 2868 auc·

296 2921 430 2993 inritato
447 2940 494 2992 ex
514 2927 606 2992 certa
626 2919 771 2992 scicntia
789 2918 1029 2992 universaliter
1048 2916 1309 3010 confirmamus,
1335 2918 1458 2992 dantes
1475 2919 1648 2992 licentiam
1669 2927 1705 2992 et

296 3043 682 3139 plenariamiibertatem
694 3043 867 3116 universis
874 3043 1010 3138 imperii
1019 3042 1126 3116 nostri
1139 3041 1301 3116 fidelibus
1313 3050 1352 3114 ut
1361 3043 1519 3117 eamdem
1529 3043 1703 3116 civitatem

295 3165 401 3238 libere
409 3165 551 3239 veniant
563 3167 720 3240 habitare
731 3190 812 3238 cum
825 3166 987 3240 omnibus
1000 3167 1106 3241 rebus
1121 3165 1196 3240 suis
1208 3166 1283 3240 sine
1291 3165 1488 3239 conditione
1497 3168 1702 3263 cujusquam

294 3311 358 3364 seu
369 3291 491 3365 eodem
508 3291 612 3364 modo
629 3290 760 3365 ibidem
774 3292 886 3365 facere
900 3291 1148 3382 babitaculum,
1167 3291 1258 3364 sicut
1273 3291 1428 3364 iecerunt
1441 3290 1572 3364 domini
1587 3302 1621 3366 et
1636 3292 1701 3366 ho-

294 3415 406 3489 mines
427 3416 629 3512 supradicti.
656 3416 692 3488 Si
715 3416 796 3511 quis
816 3425 931 3490 autem
953 3417 1036 3490 huic
1059 3418 1186 3513 pagine
1210 3427 1326 3490 nostru
1350 3417 1595 3513 presumpserit
1618 3439 1703 3490 con·

295 3540 397 3611 traire
410 3539 446 3610 in
460 3539 591 3634 aliquo,
607 3548 721 3636 preter
737 3549 891 3613 nostram
905 3540 1177 3636 indignationem
1195 3551 1230 3614 et
1244 3541 1344 3628 iram,
1362 3562 1488 3636 penam
1502 3541 1597 3614 millo
1612 3564 1703 3616 mar-

295 3664 437 3736 charum
456 3664 532 3736 auri
553 3665 741 3760 pmsoivat,
762 3667 861 3758 cujus
880 3665 1047 3739 medietas
1066 3667 1166 3739 nobis
1189 3665 1395 3762 applicetur,
1415 3665 1555 3741 residtm
1571 3665 1702 3739 civitati

294 3787 467 3883 predicte,
497 3789 601 3862 nulbs
629 3789 734 3863 literis
760 3791 816 3861 vel
841 3789 1035 3885 privilegiis
1058 3790 1248 3887 impetratis
1279 3789 1496 3864 obstantibus
1517 3791 1574 3864 vel
1598 3791 1701 3864 otiam

294 3911 531 4007 impetrandis.

343 4034 430 4107 Data
446 4036 542 4131 apud
558 4035 701 4126 Urbem,
721 4036 844 4135 [anuo]
865 4039 1046 4113 millesimo
1068 4039 1302 4113 ducentesimo
1316 4039 1501 4134 vigesimo,
1518 4048 1640 4114 octavo
1651 4037 1700 4135 (a)

294 4157 459 4232 kalendas
472 4159 677 4253 decembris,
696 4161 885 4236 indictione
900 4184 1004 4236 nona.

333 4355 372 4437 (a)
392 4359 470 4422 Maia
490 4363 522 4423 iu
544 4364 686 4440 impresso
709 4367 830 4444 ponitur
853 4367 984 4446 virgula3
1009 4366 1089 4428 unde
1111 4373 1248 4429 courum
1271 4365 1544 4450 cbmnobgimrum
1567 4371 1701 4434 contusio

292 4465 394 4526 oritur.
800 4509 803 4514 ,
1396 4483 1398 4490 ’

395 4769 436 4832 Π.
