4272 5886
174 575 272 636 lunius.
291 571 353 648 lt]
628 561 825 624 HISTORIA
850 561 1141 627 elaboraturus
1530 561 1590 622 577

176 711 321 784 alterum
340 701 497 800 predicto
512 699 630 796 abbati
646 707 682 772 et
697 701 842 773 ecclesie
863 721 944 793 sue,
964 701 1137 796 reliquum
1163 700 1257 773 dicte
1280 698 1396 772 comiti
1418 696 1465 771 ud
1490 718 1585 770 com·

176 852 318 906 munem
330 849 451 902 comm
466 825 636 898 cautelam
652 823 861 896 indulsimus
875 825 1123 899 conservanda.

225 958 341 1028 Testes
369 959 486 1026 autem
518 957 600 1022 sunt
625 947 670 1022 A.
702 948 911 1023 venerabilis
939 949 1249 1044 Magdeburgensis
1285 947 1586 1042 archiepiscopus,

177 1080 220 1155 Α.
237 1075 504 1152 warmaciensis
524 1072 575 1170 (a)
597 1080 633 1146 et
649 1073 689 1146 lt.
710 1072 870 1146 Curensis
888 1075 1055 1170 episcopi,
1079 1076 1118 1146 L.
1142 1073 1368 1167 landgravius
1386 1071 1588 1164 Thuringie,

178 1207 222 1278 Α.
242 1204 319 1278 dux
331 1200 495 1291 Saxonie,
514 1199 556 1272 lt.
573 1196 651 1270 dux
669 1197 796 1293 Spoleti
813 1206 848 1270 et
863 1199 1043 1272 Bertoldus
1062 1199 1165 1272 irater
1178 1202 1267 1290 ejus,
1286 1199 1477 1269 Hermanus
1499 1217 1590 1268 mer·

179 1329 257 1402 chio
275 1326 321 1400 de
338 1324 475 1414 Badeu,
497 1325 534 1396 S.
552 1343 668 1396 comes
685 1321 732 1395 de
749 1322 850 1395 Wien
867 1333 903 1396 et
921 1325 1023 1397 irater
1039 1325 1115 1417 ejus
1137 1345 1253 1396 comes
1268 1323 1450 1412 llenricus,
1475 1341 1590 1394 comes
1725 1369 1727 1372 -

178 1453 220 1524 R.
237 1450 282 1524 de
294 1449 538 1545 llauchesperg
555 1456 591 1520 et
604 1445 696 1519 filius
709 1448 798 1540 ejus,
818 1467 933 1519 comes
947 1448 1148 1522 Mainardus
1160 1449 1205 1520 de
1218 1447 1337 1540 Germe,
1354 1467 1468 1520 comes
1483 1447 1520 1519 C.
1545 1447 1591 1520 de

180 1575 400 1668 Wellerburg
414 1571 462 1670 (ὁ)
477 1581 513 1646 et
524 1571 747 1667 quamplures
766 1572 824 1644 alii
840 1572 901 1664 qui
921 1573 1162 1645 interfuerunt.

228 1699 314 1772 Actu
327 1707 409 1772 sunt
427 1698 493 1772 bec
514 1719 607 1770 enno
624 1696 798 1770 dominice
816 1695 1062 1770 incarnationis
1082 1697 1264 1770 millesimo
1284 1695 1520 1770 ducentesimo
1537 1697 1592 1768 vi-

181 1824 309 1898 casium
327 1831 445 1913 sexte,
466 1843 586 1896 mense
605 1823 701 1915 maii,
719 1830 841 1917 quarta
865 1820 999 1895 decimu
1022 1821 1223 1913 indictione,
1243 1823 1433 1918 imperante
1451 1820 1593 1895 domino

181 1946 354 2020 Friderino
380 1946 444 2019 Dei
470 1947 581 2040 gratia
606 1945 834 2020 invictissime
858 1946 1090 2019 Romanorum
1113 1948 1339 2042 imperatore,
1368 1967 1504 2041 semper
1530 1967 1595 2018 au·

182 2080 296 2164 gusto,
314 2071 502 2144 lmueulem
517 2078 552 2142 et
567 2069 682 2142 Sicilie
699 2091 794 2164 rege,
815 2091 906 2143 anuo
922 2071 1005 2161 ejus
1014 2070 1049 2141 in
1065 2071 1211 2165 imperio
1227 2078 1340 2158 sexto,
1356 2070 1392 2141 in
1405 2070 1593 2142 Jerusalem

182 2195 312 2292 primo,¹
329 2195 365 2268 iu
380 2217 488 2290 regno
502 2215 587 2268 vern
600 2194 716 2268 Sicilie
732 2194 897 2266 vicesimo
914 2203 1049 2285 octavo,
1070 2194 1225 2267 feliciter.
1241 2193 1361 2266 Auen.

231 2321 317 2394 Data
330 2320 367 2392 in
385 2319 524 2394 civitate
544 2320 677 2411 Parme,
698 2339 802 2410 anno,
818 2339 937 2391 mense
955 2327 990 2390 et
1006 2318 1196 2392 indictione
1211 2317 1421 2414 prescriptis.

238 2897 468 3008 Fridericus,
493 2902 754 2986 Romanorum
775 2901 996 3012 imperatur,
1019 2903 1275 3014 burgensibus
1297 2905 1346 2986 de
1367 2904 1519 2988 Lubeck
1540 2905 1597 2987 fi·
1655 2931 1772 3036 ὢν

185 3031 335 3116 delibus
358 3034 437 3116 suis
463 3044 620 3120 renouat
645 3046 682 3119 et
707 3037 908 3120 inserendo
934 3037 1136 3120 confirmat
1156 3037 1397 3147 privilegium
1423 3038 1601 3122 Friderici
1682 3040 1749 3083 Μ

187 3165 423 3274 imperatoris
441 3167 501 3251 avi
520 3168 579 3252 sui
598 3170 741 3253 eisdem
760 3195 862 3252 anno
883 3171 986 3254 1188
1001 3171 1211 3279 indultum,
1230 3197 1308 3282 quo
1325 3173 1598 3280 possessiones,

186 3298 377 3385 libertates
395 3312 433 3386 et
445 3303 534 3412 jura
551 3329 684 3388 cerum
701 3314 957 3388 recensentur.

269 3513 365 3594 (Edit.
376 3533 424 3594 ap.
437 3517 670 3593 Wssurunnrrr,
685 3518 817 3580 Menum.
832 3517 924 3596 incd„
937 3521 968 3592 l,
986 3528 1075 3594 1288,
1091 3525 1122 3581 et
1134 3521 1165 3580 ln
1180 3517 1251 3583 Cod.
1266 3518 1417 3601 diplomat.
1430 3521 1597 3602 barlaam„

307 3623 333 3695 l,
348 3639 416 3700 pars
432 3632 471 3697 1¹,
488 3632 536 3686 44.
553 3625 670 3687 Adsunt
690 3625 749 3688 duo
762 3627 955 3706 exemplaria,
975 3643 1070 3688 uuum
1091 3644 1161 3689 cum
1179 3644 1269 3689 aurea
1281 3629 1374 3710 hulla,
1388 3631 1513 3694 alterum
1530 3649 1599 3694 curn

307 3743 392 3791 cerco
404 3729 526 3811 slglllo)

238 3921 277 3992 ln
297 3917 438 3994 nomine
457 3927 575 3992 sancte
598 3927 633 3992 et
657 3917 840 3994 individue
860 3917 1046 3991 Trinitatis.
1067 3916 1262 3993 Fridericus
1286 3921 1462 3996 secundus
1479 3924 1598 4000 divina

188 4045 327 4120 favente
348 4045 529 4118 elementia
553 4045 785 4118 Romanorum
809 4045 1005 4140 imperator,
1033 4065 1171 4139 semper
1196 4055 1384 4140 augustus,
1409 4047 1597 4122 Jerusalem

190 4175 226 4240 et
250 4168 365 4241 Sicilie
385 4191 462 4242 rex.
484 4169 641 4242 Preclara
661 4166 818 4241 fidelium
844 4177 1037 4240 nostrerum
1061 4169 1227 4264 obsequia
1248 4171 1438 4244 manifestis
1460 4171 1598 4248 indiciis

188 4313 333 4388 operum
350 4292 571 4389 comprobato
593 4301 686 4366 tanto
710 4292 879 4366 debemus
896 4292 1062 4366 libentius
1084 4291 1318 4368 munificentie
1344 4303 1462 4369 nostre
1486 4299 1598 4392 gratia

231 4473 273 4546 (e)
294 4471 411 4533 Erravit
423 4488 542 4550 prorsum
554 4473 689 4550 scriptor,
702 4478 738 4534 ut
749 4471 878 4553 ridetur,
894 4473 984 4533 italus
997 4473 1050 4550 qul
1063 4471 1191 4534 lltteram
1203 4473 1347 4534 lnttlulem
1361 4491 1414 4552 per
1427 4473 1463 4537 A.
1477 4475 1542 4538 leco
1555 4478 1595 4540 11.

189 4579 365 4657 (Helorinus)
380 4583 536 4662 expressit.

233 4684 275 4766 (ll)
295 4686 354 4762 ste,
368 4687 421 4749 sed
437 4693 472 4750 ut
485 4704 575 4767 supra
587 4689 744 4768 legendum
762 4686 957 4770 Wurrrrlrrrrp.

291 4794 331 4854 11.
1423 4807 1460 4860 73
