4296 5898
565 539 626 602 2i6
1065 542 1284 608 Fulusntct
1308 544 1484 609 sectum
1794 547 1872 635 [Am.
1889 550 1974 617 lm

614 679 740 750 Datum
758 676 854 775 apud
864 678 1072 779 Venafrum,
1085 680 1208 776 quinto
1221 680 1387 757 kalendas
1399 683 1503 780 maii,
1517 705 1610 760 anno
1622 683 1761 760 Domini
1774 687 1971 784 mccxxtt,

566 824 658 876 anno
673 803 809 900 imperii
823 805 929 880 nostri
943 803 1115 899 meando,
1132 805 1321 884 indictione
1332 809 1378 883 x.

476 1499 495 1531 ,,
617 1432 846 1540 Fridericus,
861 1431 1121 1517 Romanorum
1140 1430 1360 1542 imperator,
1374 1429 1651 1515 monasterium
1664 1423 1973 1516 Raitenhaselach

565 1568 605 1649 in
630 1593 741 1651 suam
766 1565 968 1677 specialem
989 1566 1260 1676 protectionem
1284 1564 1441 1676 suscipit
1462 1590 1595 1648 moena
1615 1563 1665 1647 ab
1686 1587 1732 1647 eo
1752 1558 1972 1672 oppressio—

564 1726 674 1809 nem,
694 1701 804 1812 eique
821 1699 1098 1810 possessiones,
1118 1699 1345 1785 nominatim
1360 1708 1489 1783 autem
1508 1697 1672 1782 salinam
1688 1696 1728 1779 in
1744 1691 1921 1782 Mulboch
1937 1702 1973 1775 et

564 1859 727 1946 augeam
743 1834 783 1916 in
801 1833 1018 1942 Ettenowe,
1036 1833 1159 1918 eidem
1177 1833 1339 1918 donatas
1356 1831 1569 1918 confirmat.

642 2075 734 2153 (Edit.
749 2093 799 2154 ap.
814 2075 945 2136 Menum.
962 2077 1101 2152 Boicc,t.
1119 2077 1238 2152 XXXI,
1252 2093 1322 2156 pars
1337 2085 1378 2158 1⁸,
1392 2095 1424 2157 p.
1440 2085 1515 2153 too,
1529 2093 1569 2138 ex
1579 2074 1646 2138 eod.
1662 2073 1825 2136 membran.
1836 2067 1971 2134 Manli.

682 2182 743 2245 fine
757 2183 919 2245 scordilli
931 2188 962 2245 et
973 2185 1061 2245 lnltto
1079 2184 1171 2246 moult
1187 2185 1262 2247 XIII
1283 2187 1465 2264 eonscdpto,
1479 2187 1512 2246 in
1524 2200 1586 2264 quo
1598 2183 1786 2264 prtumgtnm
1797 2178 1878 2242 Istud
1890 2177 1971 2240 tnttto

682 2307 718 2354 ac
731 2290 791 2353 fine
802 2297 973 2354 monmtom
984 2293 1138 2370 posteriori
1150 2306 1241 2354 mana
1253 2297 1409 2354 moratum
1422 2287 1550 2374 mter.)

613 2507 900 2608 [FridericnsDei
912 2509 1021 2603 gratia
1029 2509 1259 2582 Romanorum
1269 2507 1467 2605 Imperator,
1477 2529 1613 2605 semper
1627 2513 1797 2602 augustus
1806 2513 1843 2577 et
1851 2522 1914 2576 rex
1923 2499 1971 2574 Si·

562 2628 672 2731 oilie]
685 2632 867 2720 Quomodo
879 2633 1041 2706 omnibus
1056 2633 1209 2707 ecclesiis
1224 2633 1261 2705 in
1274 2633 1420 2730 imperio
1429 2641 1545 2706 nostro
1554 2633 1659 2726 longe
1670 2631 1809 2725 lateque
1822 2623 1970 2700 laudatis

560 2780 625 2854 pro
642 2766 801 2852 suscepta
813 2756 1110 2831 administratione
1130 2759 1256 2832 terreni
1270 2757 1484 2856 principatus
1499 2776 1716 2832 communem
1730 2763 1765 2827 et
1779 2750 1969 2848 generalem

562 2882 798 2957 defensionem
818 2879 1021 2977 impendere
1038 2890 1215 2975 tenemur,
1234 2881 1460 2978 profusiorem
1481 2889 1595 2956 umen
1615 2889 1650 2954 et
1673 2878 1875 2976 ampliorem
1896 2894 1970 2973 pro·

560 3006 717 3082 tectIonis
741 3005 886 3104 gratiam
911 3005 966 3079 his
988 3005 1205 3080 monasteriis
1227 3028 1297 3103 que
1322 3003 1368 3080 de
1391 3006 1513 3082 ordine
1534 3003 1750 3082 cisterciensi
1773 3001 1970 3078 derivantur

564 3131 731 3205 exhibere
755 3129 925 3224 cogimur,
941 3151 1012 3226 qua
1025 3150 1063 3203 re
1077 3130 1271 3205 orationum
1294 3130 1449 3228 ipsorum
1466 3129 1639 3228 suffragiis
1660 3127 1894 3204 indesinenter
1905 3125 1970 3198 lul·

563 3255 626 3329 ciri
650 3253 836 3329 credimus.
861 3251 1011 3328 Proinde
1034 3256 1279 3330 monasterium
1305 3254 1586 3332 Reitenhaselach
1612 3252 1769 3350 ejusdem
1797 3247 1970 3348 religionis

562 3403 641 3454 cum
667 3380 831 3454 omnibus
846 3379 1036 3454 attinentiis
1062 3381 1135 3453 suls
1157 3403 1252 3454 nunc
1274 3380 1520 3456 incontinenti
1540 3379 1717 3476 acquisitis
1741 3386 1776 3453 et
1798 3377 1837 3450 in
1858 3377 1969 3450 loturo

560 3528 623 3602 per
632 3503 696 3578 Ilei
712 3503 857 3600 gratiam
876 3503 1112 3579 munificentia
1124 3505 1344 3604 principum,
1361 3506 1544 3582 collatione
1560 3502 1715 3581 fidelium
1727 3500 1967 3600 acquirendis,

557 3651 621 3728 pro
644 3630 841 3704 interventu
864 3629 1073 3703 venerabilis
1095 3629 1136 3703 B.
1165 3628 1218 3728 (l)
1240 3629 1397 3725 ejusdem
1418 3631 1485 3706 loci
1501 3629 1637 3706 abbatis
1658 3632 1871 3725 famamque
1885 3647 1968 3700 suo

558 3777 657 3848 rum,
683 3753 719 3826 in
745 3753 957 3852 imperialem
980 3752 1173 3851 specialiter
1198 3764 1234 3828 et
1260 3755 1463 3829 nominatim
1491 3755 1701 3851 suscipimus
1715 3752 1964 3840 defensionem,

557 3887 713 3954 maenus
731 3879 776 3952 ab
794 3878 846 3952 ele
856 3878 1085 3952 violentorum
1099 3900 1170 3974 qna
1181 3878 1252 3953 hnc
1271 3901 1382 3976 usque
1399 3881 1551 3980 graviter
1565 3879 1669 3954 attriti
1682 3887 1764 3952 sont
1775 3876 1967 3976 oppressio·

556 4025 656 4098 nem,
672 4012 708 4077 et
718 4023 839 4100 paoem
856 4012 891 4076 et
904 4003 1055 4098 quietem
1066 4004 1270 4078 auctoritate
1287 4003 1423 4102 imperii
1441 4026 1514 4102 qna
1530 4004 1783 4102 preeminemus
1796 4003 1843 4077 ab
1860 4000 1967 4077 omni·

556 4128 624 4202 hus
650 4150 710 4204 eos
726 4149 873 4224 gravare
892 4127 1089 4201 volentibus
1114 4126 1257 4203 firmiter
1279 4128 1531 4203 interdicimus.
1555 4129 1779 4208 Deceruimus
1803 4126 1908 4206 edam
1929 4134 1968 4199 ut

556 4274 677 4327 omnes
696 4252 899 4327 donationes
918 4251 1117 4350 prediorum
1140 4275 1303 4346 suorum,
1318 4253 1521 4347 vinearum,
1539 4254 1745 4348 salinam,
1761 4273 1965 4352 pascuorum

556 4378 614 4452 vel
634 4399 844 4473 qnecmqno
857 4378 1045 4454 oblationes
1060 4377 1217 4452 odollam
1237 4379 1379 4476 prelatis
1396 4379 1559 4462 fraribus
1579 4379 1701 4455 collate
1714 4379 1843 4453 luerint
1855 4387 1965 4454 nostra

593 4705 631 4780 (t)
649 4705 756 4765 Scilicet
769 4705 918 4778 Barthotdt,
931 4708 978 4784 qui
987 4707 1146 4784 praeditae
1160 4724 1230 4769 anno
1245 4711 1316 4771 taor
1328 4714 1357 4768 et
1370 4707 1440 4769 obiit
1451 4711 1486 4766 to
1498 4707 1605 4784 augusti
1618 4709 1699 4768 tlat.
