4368 5876
576 639 635 703 188
1074 647 1289 710 runcantur
1316 647 1489 710 sactum
1801 651 1880 729 [arr.
1900 651 1981 712 122¹.

575 783 687 850 stante
702 777 818 872 aliqua
836 780 1056 856 concessione
1074 784 1162 856 iacta
1181 784 1327 878 Ugolino
1346 785 1392 860 de
1406 787 1423 860 t
1427 785 1543 859 uliano
1559 785 1634 857 sive
1654 784 1834 880 privilegio
1852 787 1907 859 vei
1927 809 1983 862 re·

573 900 701 998 scripto
719 902 834 977 eidem
849 906 905 977 vel
920 905 979 979 ulii
999 929 1146 1004 persone
1160 910 1249 982 iactu
1265 931 1287 983 u
1302 909 1403 984 uobis
1416 911 1473 984 vel
1489 931 1511 983 u
1529 908 1625 983 curia
1639 918 1754 982 nustra
1767 909 1813 983 de
1829 909 1981 1006 predicto

573 1025 755 1112 comitatu,
778 1051 848 1124 que
865 1031 981 1104 emnia
998 1033 1028 1106 si
1046 1055 1117 1130 que
1135 1035 1224 1108 iacta
1245 1043 1328 1106 sunt
1345 1055 1392 1108 ex
1408 1044 1501 1108 certa
1512 1033 1655 1108 scientia
1672 1055 1849 1108 cassamus
1866 1045 1900 1108 et
1922 1057 1979 1131 pe·

572 1151 665 1224 nitus
679 1153 715 1224 in
735 1152 868 1227 irritum
885 1178 1100 1233 revocamus.

619 1279 730 1371 Hujus
745 1279 796 1352 rei
810 1287 914 1354 testes
931 1291 1013 1355 sunt
1028 1283 1202 1358 Barardus
1219 1283 1481 1358 Panormitanus
1499 1283 1795 1379 archiepiscopus,
1811 1283 1979 1358 Berardus

569 1402 797 1477 Messanensis
815 1406 1108 1506 archiepiscopus,
1128 1408 1323 1506 Diupoidus
1345 1408 1498 1482 marchio
1513 1407 1559 1482 de
1575 1408 1804 1504 Hoeuburgh,
1827 1410 1978 1505 Raynal·

570 1526 637 1599 dns
668 1528 743 1602 dux
774 1532 924 1628 Spoleti,
952 1531 1136 1608 Anselmus
1166 1534 1211 1608 de
1237 1535 1417 1629 lustingen
1452 1534 1697 1625 marescalcus,
1730 1531 1906 1606 Comedus
1934 1533 1979 1606 de

568 1652 697 1728 Werda
710 1656 934 1752 camerarius,
949 1657 1145 1732 Fridericus
1161 1658 1206 1732 de
1220 1659 1312 1733 Stoie
1325 1658 1503 1756 pincerna,
1520 1669 1555 1732 et
1572 1658 1733 1731 Albertus
1746 1659 1793 1732 dc
1810 1659 1914 1732 Saxc.

615 1778 740 1850 Datum
767 1781 942 1875 Messene,
974 1805 1065 1856 anno
1102 1783 1276 1858 dominice
1302 1783 1547 1857 incarnationis
1575 1782 1760 1877 mccxxl,
1789 1781 1975 1856 indictione

567 1920 672 1996 nona,
691 1924 810 1980 meuse
823 1907 927 1999 junii,
944 1908 1099 1982 feliciter.
1119 1910 1241 1982 Amen.

615 2545 851 2652 FridericuS,
883 2544 1144 2629 Romanorum
1178 2544 1402 2654 imperator,
1434 2543 1620 2627 universis
1656 2541 1876 2626 huminibus
1906 2565 1972 2650 per

561 2679 826 2764 Romeniolam
843 2679 1059 2762 constitutis
1081 2687 1216 2762 notum
1238 2677 1329 2761 iacit
1346 2704 1387 2762 se
1406 2678 1613 2763 Gcttefridc
1635 2676 1763 2760 comiti
1781 2676 1830 2759 de
1845 2675 1969 2757 Blan-

559 2813 668 2897 dreto
685 2811 788 2896 fideli
807 2837 877 2897 suo
895 2813 1126 2897 concessisse
1142 2821 1181 2895 et
1197 2813 1360 2895 donasse
1377 2812 1600 2896 comitatum
1617 2809 1862 2896 Remuuiclee
1883 2835 1970 2891 cum

558 2946 738 3030 omnibus
754 2946 990 3056 pertinentiis
1005 2955 1044 3030 et
1056 2945 1169 3076 plena
1186 2945 1461 3056 jurisdictione,
1482 2946 1714 3055 mandatque
1728 2943 1801 3026 sub
1815 2941 1968 3025 obtentu

558 3080 703 3190 gratiae
721 3105 812 3162 suae
829 3089 867 3161 et
887 3107 987 3190 pena
1012 3079 1118 3163 mille
1138 3079 1325 3164 librarum
1350 3080 1432 3163 auri
1451 3089 1494 3166 ut
1515 3079 1638 3163 eidem
1656 3077 1784 3162 comiti
1802 3101 1968 3186 respon-

558 3213 673 3296 deant
690 3222 727 3296 et
744 3213 954 3296 intendant.

639 3455 737 3536 (Edtd,
751 3458 922 3531 Fnuruzrr,
937 3456 1066 3517 Monam.
1085 3457 1225 3531 Βαυιπιι,
1237 3463 1308 3518 tom.
1326 3457 1381 3536 lv,
1395 3473 1425 3534 p.
1445 3465 1556 3531 ttt,n⁰
1568 3455 1644 3529 CVI,
1659 3471 1698 3516 ex
1711 3451 1804 3516 tebni.
1817 3451 1896 3515 neu
1912 3451 1970 3513 Ra·

676 3579 780 3639 venn,
796 3579 882 3641 caps.
896 3563 941 3643 M,
953 3573 986 3624 n⁰
1003 3563 1106 3642 tata.)

605 3777 808 3853 Fredaricus
821 3779 1052 3853 Romanorum
1070 3779 1267 3876 imperator,
1287 3800 1423 3876 semper
1436 3787 1606 3874 augustus
1624 3785 1658 3849 et
1674 3797 1738 3848 rex
1751 3773 1879 3862 Sicilie,
1895 3772 1969 3844 uni·

556 3903 665 3976 versis
667 3957 1535 3978 ......................
1566 3899 1719 3974 consiliis
1744 3908 1779 3971 et
1809 3919 1969 3970 commu-

554 4027 660 4101 nibus
678 4028 881 4123 civitatnm,
910 4037 1098 4103 castrorum
1121 4037 1156 4102 et
1173 4029 1326 4102 iocorum
1345 4028 1536 4122 ceterisque
1551 4025 1750 4100 hominibus
1777 4044 1839 4120 per
1864 4020 1969 4096 comi-

556 4162 665 4226 tatum
687 4154 887 4228 Romeniole
908 4153 1100 4228 constitutis
1125 4153 1170 4228 ad
1189 4176 1277 4249 quos
1301 4153 1414 4227 littere
1431 4152 1652 4250 pervenerint
1676 4148 1838 4223 fidelibus
1856 4145 1967 4242 [suis]

554 4279 699 4372 gratiam
713 4301 813 4352 suam
827 4290 862 4352 et
877 4281 1003 4354 bonam
1025 4278 1249 4352 voluntatem.
1268 4279 1331 4352 Per
1345 4300 1487 4375 presens
1508 4278 1673 4374 scriptum
1688 4273 1788 4350 vobis
1807 4273 1969 4345 volumus

556 4398 631 4473 fieri
650 4403 868 4476 manifestum
888 4403 984 4498 quud
1008 4424 1072 4476 uus
1098 4410 1237 4498 propter
1261 4402 1370 4474 multa
1395 4411 1429 4473 et
1455 4402 1599 4475 honesta
1620 4397 1761 4473 servitia
1781 4417 1852 4491 que
1870 4392 1970 4467 nobis

558 4523 703 4598 dilectus
726 4537 840 4600 noster
860 4525 1045 4600 Gntiredus
1067 4548 1182 4600 acmes
1206 4525 1252 4600 de
1272 4525 1458 4600 Blaudrato
1482 4525 1582 4600 nohis
1606 4524 1730 4598 devota
1750 4519 1912 4594 exhibuit
1935 4526 1970 4590 et

557 4647 699 4721 exhibet
719 4648 941 4740 incessanter,
966 4653 1123 4726 volentes
1140 4651 1254 4726 eidem
1275 4653 1321 4726 de
1341 4651 1445 4725 tantis
1466 4649 1643 4746 obsequiis
1665 4668 1729 4745 pro
1747 4645 1881 4720 meritis
1897 4664 1969 4716 res-

558 4770 723 4866 pondere,
740 4775 939 4850 comitatum
955 4778 1153 4852 Romauioie
1167 4801 1247 4852 cum
1261 4778 1423 4852 omnibus
1438 4777 1513 4851 suis
1525 4773 1740 4873 pertinentiis
1754 4779 1790 4845 et
1809 4765 1968 4844 confiniis
