4298 5898
204 555 306 616 beser.
325 549 386 636 lb]
653 550 851 613 HISTORIA
867 553 1173 619 'ulruollsrlcrt
1557 547 1620 619 tet

204 693 281 784 ejus
294 709 387 763 anno
400 686 534 782 quinto,
550 685 650 781 regni
665 709 748 761 vero
763 690 929 766 vicesimo
943 701 1087 787 octarm
1110 695 1265 768 feliciter.
1286 692 1409 765 Amen.
1435 693 1526 764 Dum
1550 712 1614 765 uos

204 815 374 888 Heuricus
391 813 436 888 de
450 813 564 886 Merra
580 833 705 907 magne
722 813 909 910 imperialis
925 818 1021 892 curie
1033 820 1197 912 magister
1203 817 1411 912 justitiarius
1426 817 1507 888 olim
1519 815 1614 912 apud

205 941 406 1014 Sulmonem
429 937 560 1010 curiam
582 959 793 1033 regeremus,
821 941 995 1016 assidente
1020 953 1103 1016 tunc
1128 944 1229 1017 uobis
1252 941 1417 1037 magistro
1444 941 1543 1014 Petm
1569 941 1616 1015 de

206 1066 331 1138 Sancto
354 1062 522 1136 Germano
544 1063 703 1156 ejusdem
725 1087 849 1158 magne
871 1068 967 1142 curie
985 1069 1123 1162 judice,
1148 1069 1246 1164 petiit
1264 1066 1467 1140 Geronimus
1488 1087 1616 1162 prepo-

207 1188 295 1262 situs
318 1187 461 1261 ecclesie
488 1189 612 1260 Sancte
638 1189 747 1262 Maric
775 1189 821 1264 de
845 1193 1022 1286 Mugilano
1046 1202 1228 1290 pm'parte
1249 1190 1406 1286 ejusdem
1430 1191 1573 1264 ecclesie
1595 1214 1617 1265 a

209 1313 349 1388 domiuo
360 1312 517 1386 Oderisio
527 1312 573 1387 ds
582 1312 765 1410 Corropolo
775 1316 870 1411 quod
883 1340 963 1391 cnm
975 1319 1103 1392 nonsit
1115 1318 1147 1391 ei
1159 1320 1217 1411 jus
1230 1315 1429 1414 imponendi
1441 1317 1612 1409 collectae,

209 1437 380 1530 adjutoria
400 1445 461 1511 aut
480 1437 548 1510 alia
570 1438 710 1511 servitia
730 1439 930 1515 hominibus
952 1442 1063 1538 ipsius
1087 1442 1229 1516 ecclesie
1256 1442 1318 1536 qui
1344 1449 1426 1514 sunt
1452 1441 1488 1512 iu
1501 1439 1614 1513 ¹casali

209 1562 340 1656 prelato
361 1559 503 1634 ecclesie
518 1559 614 1655 quod
632 1570 776 1634 vocatur
789 1564 1024 1658 Mugilanum,
1041 1575 1082 1638 ut
1096 1565 1318 1661 prohibeatbr
1335 1565 1381 1638 ab
1401 1564 1618 1660 impositione

210 1684 386 1778 ipsorum;
409 1705 490 1756 cum
515 1684 660 1758 ccclesia
680 1686 784 1759 inerit
808 1689 845 1759 in
860 1690 962 1783 quasi
979 1691 1195 1784 possessione
1219 1701 1509 1764 sacramentorum
1531 1687 1618 1762 fide·

210 1807 314 1880 litatis
329 1807 508 1880 bominum
521 1808 675 1904 ipsorum
691 1820 726 1883 et
738 1811 775 1883 iu
791 1812 891 1906 quasi
907 1813 1121 1907 possessione
1135 1815 1268 1906 jurium
1284 1814 1515 1908 predictorum
1533 1821 1618 1884 tem·

211 1955 295 2028 porc
318 1934 411 2026 regis
426 1933 610 2022 Guillelmi,
625 1934 722 2008 salvo
738 1937 818 2029 jure
837 1936 989 2013 addendi
1006 1948 1041 2012 et
1056 1938 1249 2013 minuendi.
1266 1939 1419 2011 Fuerunt
1441 1945 1556 2009 autem
1572 1957 1619 2008 ex

211 2066 309 2153 parte
327 2059 437 2154 ipsius
458 2059 623 2155 prepositi
646 2068 746 2133 etex
767 2070 864 2156 parte
883 2063 1031 2136 Oderisii
1058 2063 1249 2158 supradicti
1276 2072 1379 2135 testes
1404 2061 1562 2157 producti
1585 2069 1620 2134 et

213 2181 316 2254 etiam
336 2182 499 2277 publicati
524 2210 534 2255 ε
561 2205 712 2278 cumque
731 2186 829 2259 curia
851 2194 928 2281 post
951 2188 1099 2260 multum
1123 2188 1286 2283 temporis
1311 2187 1460 2281 spatium
1484 2206 1622 2282 proces·

214 2306 314 2378 sisset
331 2308 498 2398 Tranum‚
518 2308 638 2402 ibique
655 2309 846 2382 assiderent
865 2311 964 2384 nobis
987 2310 1187 2384 Guisandus
1201 2310 1247 2384 de
1263 2311 1362 2383 llubo
1380 2319 1416 2382 et
1433 2310 1553 2381 Petrus
1577 2308 1622 2382 de

213 2429 325 2503 Vinna
342 2430 392 2526 (l)
410 2452 537 2524 magne
552 2433 648 2506 curie
663 2433 820 2526 judices,
838 2433 957 2508 habita
978 2434 1042 2506 luit
1060 2435 1209 2528 diligens
1226 2434 1413 2530 disputatio
1431 2453 1536 2527 super
1550 2431 1623 2504 effi-

215 2554 309 2628 cacia
326 2557 561 2652 probatorum.
585 2557 628 2629 Et
649 2579 730 2631 cnm
746 2561 819 2632 iere
841 2581 953 2654 usque
974 2558 1020 2632 ad
1045 2559 1250 2632 sententiam
1274 2568 1365 2630 esset
1384 2559 1458 2650 jam
1487 2557 1623 2650 questio

215 2677 291 2773 ipsa
310 2677 473 2772 deducta,
491 2679 528 2751 iu
541 2680 627 2754 actis
639 2681 733 2754 curie
747 2681 816 2754 litis
828 2683 1030 2756 contestatio
1045 2702 1116 2756 non
1129 2691 1183 2754 est
1199 2682 1359 2771 inventa3
1377 2690 1516 2776 psopter
1527 2680 1624 2774 quod

216 2802 396 2877 dicebatur
413 2825 475 2900 per
490 2805 709 2878 Guillelmnm
731 2805 776 2880 de
793 2806 925 2878 Laturri
949 2814 1205 2902 pmeuratorem
1225 2803 1309 2878 dicti
1328 2803 1460 2876 domini
1477 2801 1623 2874 Oderisii

215 2937 318 3022 pmut
332 2928 499 3021 constitit,
518 2927 614 3023 quod
632 2928 771 3002 testium
790 2929 971 3026 productio
994 2930 1089 3002 nulla
1110 2935 1183 3001 erat
1200 2935 1234 3000 et
1250 2935 1342 3000 totus
1366 2947 1544 3022 processus
1562 2925 1623 2998 de·

217 3051 321 3124 bebat
343 3052 474 3124 inutilis
495 3054 660 3148 reputari.
678 3054 748 3128 Nos
762 3075 846 3127 vero
861 3051 907 3126 de
926 3053 1103 3126 voluntate
1128 3052 1276 3147 partium
1300 3051 1347 3125 ad
1368 3049 1568 3122 memoriam
1588 3058 1625 3121 et

217 3176 399 3250 recordum
421 3177 575 3272 magistri
593 3178 683 3251 Petri
707 3178 753 3253 de
777 3181 902 3252 Sancto
925 3183 1094 3254 Germano
1117 3176 1234 3271 quiin
1254 3175 1409 3248 Calabria
1425 3173 1624 3247 morabatur

218 3298 386 3374 duximus
405 3301 669 3390 recurrendum,
692 3303 881 3376 scribentes
905 3302 973 3374 sibi
996 3311 1035 3375 ut
1052 3301 1154 3374 nobis
1172 3298 1218 3372 de
1234 3299 1344 3396 ipsius
1367 3299 1435 3371 litis
1455 3306 1624 3373 contestu·

218 3424 312 3499 tione
335 3427 498 3500 scriberet
524 3429 715 3501 veritatem.
735 3426 857 3523 Aque
878 3427 1099 3526 responsivas
1119 3425 1235 3498 literas
1255 3425 1447 3519 recepimus
1470 3425 1506 3496 in
1529 3423 1624 3496 bunc

218 3548 391 3622 modum:

268 3674 413 3746 Domino
437 3695 501 3747 sno
524 3673 666 3749 domiuo
687 3675 833 3751 Henrico
855 3677 902 3752 de
925 3677 1040 3749 Merra
1069 3683 1104 3748 et
1128 3681 1260 3763 cetera,
1290 3672 1411 3743 Petrus
1431 3670 1477 3745 de
1500 3671 1625 3744 Sancto

83 3855 89 3868 .
219 3793 388 3871 Germano
413 3806 448 3869 et
465 3811 589 3872 cetera.
613 3799 717 3872 Miror
736 3798 833 3896 quod
858 3798 1024 3872 dubitatis
1047 3797 1093 3870 de
1120 3818 1177 3870 me
1200 3793 1407 3892 procedente
1432 3793 1478 3868 ad
1506 3815 1625 3890 recep·

219 3921 348 3994 tionem
363 3921 502 3994 testium
522 3923 730 4018 questione,
754 3923 833 3996 licet
847 3924 883 3995 in
904 3924 1039 4020 scriptis
1057 3944 1128 3996 non
1146 3928 1309 4016 appareat
1327 3917 1525 3992 contestatio
1542 3917 1623 3990 litis.

220 4045 376 4118 Firmiter
399 4044 522 4137 oredo,
545 4047 651 4121 immo
681 4047 753 4121 soie
779 4047 876 4143 quod
903 4048 939 4119 in
969 4067 1131 4142 processu
1154 4043 1343 4139 questionis
1370 4041 1415 4115 de
1443 4063 1513 4136 qua
1541 4041 1627 4113 mibi

219 4169 368 4242 scribitis
393 4172 591 4246 contestatio
614 4173 680 4245 luit
701 4174 809 4258 lacta;
832 4173 921 4245 sicut
941 4171 1063 4268 opinor
1081 4169 1241 4265 negative
1264 4167 1329 4238 luit
1348 4174 1409 4242 aut
1429 4166 1476 4237 ita
1494 4175 1627 4239 εοηιεε·

222 4287 305 4368 tatio
320 4293 411 4369 lacta
432 4291 529 4393 apud
549 4292 749 4372 Sulmonem
763 4300 820 4370 vel
838 4291 933 4394 apud
953 4300 1116 4371 Sanctum
1138 4293 1352 4367 Flavianum.
1375 4293 1502 4366 Secure
1522 4292 1627 4383 igitur

258 4575 294 4648 (l)
312 4575 356 4634 Nil
369 4576 544 4636 dubitandrun
557 4580 623 4653 quin
633 4579 774 4654 legendum
787 4581 823 4638 sit
835 4579 867 4637 ds
880 4581 975 4638 Vinea.
987 4581 1060 4638 llaec
1077 4584 1120 4638 est
1135 4578 1222 4652 prima
1242 4575 1342 4635 mentio
1362 4575 1443 4650 hujus
1461 4574 1627 4633 celeberrimi

223 4671 274 4728 uiri
287 4674 333 4747 qui
348 4681 440 4749 postca
454 4677 520 4734 tanti
532 4678 660 4736 momenti
673 4695 816 4753 personam
828 4679 892 4754 egit.
1329 4677 1332 4682 '

323 4776 365 4836 11.
1434 4784 1471 4836 63
