4272 5886
229 551 328 614 burm.
348 549 410 627 lt]
680 542 880 606 HISTORIA
904 541 1198 606 otrtontrtctt.
1587 542 1646 605 set

232 683 443 782 dampnasti.
459 680 609 756 Proinde
620 701 803 774 possumus
817 701 887 753 non
902 680 1071 753 immerito
1093 678 1278 754 formidare
1291 703 1336 754 ne
1346 689 1467 753 nostra
1484 680 1647 775 patientia

231 813 269 883 in
291 808 455 906 predictis
478 827 562 878 vere
580 805 745 900 patientie
757 826 885 878 nomen
899 805 1053 879 amiserit
1069 813 1104 878 et
1119 805 1291 879 effectum.
1309 806 1423 890 Quare
1439 827 1509 877 non
1526 804 1647 877 credas

232 932 271 1007 id
292 930 461 1006 oblivioni
482 950 559 1002 esse
578 929 755 1020 relictum,
772 929 853 1002 licet
877 930 922 1002 sit
942 929 1110 1002 hactenus
1127 929 1401 1003 dissimulatione
1424 950 1644 1025 suspensum.

232 1058 302 1132 Sed
326 1055 415 1151 quid
437 1056 473 1127 in
495 1053 666 1126 similibus
688 1075 751 1148 pro
775 1062 811 1126 te
836 1053 1015 1126 interiores
1036 1055 1233 1148 promittere
1255 1055 1420 1144 debeant,
1442 1055 1487 1126 de
1508 1055 1648 1148 specula

232 1190 394 1277 poterunt
424 1177 590 1252 eminenti
620 1176 774 1273 recipere
810 1179 990 1272 speculum
1024 1189 1058 1251 et
1087 1181 1277 1275 exemplar.
1305 1180 1344 1251 lu
1376 1199 1446 1271 quo
1478 1188 1646 1272 quantum

232 1303 428 1378 auctoritati
452 1302 553 1376 Sedis
574 1302 761 1397 apostolice
778 1303 823 1374 sit
838 1301 1050 1391 detractum,
1066 1325 1136 1398 qua
1159 1303 1253 1398 ipsos
1274 1302 1320 1376 ud
1343 1324 1485 1398 procum
1510 1314 1647 1375 tuarum

234 1428 430 1500 instantiam
450 1427 518 1498 sub
534 1447 597 1498 sua
614 1425 796 1498 securitate
818 1426 964 1520 recepit,
980 1427 1063 1499 satis
1076 1426 1273 1520 intelligunt
1287 1427 1349 1520 qui
1366 1447 1440 1498 rem
1456 1426 1582 1498 sciunt.
1600 1429 1648 1498 lle

233 1551 357 1624 comite
370 1571 454 1623 vcro
470 1548 607 1622 Matheo
618 1548 785 1645 (l)quem
800 1550 896 1645 apud
910 1558 945 1622 te
959 1551 996 1620 in
1013 1551 1246 1623 subtractione
1259 1572 1402 1622 suorum
1414 1552 1515 1624 Terre
1525 1552 1648 1624 Sancte

234 1676 428 1761 servitium,
441 1671 762 1748 crucisetcrucifixi
774 1675 965 1748 reverentia
978 1697 1046 1747 non
1060 1675 1430 1769 defendit,comiteqoe
1444 1675 1648 1768 Rogerioffi)

234 1800 411 1895 quondam
436 1808 536 1895 capto
552 1807 591 1870 ut
607 1799 696 1871 nosti
712 1807 747 1872 et
763 1799 983 1895 postmodum
1000 1801 1145 1872 liberato
1166 1810 1204 1872 ut
1223 1800 1370 1890 scimus,
1386 1807 1421 1871 et
1436 1799 1647 1894 quibusdam

234 1925 314 1998 aliis
334 1925 397 2018 qui
421 1922 468 1996 ad
484 1923 610 1996 Urbem
627 1932 662 1995 et
679 1925 754 1996 locu
770 1922 956 1997 conliniaa
975 1925 1212 2020 persequentis
1233 1923 1320 1996 facie
1336 1925 1581 2018 confugerunt,
1603 1923 1648 1998 de

235 2058 349 2122 cetero
374 2047 596 2141 conquiescat
622 2047 825 2141 conquestio
849 2047 1015 2143 principis
1040 2048 1260 2139 excellentis,
1280 2069 1325 2120 ue
1345 2048 1470 2120 siccem
1485 2049 1647 2145 stipulam

236 2173 396 2269 persequi
412 2182 447 2246 et
463 2181 580 2245 contra
595 2172 712 2244 lolium
729 2172 826 2265 quod
839 2194 861 2244 a
874 2181 978 2244 vento
995 2171 1125 2267 rapitur
1142 2193 1241 2246 suam
1256 2172 1443 2267 potentiam
1462 2182 1649 2247 monstrare

234 2296 409 2370 videatur.
426 2298 498 2369 Huc
514 2297 644 2392 quippe
659 2317 706 2368 ex
719 2295 801 2368 tulii
817 2295 950 2368 Cesaris
963 2295 1069 2390 gestis
1085 2317 1154 2368 non
1167 2295 1264 2369 elicis
1280 2296 1343 2390 qui
1358 2297 1543 2369 Domitium
1559 2319 1649 2392 pene

235 2421 380 2494 avidum
402 2429 438 2494 et
460 2421 562 2493 uenia
584 2428 851 2515 contemptorem
875 2421 946 2492 vite
967 2420 1115 2493 servarit
1133 2420 1281 2492 invitum
1299 2430 1334 2492 et
1353 2421 1526 2493 Metellum
1545 2420 1596 2517 (a)
1612 2444 1651 2495 se

236 2545 362 2640 gladiis
376 2545 571 2619 offerentem
589 2545 640 2618 ira
657 2547 742 2618 tanti
758 2543 926 2642 principis
941 2547 1115 2642 reputavit
1140 2545 1337 2640 indignum.
1354 2546 1450 2619 Certe
1465 2547 1500 2618 in
1518 2548 1650 2620 israeli·

235 2669 303 2742 tico
327 2670 455 2765 populo
481 2670 638 2764 civitates
659 2679 756 2743 crunt
768 2671 910 2763 refugii,
928 2681 963 2743 et
977 2671 1097 2743 urbem
1112 2669 1160 2743 ad
1174 2671 1347 2764 retugium
1364 2669 1570 2744 christianus
1586 2693 1649 2766 po-

235 2795 340 2891 pulus
364 2816 433 2867 nou
458 2792 623 2866 babebit?
641 2792 755 2866 David
775 2815 936 2866 recursus
950 2803 1023 2866 erat
1037 2793 1229 2889 oppressis,
1248 2802 1282 2866 et
1299 2815 1458 2866 summus
1474 2796 1646 2891 pontifex,

238 2919 355 3012 magni
375 2918 489 2992 David
507 2918 678 3009 vicarius,
701 2925 832 2992 avertet
852 2919 973 2990 faciem
993 2939 1092 2990 suam
1115 2917 1159 2990 ab
1179 2918 1340 2990 afflictis?
1357 2927 1393 2990 et
1411 2919 1548 3012 utique,
1568 2943 1647 2993 cum

237 3062 299 3138 per
319 3041 396 3114 illos
409 3043 505 3114 nulla
517 3043 580 3113 tibi
595 3042 750 3115 molestia
771 3041 936 3114 inferatur
959 3051 994 3113 et
1013 3041 1098 3132 tuis,
1117 3041 1184 3113 nisi
1204 3042 1291 3114 velis
1307 3043 1345 3116 id
1366 3041 1549 3116 dumtaxat
1563 3046 1651 3120 lerrc

237 3165 381 3237 moleste
400 3163 497 3260 quod
511 3165 649 3238 vivunt.
669 3164 724 3238 Ad
742 3164 808 3239 bec
826 3165 871 3239 de
891 3166 1032 3260 egregio
1054 3166 1131 3238 viro
1155 3187 1273 3239 socero
1292 3175 1368 3252 tuo,
1387 3169 1417 3240 si
1435 3169 1481 3242 ed
1497 3178 1648 3244 nostram

237 3289 449 3386 pervenisset
462 3288 618 3362 notitiam
635 3289 732 3384 quod
752 3287 798 3362 de
816 3288 969 3384 hiisque
985 3289 1048 3361 tibi
1065 3291 1178 3362 lacere
1196 3290 1317 3363 debuit
1329 3292 1517 3381 omisisset,
1535 3303 1650 3366 nostra

236 3433 318 3484 eum
334 3434 403 3486 uon
417 3413 595 3509 preteriret
606 3413 763 3506 monitio,
780 3435 885 3508 quem
898 3413 959 3486 tibi
975 3413 1213 3488 desideramus
1225 3423 1403 3509 acceptum
1422 3424 1457 3488 et
1472 3425 1504 3488 te
1519 3417 1566 3486 illi
1581 3439 1652 3512 pc-

239 3535 370 3608 tissime
387 3536 597 3630 gratiosum
616 3537 651 3609 in
670 3559 742 3632 quo
764 3547 880 3611 movet
900 3539 1088 3611 multorum
1106 3537 1212 3612 corde
1231 3537 1368 3611 miratio
1382 3538 1478 3634 quod
1496 3561 1577 3612 cum
1590 3541 1649 3613 alii

280 3735 320 3820 (a)
337 3741 373 3801 ln
387 3740 461 3804 Cod.
475 3749 565 3810 etot,
580 3739 760 3817 Mercedem,
774 3741 861 3804 male.

277 4035 313 4111 (t)
332 4036 410 4094 liuuc
420 4053 481 4096 esse
493 4038 662 4113 srrspicamur
674 4039 801 4099 comitem
812 4038 892 4098 lieet
903 4038 1026 4096 dAlecrre
1037 4037 1081 4112 (dc
1092 4037 1249 4112 Alesiucll,
1260 4039 1295 4098 de
1306 4056 1360 4113 quo
1371 4057 1463 4115 supra,
1476 4060 1504 4117 p.
1516 4046 1543 4114 t,
1555 4050 1612 4101 not.
1622 4047 1650 4104 2.

238 4134 401 4192 ldemoratur
413 4134 485 4209 apud
497 4137 612 4210 Turrrrr,
623 4139 662 4194 Dr
676 4137 847 4196 mammete·
857 4137 899 4194 del
910 4154 1001 4211 repca,
1014 4155 1042 4212 p.
1059 4141 1103 4209 30,
1120 4138 1326 4196 instrumentum
1340 4155 1394 4212 quo
1406 4141 1530 4198 Matbeus
1541 4140 1654 4199 Gentilis

238 4229 287 4286 llei
304 4237 332 4288 et
346 4232 419 4305 regia
436 4234 520 4308 gretia
541 4251 634 4293 comes
652 4235 775 4293 Alesinae
787 4241 815 4293 et
826 4235 961 4307 Civitatis,
982 4236 1138 4311 capitaneus
1153 4241 1181 4293 et
1193 4236 1320 4309 magister
1330 4236 1490 4309 justitiarius
1501 4237 1613 4312 Apuliae
1626 4245 1654 4297 et

239 4335 326 4387 terrae
337 4331 462 4403 Laboris,
479 4332 650 4392 donationem
664 4341 770 4409 epatre
787 4349 836 4392 suo
851 4333 966 4392 serato
980 4339 1007 4391 et
1025 4350 1041 4391 a
1057 4333 1138 4391 tratre
1156 4349 1205 4392 sno
1224 4333 1365 4391 Tbomesio
1385 4335 1514 4392 ecclesiae
1536 4335 1653 4410 Aposto-

238 4426 325 4485 lorum
343 4427 521 4487 bartholomei
542 4436 570 4488 et
588 4431 681 4490 Jacobi
700 4431 798 4489 iactam
817 4431 977 4490 coufirmat:
992 4451 1006 4488 a
1019 4435 1097 4491 tuno
1116 4431 1449 4491 dominissiuenmationis
1459 4434 1595 4505 attexit,
1612 4449 1656 4491 re·

241 4543 254 4577 r
270 4531 368 4598 guanto
379 4525 487 4584 domino
502 4533 594 4586 nostro
605 4529 751 4600 Foderico,
770 4535 835 4600 etc.;
848 4529 924 4602 regni
940 4529 997 4601 ejus
1018 4543 1089 4587 anuo
1100 4529 1167 4586 XIX
1181 4529 1251 4602 (tic),
1265 4543 1358 4588 meuse
1374 4530 1488 4602 januarii
1508 4531 1596 4606 prima
1612 4532 1656 4590 die

241 4621 400 4694 sintrauta,
414 4623 560 4682 indictione
573 4625 641 4684 lllll.
657 4626 721 4684 rel.
735 4626 815 4684 etiam
832 4644 860 4701 p.
875 4629 937 4697 tce,
953 4631 1009 4682 not.
1024 4631 1050 4682 t.

277 4717 315 4793 (Ξ)
333 4719 440 4779 Scilicet
452 4723 583 4796 begarius
597 4724 631 4781 dc
646 4723 758 4798 Aquila,
771 4739 863 4782 comes
874 4723 1032 4782 Fundanus.
1045 4722 1107 4782 vio.
1120 4739 1217 4798 supra,
1232 4741 1260 4798 p.
1277 4727 1328 4782 ³93
1340 4729 1369 4783 st
1381 4725 1444 4784 tar.
