4272 5886
226 529 328 590 nure.
346 526 406 612 lh]
643 549 649 561 ·
676 528 875 591 HISTORIA
899 525 1191 590 ulphottnrtcn
1582 524 1642 586 599

228 685 408 760 nunquam
434 661 485 736 sic
506 661 553 736 ed
567 664 800 738 circuitionem
825 663 975 740 deducet
990 663 1139 750 oblivio,
1159 671 1198 735 ut
1214 659 1356 735 omnino
1378 662 1415 734 in
1440 660 1565 758 ¹vitinrn
1587 661 1640 734 in·

227 787 449 882 gratitudinis
465 787 596 870 incidet
613 789 709 882 quod
728 788 949 885 reprehendit
969 790 1005 862 in
1024 790 1159 880 emulo,
1179 795 1214 861 et
1236 786 1373 881 culpam
1391 807 1497 880 quam
1511 771 1642 881 'demp-

230 920 288 984 nat
303 913 340 983 iu
359 911 457 985 hoste
472 914 672 986 committat.
691 915 766 987 Non
789 936 873 1008 ergo
889 913 1056 988 seducant
1072 923 1105 986 te
1126 933 1290 1008 prospere
1311 933 1416 1006 quem
1437 910 1643 983 instruxisse

229 1035 425 1108 debuerunt
442 1036 606 1129 adverse,
623 1059 704 1111 curn
719 1040 820 1112 luerit
835 1037 1023 1112 Pharaonis
1043 1038 1208 1134 pincerne
1222 1044 1359 1109 notatus
1381 1057 1423 1107 eo
1445 1035 1541 1128 quod
1564 1057 1643 1108 suc-

230 1159 433 1233 cedentibus
448 1161 621 1256 prosperis
638 1161 693 1234 sui
715 1171 768 1235 eet
792 1162 918 1234 oblitus
942 1162 1154 1258 interpretis,
1171 1170 1207 1234 et
1224 1160 1284 1233 lex
1309 1158 1497 1232 nobilitatis
1520 1158 1558 1232 id
1580 1157 1643 1232 he·

230 1283 310 1356 beet
333 1291 373 1355 ut
398 1285 568 1358 nobilium
592 1293 725 1358 mentes
750 1287 887 1360 excelse
912 1308 983 1361 non
1008 1287 1143 1360 elevent
1160 1296 1195 1358 et
1212 1284 1331 1357 infima
1352 1305 1422 1356 non
1445 1282 1638 1356 demittant.

230 1407 464 1502 Quapropter,
490 1406 538 1479 lili
561 1407 760 1501 karissime,
793 1410 946 1505 probatis
974 1409 1157 1505 apostolice
1182 1407 1283 1482 Sedis
1306 1407 1485 1481 effectibus
1512 1407 1644 1478 nullius

230 1533 406 1626 suggestio
430 1540 465 1604 te
489 1531 651 1624 seducat;
673 1554 744 1627 que
765 1533 832 1605 nisi
849 1535 1067 1606 obstaculum
1082 1533 1188 1605 nimie
1202 1532 1433 1607 indevotionis
1455 1531 1641 1626 impediat,

230 1667 303 1728 ato
321 1655 500 1730 dexteram
524 1654 768 1731 beneficiorum
786 1677 855 1730 nen
870 1658 1047 1732 subtrahet
1071 1668 1106 1730 ot
1126 1658 1234 1730 ubere
1255 1656 1452 1731 dulcedinis
1473 1676 1542 1727 non
1561 1654 1642 1727 abs·

230 1777 371 1871 condet,
389 1801 468 1852 cum
484 1802 554 1854 non
570 1779 614 1855 sit
632 1781 820 1855 verisimile
835 1781 932 1877 quod
955 1783 1063 1854 animi
1082 1781 1246 1856 ferventis
1265 1781 1427 1854 affectum
1451 1782 1497 1853 ab
1516 1781 1573 1852 illo
1596 1778 1644 1852 de

230 1904 322 1977 lucili
337 1905 421 1978 velit
432 1913 588 1980 evertere
607 1927 713 2001 quem
735 1908 845 1981 multo
867 1908 994 1983 sudore
1013 1907 1099 1982 fovit
1117 1908 1332 2004 impuberem
1353 1908 1531 2001 multaque
1548 1905 1643 1978 solli·

231 2027 386 2102 citudine
399 2031 572 2125 promovit
583 2029 741 2104 edultum
754 2030 821 2126 (l).

279 2155 403 2227 Datum
422 2154 577 2228 Laterani
580 2207 1639 2230 ...........................

265 2457 302 2533 (t)
321 2460 386 2518 Post
404 2460 454 2518 hes
470 2457 573 2519 litteras
588 2477 714 2536 ωροτω,
732 2467 764 2518 ut
783 2461 868 2519 uerbo
884 2461 1005 2520 hiscendi
1022 2469 1143 2536 utamur,
1164 2463 1330 2522 Fridericum
1348 2469 1414 2520 tuno
1430 2463 1542 2537 negotiis
1564 2464 1644 2522 hom

230 2557 340 2615 bardiee
349 2557 506 2631 implicitum
519 2557 639 2632 pontiflci
650 2575 755 2617 morem
766 2559 884 2634 gessisse
894 2565 986 2617 monet
996 2559 1159 2635 hernaldus,
1172 2577 1204 2619 ex
1217 2561 1338 2634 ejusdem
1349 2561 1470 2619 lticonrdi
1479 2561 1641 2619 testimonio.

229 2655 423 2729 Responsivam
434 2671 542 2730 quoquo
553 2657 635 2714 habet
646 2657 731 2714 codex
743 2657 872 2732 principis
883 2657 990 2715 Fitaliae
1001 2658 1075 2732 apud
1085 2661 1259 2730 Panormum,
1273 2660 1344 2717 unde
1355 2658 1491 2716 nibricam
1502 2675 1536 2716 cx
1550 2657 1643 2716 notitia

229 2751 266 2809 ab
280 2751 389 2825 Agnello
402 2753 483 2825 edita,
497 2770 526 2830 p.
540 2756 585 2827 to,
602 2754 647 2811 hic
658 2754 828 2812 exhibemus.
839 2775 852 2810 e
865 2755 1030 2829 Responslva
1042 2754 1155 2830 epistole
1168 2755 1302 2814 hirundo
1312 2773 1363 2830 per
1374 2771 1456 2831 quem
1469 2755 1541 2814 oeoit
1553 2754 1643 2829 impe-

232 2854 333 2907 »rator
342 2850 462 2908 Romane
475 2850 588 2910 ecclesie
598 2858 627 2910 et
639 2851 831 2922 cardinalibus,
847 2858 876 2909 et
887 2852 927 2910 sic
940 2852 1061 2911 cedendo
1074 2853 1115 2912 eis
1126 2853 1192 2912 dicit
1205 2870 1236 2914 se
1249 2854 1367 2914 vincere.
1381 2853 1480 2914 sacros
1497 2852 1642 2928 apostolico

232 2965 246 2998 ι
259 2945 337 3005 Sedis
350 2947 456 3022 apices,
471 2953 524 3005 etc.
538 2967 552 3002 ι
