<?xml version="1.0" encoding="UTF-8"?>
<!DOCTYPE html PUBLIC "-//W3C//DTD XHTML 1.0 Transitional//EN"
    "http://www.w3.org/TR/xhtml1/DTD/xhtml1-transitional.dtd">
<html xmlns="http://www.w3.org/1999/xhtml" xml:lang="en" lang="en">
 <head>
  <title>
</title>
<meta http-equiv="Content-Type" content="text/html;charset=utf-8" />
  <meta name='ocr-system' content='tesseract 3.04.00' />
  <meta name='ocr-capabilities' content='ocr_page ocr_carea ocr_par ocr_line ocrx_word'/>
</head>
<body>
  <div class='ocr_page' id='page_1' title='image "./historiadiploma08fredgoog_0545.png"; bbox 0 0 4272 5886; ppageno 0'>
   <div class='ocr_carea' id='block_1_1' title="bbox 190 509 1609 597">
    <p class='ocr_par' dir='ltr' id='par_1_1' title="bbox 190 509 1609 597">
     <span class='ocr_line' id='line_1_1' title="bbox 190 509 1609 597; baseline -0.005 -20"><span class='ocrx_word' id='word_1_1' title='bbox 190 509 367 597; x_wconf 62' lang='grc'><strong>11666611]</strong></span> <span class='ocrx_word' id='word_1_2' title='bbox 642 509 842 572; x_wconf 75' lang='lat' dir='ltr'>HISTORIA</span> <span class='ocrx_word' id='word_1_3' title='bbox 866 511 1162 574; x_wconf 72' lang='lat' dir='ltr'><strong>alamannica,</strong></span> <span class='ocrx_word' id='word_1_4' title='bbox 1548 509 1609 570; x_wconf 85' lang='lat'><strong>533</strong></span> 
     </span>
    </p>
   </div>
   <div class='ocr_carea' id='block_1_2' title="bbox 189 645 1610 4746">
    <p class='ocr_par' dir='ltr' id='par_1_2' title="bbox 189 645 1610 4746">
     <span class='ocr_line' id='line_1_2' title="bbox 190 645 1607 748; baseline -0.007 -22"><span class='ocrx_word' id='word_1_5' title='bbox 190 651 287 748; x_wconf 88' lang='lat' dir='ltr'><strong>quod</strong></span> <span class='ocrx_word' id='word_1_6' title='bbox 301 649 486 724; x_wconf 82' lang='lat' dir='ltr'><strong>Castellum</strong></span> <span class='ocrx_word' id='word_1_7' title='bbox 506 646 599 741; x_wconf 81' lang='lat' dir='ltr'><strong>regis</strong></span> <span class='ocrx_word' id='word_1_8' title='bbox 623 646 706 720; x_wconf 92' lang='lat' dir='ltr'><strong>olim</strong></span> <span class='ocrx_word' id='word_1_9' title='bbox 726 668 842 720; x_wconf 91' lang='lat' dir='ltr'><strong>comes</strong></span> <span class='ocrx_word' id='word_1_10' title='bbox 858 646 937 720; x_wconf 88' lang='lat' dir='ltr'><strong>Otto</strong></span> <span class='ocrx_word' id='word_1_11' title='bbox 957 645 1045 746; x_wconf 92' lang='lat' dir='ltr'><strong>[de]</strong></span> <span class='ocrx_word' id='word_1_12' title='bbox 1063 645 1291 720; x_wconf 87' lang='lat' dir='ltr'><strong>Eimanberch</strong></span> <span class='ocrx_word' id='word_1_13' title='bbox 1310 655 1345 719; x_wconf 93' lang='lat' dir='ltr'><strong>et</strong></span> <span class='ocrx_word' id='word_1_14' title='bbox 1361 645 1500 717; x_wconf 84' lang='lat' dir='ltr'><strong>Beatrix</strong></span> <span class='ocrx_word' id='word_1_15' title='bbox 1516 665 1607 717; x_wconf 85' lang='lat' dir='ltr'><strong>uxor</strong></span> 
     </span>
     <span class='ocr_line' id='line_1_3' title="bbox 190 770 1607 868; baseline -0.006 -18"><span class='ocrx_word' id='word_1_16' title='bbox 190 798 256 850; x_wconf 90' lang='lat' dir='ltr'><strong>sua</strong></span> <span class='ocrx_word' id='word_1_17' title='bbox 283 774 356 848; x_wconf 89' lang='lat' dir='ltr'><strong>filia</strong></span> <span class='ocrx_word' id='word_1_18' title='bbox 382 772 559 868; x_wconf 91' lang='lat' dir='ltr'><strong>quondam</strong></span> <span class='ocrx_word' id='word_1_19' title='bbox 585 771 721 845; x_wconf 90' lang='lat' dir='ltr'><strong>comitis</strong></span> <span class='ocrx_word' id='word_1_20' title='bbox 743 770 906 846; x_wconf 86' lang='lat' dir='ltr'><strong>Jozcelini</strong></span> <span class='ocrx_word' id='word_1_21' title='bbox 929 785 965 844; x_wconf 91' lang='lat' dir='ltr'><strong>et</strong></span> <span class='ocrx_word' id='word_1_22' title='bbox 984 772 1063 846; x_wconf 89' lang='lat' dir='ltr'><strong>Otto</strong></span> <span class='ocrx_word' id='word_1_23' title='bbox 1085 794 1206 846; x_wconf 88' lang='lat' dir='ltr'><strong>eorum</strong></span> <span class='ocrx_word' id='word_1_24' title='bbox 1231 771 1323 844; x_wconf 89' lang='lat' dir='ltr'><strong>filius</strong></span> <span class='ocrx_word' id='word_1_25' title='bbox 1346 770 1501 866; x_wconf 89' lang='lat' dir='ltr'><strong>predicto</strong></span> <span class='ocrx_word' id='word_1_26' title='bbox 1529 791 1607 842; x_wconf 91' lang='lat' dir='ltr'><strong>ma-</strong></span> 
     </span>
     <span class='ocr_line' id='line_1_4' title="bbox 190 895 1608 995; baseline -0.004 -24"><span class='ocrx_word' id='word_1_27' title='bbox 190 899 299 995; x_wconf 81' lang='lat' dir='ltr'><strong>gistro</strong></span> <span class='ocrx_word' id='word_1_28' title='bbox 316 905 351 971; x_wconf 91' lang='lat' dir='ltr'><strong>et</strong></span> <span class='ocrx_word' id='word_1_29' title='bbox 369 896 532 970; x_wconf 86' lang='lat' dir='ltr'><strong>iratribus</strong></span> <span class='ocrx_word' id='word_1_30' title='bbox 547 895 794 989; x_wconf 89' lang='lat' dir='ltr'><strong>vendiderunt,</strong></span> <span class='ocrx_word' id='word_1_31' title='bbox 811 906 846 970; x_wconf 92' lang='lat' dir='ltr'><strong>et</strong></span> <span class='ocrx_word' id='word_1_32' title='bbox 863 895 1033 991; x_wconf 84' lang='lat' dir='ltr'><strong>quicquid</strong></span> <span class='ocrx_word' id='word_1_33' title='bbox 1051 897 1223 970; x_wconf 87' lang='lat' dir='ltr'><strong>habehant</strong></span> <span class='ocrx_word' id='word_1_34' title='bbox 1241 906 1276 968; x_wconf 90' lang='lat' dir='ltr'><strong>et</strong></span> <span class='ocrx_word' id='word_1_35' title='bbox 1293 895 1421 968; x_wconf 89' lang='lat' dir='ltr'><strong>habere</strong></span> <span class='ocrx_word' id='word_1_36' title='bbox 1433 895 1608 968; x_wconf 86' lang='lat' dir='ltr'><strong>dehebant</strong></span> 
     </span>
     <span class='ocr_line' id='line_1_5' title="bbox 190 1019 1608 1119; baseline -0.003 -23"><span class='ocrx_word' id='word_1_37' title='bbox 190 1027 228 1096; x_wconf 94' lang='lat' dir='ltr'><strong>in</strong></span> <span class='ocrx_word' id='word_1_38' title='bbox 252 1022 377 1098; x_wconf 92' lang='lat' dir='ltr'><strong>eodem</strong></span> <span class='ocrx_word' id='word_1_39' title='bbox 404 1022 549 1095; x_wconf 88' lang='lat' dir='ltr'><strong>Castello</strong></span> <span class='ocrx_word' id='word_1_40' title='bbox 574 1021 666 1116; x_wconf 82' lang='lat' dir='ltr'><strong>regis</strong></span> <span class='ocrx_word' id='word_1_41' title='bbox 689 1019 877 1094; x_wconf 87' lang='lat' dir='ltr'><strong>tenendum</strong></span> <span class='ocrx_word' id='word_1_42' title='bbox 904 1032 939 1094; x_wconf 93' lang='lat' dir='ltr'><strong>et</strong></span> <span class='ocrx_word' id='word_1_43' title='bbox 963 1022 1232 1119; x_wconf 88' lang='lat' dir='ltr'><strong>possidendum,</strong></span> <span class='ocrx_word' id='word_1_44' title='bbox 1259 1022 1350 1094; x_wconf 92' lang='lat' dir='ltr'><strong>sicut</strong></span> <span class='ocrx_word' id='word_1_45' title='bbox 1373 1021 1466 1094; x_wconf 89' lang='lat' dir='ltr'><strong>idem</strong></span> <span class='ocrx_word' id='word_1_46' title='bbox 1492 1043 1608 1094; x_wconf 89' lang='lat' dir='ltr'><strong>comes</strong></span> 
     </span>
     <span class='ocr_line' id='line_1_6' title="bbox 190 1144 1606 1243; baseline -0.002 -22"><span class='ocrx_word' id='word_1_47' title='bbox 190 1150 282 1241; x_wconf 83' lang='lat' dir='ltr'><strong>otto,</strong></span> <span class='ocrx_word' id='word_1_48' title='bbox 304 1169 407 1240; x_wconf 85' lang='lat' dir='ltr'><strong>uxor,</strong></span> <span class='ocrx_word' id='word_1_49' title='bbox 428 1146 522 1220; x_wconf 87' lang='lat' dir='ltr'><strong>lilius</strong></span> <span class='ocrx_word' id='word_1_50' title='bbox 538 1155 574 1220; x_wconf 91' lang='lat' dir='ltr'><strong>et</strong></span> <span class='ocrx_word' id='word_1_51' title='bbox 588 1144 848 1242; x_wconf 81' lang='lat' dir='ltr'><strong>predecessores</strong></span> <span class='ocrx_word' id='word_1_52' title='bbox 869 1167 988 1220; x_wconf 90' lang='lat' dir='ltr'><strong>eorum</strong></span> <span class='ocrx_word' id='word_1_53' title='bbox 1005 1156 1189 1222; x_wconf 91' lang='lat' dir='ltr'><strong>tenuerunt</strong></span> <span class='ocrx_word' id='word_1_54' title='bbox 1202 1157 1238 1218; x_wconf 92' lang='lat' dir='ltr'><strong>et</strong></span> <span class='ocrx_word' id='word_1_55' title='bbox 1254 1145 1483 1243; x_wconf 82' lang='lat' dir='ltr'><strong>possederunt</strong></span> <span class='ocrx_word' id='word_1_56' title='bbox 1499 1146 1606 1218; x_wconf 89' lang='lat' dir='ltr'><strong>libere</strong></span> 
     </span>
     <span class='ocr_line' id='line_1_7' title="bbox 189 1269 1605 1367; baseline -0.003 -21"><span class='ocrx_word' id='word_1_57' title='bbox 189 1283 226 1346; x_wconf 88' lang='lat' dir='ltr'><strong>et</strong></span> <span class='ocrx_word' id='word_1_58' title='bbox 245 1271 375 1367; x_wconf 90' lang='lat' dir='ltr'><strong>quiete.</strong></span> <span class='ocrx_word' id='word_1_59' title='bbox 396 1270 504 1364; x_wconf 87' lang='lat' dir='ltr'><strong>Cujus</strong></span> <span class='ocrx_word' id='word_1_60' title='bbox 523 1269 658 1343; x_wconf 85' lang='lat' dir='ltr'><strong>Castalii</strong></span> <span class='ocrx_word' id='word_1_61' title='bbox 685 1271 778 1364; x_wconf 80' lang='lat' dir='ltr'><strong>regis</strong></span> <span class='ocrx_word' id='word_1_62' title='bbox 795 1272 1006 1366; x_wconf 89' lang='lat' dir='ltr'><strong>pertinencia</strong></span> <span class='ocrx_word' id='word_1_63' title='bbox 1031 1281 1066 1345; x_wconf 89' lang='lat' dir='ltr'><strong>et</strong></span> <span class='ocrx_word' id='word_1_64' title='bbox 1088 1272 1215 1345; x_wconf 89' lang='lat' dir='ltr'><strong>casalia</strong></span> <span class='ocrx_word' id='word_1_65' title='bbox 1237 1271 1430 1344; x_wconf 88' lang='lat' dir='ltr'><strong>secuudum</strong></span> <span class='ocrx_word' id='word_1_66' title='bbox 1454 1281 1605 1344; x_wconf 88' lang='lat' dir='ltr'><strong>tenorem</strong></span> 
     </span>
     <span class='ocr_line' id='line_1_8' title="bbox 191 1396 1606 1494; baseline -0.001 -24"><span class='ocrx_word' id='word_1_67' title='bbox 191 1398 310 1494; x_wconf 85' lang='lat' dir='ltr'><strong>scripti</strong></span> <span class='ocrx_word' id='word_1_68' title='bbox 333 1398 476 1470; x_wconf 88' lang='lat' dir='ltr'><strong>illustris</strong></span> <span class='ocrx_word' id='word_1_69' title='bbox 494 1397 587 1490; x_wconf 74' lang='lat' dir='ltr'><strong>regis</strong></span> <span class='ocrx_word' id='word_1_70' title='bbox 608 1396 774 1469; x_wconf 85' lang='lat' dir='ltr'><strong>Iohannis</strong></span> <span class='ocrx_word' id='word_1_71' title='bbox 791 1418 897 1492; x_wconf 91' lang='lat' dir='ltr'><strong>super</strong></span> <span class='ocrx_word' id='word_1_72' title='bbox 921 1396 987 1470; x_wconf 90' lang='lat' dir='ltr'><strong>hoc</strong></span> <span class='ocrx_word' id='word_1_73' title='bbox 1010 1397 1125 1470; x_wconf 88' lang='lat' dir='ltr'><strong>cidem</strong></span> <span class='ocrx_word' id='word_1_74' title='bbox 1152 1397 1272 1470; x_wconf 89' lang='lat' dir='ltr'><strong>domui</strong></span> <span class='ocrx_word' id='word_1_75' title='bbox 1296 1396 1440 1488; x_wconf 87' lang='lat' dir='ltr'><strong>indulti,</strong></span> <span class='ocrx_word' id='word_1_76' title='bbox 1463 1397 1606 1468; x_wconf 80' lang='lat' dir='ltr'><strong>interius</strong></span> 
     </span>
     <span class='ocr_line' id='line_1_9' title="bbox 191 1520 1606 1618; baseline -0.002 -21"><span class='ocrx_word' id='word_1_77' title='bbox 191 1523 385 1597; x_wconf 88' lang='lat' dir='ltr'><strong>continetur</strong></span> <span class='ocrx_word' id='word_1_78' title='bbox 399 1520 494 1618; x_wconf 64' lang='lat' dir='ltr'><strong>(sap</strong></span> <span class='ocrx_word' id='word_1_79' title='bbox 517 1520 679 1596; x_wconf 89' lang='lat' dir='ltr'><strong>videlicet</strong></span> <span class='ocrx_word' id='word_1_80' title='bbox 694 1522 848 1611; x_wconf 87' lang='lat' dir='ltr'><strong>Tersiha‚</strong></span> <span class='ocrx_word' id='word_1_81' title='bbox 867 1521 1109 1618; x_wconf 87' lang='lat' dir='ltr'><strong>Carphasome,</strong></span> <span class='ocrx_word' id='word_1_82' title='bbox 1131 1522 1332 1610; x_wconf 87' lang='lat' dir='ltr'><strong>Samuhete,</strong></span> <span class='ocrx_word' id='word_1_83' title='bbox 1354 1521 1500 1612; x_wconf 87' lang='lat' dir='ltr'><strong>Geclim,</strong></span> <span class='ocrx_word' id='word_1_84' title='bbox 1520 1524 1606 1594; x_wconf 89' lang='lat' dir='ltr'><strong>Zoe-</strong></span> 
     </span>
     <span class='ocr_line' id='line_1_10' title="bbox 192 1645 1606 1744; baseline -0.001 -24"><span class='ocrx_word' id='word_1_85' title='bbox 192 1649 283 1738; x_wconf 90' lang='lat' dir='ltr'><strong>nite,</strong></span> <span class='ocrx_word' id='word_1_86' title='bbox 301 1647 463 1740; x_wconf 83' lang='lat' dir='ltr'><strong>Baletini,</strong></span> <span class='ocrx_word' id='word_1_87' title='bbox 483 1645 661 1741; x_wconf 89' lang='lat' dir='ltr'><strong>Tarphile,</strong></span> <span class='ocrx_word' id='word_1_88' title='bbox 687 1645 859 1742; x_wconf 85' lang='lat' dir='ltr'><strong>Rasapde‚</strong></span> <span class='ocrx_word' id='word_1_89' title='bbox 879 1647 1057 1744; x_wconf 76' lang='lat' dir='ltr'><strong>Supheye‚</strong></span> <span class='ocrx_word' id='word_1_90' title='bbox 1075 1647 1249 1744; x_wconf 83' lang='lat' dir='ltr'><strong>Gaphara,</strong></span> <span class='ocrx_word' id='word_1_91' title='bbox 1272 1647 1470 1740; x_wconf 89' lang='lat' dir='ltr'><strong>Najecchie,</strong></span> <span class='ocrx_word' id='word_1_92' title='bbox 1492 1648 1606 1720; x_wconf 87' lang='lat' dir='ltr'><strong>Daue·</strong></span> 
     </span>
     <span class='ocr_line' id='line_1_11' title="bbox 193 1769 1606 1868; baseline 0 -25"><span class='ocrx_word' id='word_1_93' title='bbox 193 1771 299 1868; x_wconf 88' lang='lat' dir='ltr'><strong>phile,</strong></span> <span class='ocrx_word' id='word_1_94' title='bbox 323 1770 518 1866; x_wconf 83' lang='lat' dir='ltr'><strong>Laheyene‚</strong></span> <span class='ocrx_word' id='word_1_95' title='bbox 537 1769 652 1861; x_wconf 85' lang='lat' dir='ltr'><strong>lubic,</strong></span> <span class='ocrx_word' id='word_1_96' title='bbox 676 1771 845 1861; x_wconf 82' lang='lat' dir='ltr'><strong>Bechera,</strong></span> <span class='ocrx_word' id='word_1_97' title='bbox 865 1769 998 1860; x_wconf 80' lang='lat' dir='ltr'><strong>Abelis,</strong></span> <span class='ocrx_word' id='word_1_98' title='bbox 1015 1769 1138 1862; x_wconf 81' lang='lat' dir='ltr'><strong>Arica,</strong></span> <span class='ocrx_word' id='word_1_99' title='bbox 1165 1769 1266 1858; x_wconf 77' lang='lat' dir='ltr'><strong>Gens,</strong></span> <span class='ocrx_word' id='word_1_100' title='bbox 1288 1770 1367 1863; x_wconf 82' lang='lat' dir='ltr'><strong>etit,</strong></span> <span class='ocrx_word' id='word_1_101' title='bbox 1388 1781 1424 1842; x_wconf 90' lang='lat' dir='ltr'><strong>et</strong></span> <span class='ocrx_word' id='word_1_102' title='bbox 1439 1770 1606 1843; x_wconf 81' lang='lat' dir='ltr'><strong>medietas</strong></span> 
     </span>
     <span class='ocr_line' id='line_1_12' title="bbox 190 1893 1607 1991; baseline 0.001 -22"><span class='ocrx_word' id='word_1_103' title='bbox 190 1897 289 1988; x_wconf 78' lang='lat' dir='ltr'><strong>NoJe.</strong></span> <span class='ocrx_word' id='word_1_104' title='bbox 318 1895 481 1968; x_wconf 80' lang='lat' dir='ltr'><strong>Similiter</strong></span> <span class='ocrx_word' id='word_1_105' title='bbox 500 1904 583 1968; x_wconf 89' lang='lat' dir='ltr'><strong>sunt</strong></span> <span class='ocrx_word' id='word_1_106' title='bbox 601 1893 645 1967; x_wconf 90' lang='lat' dir='ltr'><strong>de</strong></span> <span class='ocrx_word' id='word_1_107' title='bbox 662 1895 883 1990; x_wconf 81' lang='lat' dir='ltr'><strong>pertinenciis</strong></span> <span class='ocrx_word' id='word_1_108' title='bbox 907 1894 1070 1990; x_wconf 77' lang='lat' dir='ltr'><strong>predictis</strong></span> <span class='ocrx_word' id='word_1_109' title='bbox 1091 1923 1100 1968; x_wconf 75' lang='grc' dir='ltr'><strong>ε</strong></span> <span class='ocrx_word' id='word_1_110' title='bbox 1123 1895 1287 1986; x_wconf 84' lang='lat' dir='ltr'><strong>Phasoce,</strong></span> <span class='ocrx_word' id='word_1_111' title='bbox 1313 1895 1461 1989; x_wconf 84' lang='lat' dir='ltr'><strong>thara,</strong></span> <span class='ocrx_word' id='word_1_112' title='bbox 1481 1897 1607 1991; x_wconf 79' lang='lat' dir='ltr'><strong>Tayre·</strong></span> 
     </span>
     <span class='ocr_line' id='line_1_13' title="bbox 192 2019 1602 2116; baseline -0.001 -20"><span class='ocrx_word' id='word_1_113' title='bbox 192 2031 302 2112; x_wconf 88' lang='lat' dir='ltr'><strong>terne,</strong></span> <span class='ocrx_word' id='word_1_114' title='bbox 320 2019 527 2116; x_wconf 79' lang='lat' dir='ltr'><strong>Tayrebica,</strong></span> <span class='ocrx_word' id='word_1_115' title='bbox 544 2019 757 2113; x_wconf 88' lang='lat' dir='ltr'><strong>Prehenues,</strong></span> <span class='ocrx_word' id='word_1_116' title='bbox 774 2019 938 2116; x_wconf 78' lang='lat' dir='ltr'><strong>Carsvlic,</strong></span> <span class='ocrx_word' id='word_1_117' title='bbox 960 2020 1111 2111; x_wconf 88' lang='lat' dir='ltr'><strong>Semhu‚</strong></span> <span class='ocrx_word' id='word_1_118' title='bbox 1131 2020 1287 2110; x_wconf 87' lang='lat' dir='ltr'><strong>Gahatie,</strong></span> <span class='ocrx_word' id='word_1_119' title='bbox 1305 2021 1467 2116; x_wconf 85' lang='lat' dir='ltr'><strong>Orpheis,</strong></span> <span class='ocrx_word' id='word_1_120' title='bbox 1483 2021 1602 2114; x_wconf 80' lang='lat' dir='ltr'><strong>Bonis,</strong></span> 
     </span>
     <span class='ocr_line' id='line_1_14' title="bbox 192 2145 1605 2243; baseline -0.001 -23"><span class='ocrx_word' id='word_1_121' title='bbox 192 2146 389 2242; x_wconf 86' lang='lat' dir='ltr'><strong>Campsera,</strong></span> <span class='ocrx_word' id='word_1_122' title='bbox 410 2145 896 2241; x_wconf 85' lang='lat' dir='ltr'><strong>Capsie,Deleha,1iarlusta,</strong></span> <span class='ocrx_word' id='word_1_123' title='bbox 922 2145 1054 2242; x_wconf 85' lang='lat' dir='ltr'><strong>Rapho,</strong></span> <span class='ocrx_word' id='word_1_124' title='bbox 1077 2145 1214 2238; x_wconf 85' lang='lat' dir='ltr'><strong>liabch,</strong></span> <span class='ocrx_word' id='word_1_125' title='bbox 1234 2147 1364 2237; x_wconf 82' lang='lat' dir='ltr'><strong>Ezeler‚</strong></span> <span class='ocrx_word' id='word_1_126' title='bbox 1380 2147 1521 2243; x_wconf 76' lang='lat' dir='ltr'><strong>Bercay.</strong></span> <span class='ocrx_word' id='word_1_127' title='bbox 1542 2147 1605 2220; x_wconf 87' lang='lat' dir='ltr'><strong>Si·-</strong></span> 
     </span>
     <span class='ocr_line' id='line_1_15' title="bbox 192 2269 1604 2368; baseline 0 -22"><span class='ocrx_word' id='word_1_128' title='bbox 192 2270 319 2346; x_wconf 87' lang='lat' dir='ltr'><strong>militer</strong></span> <span class='ocrx_word' id='word_1_129' title='bbox 338 2281 373 2343; x_wconf 93' lang='lat' dir='ltr'><strong>et</strong></span> <span class='ocrx_word' id='word_1_130' title='bbox 392 2271 535 2343; x_wconf 90' lang='lat' dir='ltr'><strong>tercium</strong></span> <span class='ocrx_word' id='word_1_131' title='bbox 564 2269 657 2344; x_wconf 88' lang='lat' dir='ltr'><strong>leodi</strong></span> <span class='ocrx_word' id='word_1_132' title='bbox 680 2269 725 2345; x_wconf 98' lang='grc'><strong>(16</strong></span> <span class='ocrx_word' id='word_1_133' title='bbox 750 2272 875 2344; x_wconf 89' lang='lat' dir='ltr'><strong>Sancto</strong></span> <span class='ocrx_word' id='word_1_134' title='bbox 896 2272 1059 2368; x_wconf 55' lang='lat' dir='ltr'><strong>Georgia</strong></span> <span class='ocrx_word' id='word_1_135' title='bbox 1078 2274 1178 2365; x_wconf 88' lang='lat' dir='ltr'><strong>cujus</strong></span> <span class='ocrx_word' id='word_1_136' title='bbox 1195 2272 1405 2368; x_wconf 86' lang='lat' dir='ltr'><strong>pertinencia</strong></span> <span class='ocrx_word' id='word_1_137' title='bbox 1424 2281 1459 2346; x_wconf 91' lang='lat' dir='ltr'><strong>et</strong></span> <span class='ocrx_word' id='word_1_138' title='bbox 1479 2273 1604 2346; x_wconf 79' lang='lat' dir='ltr'><strong>casalia</strong></span> 
     </span>
     <span class='ocr_line' id='line_1_16' title="bbox 191 2395 1607 2491; baseline -0.001 -20"><span class='ocrx_word' id='word_1_139' title='bbox 191 2403 273 2471; x_wconf 88' lang='lat' dir='ltr'><strong>suut</strong></span> <span class='ocrx_word' id='word_1_140' title='bbox 298 2395 437 2488; x_wconf 82' lang='lat' dir='ltr'><strong>Archet,</strong></span> <span class='ocrx_word' id='word_1_141' title='bbox 456 2396 583 2487; x_wconf 87' lang='lat' dir='ltr'><strong>Yanot,</strong></span> <span class='ocrx_word' id='word_1_142' title='bbox 603 2395 726 2486; x_wconf 83' lang='lat' dir='ltr'><strong>Gabra,</strong></span> <span class='ocrx_word' id='word_1_143' title='bbox 747 2397 886 2489; x_wconf 83' lang='lat' dir='ltr'><strong>Mehlie,</strong></span> <span class='ocrx_word' id='word_1_144' title='bbox 907 2396 1046 2491; x_wconf 91' lang='lat' dir='ltr'><strong>Saphet,</strong></span> <span class='ocrx_word' id='word_1_145' title='bbox 1070 2399 1263 2484; x_wconf 82' lang='lat' dir='ltr'><strong>lamszera,</strong></span> <span class='ocrx_word' id='word_1_146' title='bbox 1291 2397 1460 2489; x_wconf 82' lang='lat' dir='ltr'><strong>Kemelie,</strong></span> <span class='ocrx_word' id='word_1_147' title='bbox 1481 2407 1516 2469; x_wconf 90' lang='lat' dir='ltr'><strong>et</strong></span> <span class='ocrx_word' id='word_1_148' title='bbox 1533 2409 1607 2470; x_wconf 89' lang='lat' dir='ltr'><strong>ter-</strong></span> 
     </span>
     <span class='ocr_line' id='line_1_17' title="bbox 192 2519 1606 2618; baseline 0.001 -22"><span class='ocrx_word' id='word_1_149' title='bbox 192 2521 285 2596; x_wconf 90' lang='lat' dir='ltr'><strong>cium</strong></span> <span class='ocrx_word' id='word_1_150' title='bbox 304 2521 428 2594; x_wconf 89' lang='lat' dir='ltr'><strong>casalis</strong></span> <span class='ocrx_word' id='word_1_151' title='bbox 450 2519 495 2594; x_wconf 90' lang='lat' dir='ltr'><strong>de</strong></span> <span class='ocrx_word' id='word_1_152' title='bbox 509 2520 640 2596; x_wconf 86' lang='lat' dir='ltr'><strong>Bouth</strong></span> <span class='ocrx_word' id='word_1_153' title='bbox 658 2544 739 2594; x_wconf 89' lang='lat' dir='ltr'><strong>cum</strong></span> <span class='ocrx_word' id='word_1_154' title='bbox 761 2521 977 2618; x_wconf 79' lang='lat' dir='ltr'><strong>pertinentiis</strong></span> <span class='ocrx_word' id='word_1_155' title='bbox 1000 2521 1175 2614; x_wconf 87' lang='lat' dir='ltr'><strong>ejusdem,</strong></span> <span class='ocrx_word' id='word_1_156' title='bbox 1196 2531 1232 2595; x_wconf 91' lang='lat' dir='ltr'><strong>et</strong></span> <span class='ocrx_word' id='word_1_157' title='bbox 1253 2523 1397 2596; x_wconf 88' lang='lat' dir='ltr'><strong>tercium</strong></span> <span class='ocrx_word' id='word_1_158' title='bbox 1417 2521 1463 2596; x_wconf 91' lang='lat' dir='ltr'><strong>de</strong></span> <span class='ocrx_word' id='word_1_159' title='bbox 1484 2525 1606 2599; x_wconf 85' lang='lat' dir='ltr'><strong>assisia</strong></span> 
     </span>
     <span class='ocr_line' id='line_1_18' title="bbox 190 2644 1605 2740; baseline 0.003 -22"><span class='ocrx_word' id='word_1_160' title='bbox 190 2667 261 2740; x_wconf 91' lang='lat' dir='ltr'><strong>que</strong></span> <span class='ocrx_word' id='word_1_161' title='bbox 275 2653 327 2718; x_wconf 88' lang='lat' dir='ltr'><strong>est</strong></span> <span class='ocrx_word' id='word_1_162' title='bbox 345 2644 391 2718; x_wconf 91' lang='lat' dir='ltr'><strong>de</strong></span> <span class='ocrx_word' id='word_1_163' title='bbox 406 2645 472 2718; x_wconf 90' lang='lat' dir='ltr'><strong>hoc</strong></span> <span class='ocrx_word' id='word_1_164' title='bbox 490 2645 613 2718; x_wconf 90' lang='lat' dir='ltr'><strong>eodem</strong></span> <span class='ocrx_word' id='word_1_165' title='bbox 630 2645 753 2736; x_wconf 83' lang='lat' dir='ltr'><strong>feodo,</strong></span> <span class='ocrx_word' id='word_1_166' title='bbox 772 2647 902 2720; x_wconf 88' lang='lat' dir='ltr'><strong>scilicet</strong></span> <span class='ocrx_word' id='word_1_167' title='bbox 920 2648 1065 2720; x_wconf 89' lang='lat' dir='ltr'><strong>tercium</strong></span> <span class='ocrx_word' id='word_1_168' title='bbox 1088 2647 1364 2740; x_wconf 82' lang='lat' dir='ltr'><strong>octingentorum</strong></span> <span class='ocrx_word' id='word_1_169' title='bbox 1380 2647 1605 2722; x_wconf 81' lang='lat' dir='ltr'><strong>bisantiorum</strong></span> 
     </span>
     <span class='ocr_line' id='line_1_19' title="bbox 191 2770 1607 2865; baseline 0.002 -19"><span class='ocrx_word' id='word_1_170' title='bbox 191 2771 444 2865; x_wconf 79' lang='lat' dir='ltr'><strong>assignatorum</strong></span> <span class='ocrx_word' id='word_1_171' title='bbox 464 2770 512 2844; x_wconf 90' lang='lat' dir='ltr'><strong>ad</strong></span> <span class='ocrx_word' id='word_1_172' title='bbox 530 2771 711 2844; x_wconf 88' lang='lat' dir='ltr'><strong>cathenam</strong></span> <span class='ocrx_word' id='word_1_173' title='bbox 734 2770 865 2864; x_wconf 82' lang='lat' dir='ltr'><strong>Ancon,</strong></span> <span class='ocrx_word' id='word_1_174' title='bbox 890 2773 991 2864; x_wconf 88' lang='lat' dir='ltr'><strong>cujus</strong></span> <span class='ocrx_word' id='word_1_175' title='bbox 1008 2773 1103 2846; x_wconf 90' lang='lat' dir='ltr'><strong>tercii</strong></span> <span class='ocrx_word' id='word_1_176' title='bbox 1121 2795 1258 2846; x_wconf 89' lang='lat' dir='ltr'><strong>summa</strong></span> <span class='ocrx_word' id='word_1_177' title='bbox 1270 2783 1323 2846; x_wconf 86' lang='lat' dir='ltr'><strong>est</strong></span> <span class='ocrx_word' id='word_1_178' title='bbox 1339 2773 1477 2846; x_wconf 90' lang='lat' dir='ltr'><strong>ducenti</strong></span> <span class='ocrx_word' id='word_1_179' title='bbox 1496 2798 1607 2849; x_wconf 85' lang='lat' dir='ltr'><strong>sexa-</strong></span> 
     </span>
     <span class='ocr_line' id='line_1_20' title="bbox 192 2895 1606 2996; baseline 0.003 -27"><span class='ocrx_word' id='word_1_180' title='bbox 192 2896 288 2990; x_wconf 77' lang='lat' dir='ltr'><strong>ginta</strong></span> <span class='ocrx_word' id='word_1_181' title='bbox 304 2905 435 2993; x_wconf 89' lang='lat' dir='ltr'><strong>septem</strong></span> <span class='ocrx_word' id='word_1_182' title='bbox 451 2895 597 2970; x_wconf 89' lang='lat' dir='ltr'><strong>bisancii</strong></span> <span class='ocrx_word' id='word_1_183' title='bbox 612 2897 729 2970; x_wconf 88' lang='lat' dir='ltr'><strong>minus</strong></span> <span class='ocrx_word' id='word_1_184' title='bbox 753 2897 879 2987; x_wconf 86' lang='lat' dir='ltr'><strong>tercia,</strong></span> <span class='ocrx_word' id='word_1_185' title='bbox 902 2918 991 2992; x_wconf 89' lang='lat' dir='ltr'><strong>quos</strong></span> <span class='ocrx_word' id='word_1_186' title='bbox 1017 2897 1140 2994; x_wconf 82' lang='lat' dir='ltr'><strong>prelati</strong></span> <span class='ocrx_word' id='word_1_187' title='bbox 1157 2898 1312 2992; x_wconf 82' lang='lat' dir='ltr'><strong>magistri</strong></span> <span class='ocrx_word' id='word_1_188' title='bbox 1326 2907 1362 2972; x_wconf 89' lang='lat' dir='ltr'><strong>et</strong></span> <span class='ocrx_word' id='word_1_189' title='bbox 1377 2901 1498 2972; x_wconf 82' lang='lat' dir='ltr'><strong>tratres</strong></span> <span class='ocrx_word' id='word_1_190' title='bbox 1522 2923 1606 2996; x_wconf 86' lang='lat' dir='ltr'><strong>pre-</strong></span> 
     </span>
     <span class='ocr_line' id='line_1_21' title="bbox 192 3021 1608 3119; baseline 0.001 -23"><span class='ocrx_word' id='word_1_191' title='bbox 192 3021 286 3096; x_wconf 91' lang='lat' dir='ltr'><strong>dicto</strong></span> <span class='ocrx_word' id='word_1_192' title='bbox 301 3021 424 3094; x_wconf 87' lang='lat' dir='ltr'><strong>illustri</strong></span> <span class='ocrx_word' id='word_1_193' title='bbox 438 3023 512 3116; x_wconf 75' lang='lat' dir='ltr'><strong>regi</strong></span> <span class='ocrx_word' id='word_1_194' title='bbox 525 3021 673 3096; x_wconf 87' lang='lat' dir='ltr'><strong>Johuuni</strong></span> <span class='ocrx_word' id='word_1_195' title='bbox 690 3031 725 3096; x_wconf 92' lang='lat' dir='ltr'><strong>et</strong></span> <span class='ocrx_word' id='word_1_196' title='bbox 735 3021 810 3095; x_wconf 88' lang='lat' dir='ltr'><strong>suis</strong></span> <span class='ocrx_word' id='word_1_197' title='bbox 826 3022 1084 3096; x_wconf 83' lang='lat' dir='ltr'><strong>successorihus</strong></span> <span class='ocrx_word' id='word_1_198' title='bbox 1096 3023 1131 3094; x_wconf 94' lang='lat' dir='ltr'><strong>in</strong></span> <span class='ocrx_word' id='word_1_199' title='bbox 1151 3031 1357 3118; x_wconf 89' lang='lat' dir='ltr'><strong>perpetuum</strong></span> <span class='ocrx_word' id='word_1_200' title='bbox 1370 3025 1608 3119; x_wconf 90' lang='lat' dir='ltr'><strong>quittaverunt</strong></span> 
     </span>
     <span class='ocr_line' id='line_1_22' title="bbox 191 3147 1606 3225; baseline 0.004 -5"><span class='ocrx_word' id='word_1_201' title='bbox 191 3156 226 3220; x_wconf 92' lang='lat' dir='ltr'><strong>et</strong></span> <span class='ocrx_word' id='word_1_202' title='bbox 241 3147 445 3220; x_wconf 88' lang='lat' dir='ltr'><strong>remiserunt</strong></span> <span class='ocrx_word' id='word_1_203' title='bbox 462 3169 533 3220; x_wconf 91' lang='lat' dir='ltr'><strong>una</strong></span> <span class='ocrx_word' id='word_1_204' title='bbox 549 3168 630 3219; x_wconf 89' lang='lat' dir='ltr'><strong>cum</strong></span> <span class='ocrx_word' id='word_1_205' title='bbox 650 3147 772 3220; x_wconf 87' lang='lat' dir='ltr'><strong>assisia</strong></span> <span class='ocrx_word' id='word_1_206' title='bbox 788 3147 938 3222; x_wconf 92' lang='lat' dir='ltr'><strong>duorum</strong></span> <span class='ocrx_word' id='word_1_207' title='bbox 957 3147 1092 3220; x_wconf 93' lang='lat' dir='ltr'><strong>milium</strong></span> <span class='ocrx_word' id='word_1_208' title='bbox 1110 3147 1343 3221; x_wconf 88' lang='lat' dir='ltr'><strong>bisanciorum</strong></span> <span class='ocrx_word' id='word_1_209' title='bbox 1361 3147 1408 3222; x_wconf 92' lang='lat' dir='ltr'><strong>ad</strong></span> <span class='ocrx_word' id='word_1_210' title='bbox 1426 3151 1606 3225; x_wconf 85' lang='lat' dir='ltr'><strong>cathenam</strong></span> 
     </span>
     <span class='ocr_line' id='line_1_23' title="bbox 190 3272 1608 3370; baseline 0.004 -24"><span class='ocrx_word' id='word_1_211' title='bbox 190 3272 307 3347; x_wconf 80' lang='lat' dir='ltr'><strong>Accon</strong></span> <span class='ocrx_word' id='word_1_212' title='bbox 334 3274 490 3347; x_wconf 91' lang='lat' dir='ltr'><strong>similiter</strong></span> <span class='ocrx_word' id='word_1_213' title='bbox 514 3275 786 3370; x_wconf 78' lang='lat' dir='ltr'><strong>assignatorum,</strong></span> <span class='ocrx_word' id='word_1_214' title='bbox 811 3296 917 3370; x_wconf 90' lang='lat' dir='ltr'><strong>quam</strong></span> <span class='ocrx_word' id='word_1_215' title='bbox 941 3274 1098 3349; x_wconf 87' lang='lat' dir='ltr'><strong>assisiam</strong></span> <span class='ocrx_word' id='word_1_216' title='bbox 1120 3276 1285 3348; x_wconf 90' lang='lat' dir='ltr'><strong>nominati</strong></span> <span class='ocrx_word' id='word_1_217' title='bbox 1306 3297 1438 3366; x_wconf 88' lang='lat' dir='ltr'><strong>comes,</strong></span> <span class='ocrx_word' id='word_1_218' title='bbox 1465 3298 1555 3350; x_wconf 88' lang='lat' dir='ltr'><strong>uxor</strong></span> <span class='ocrx_word' id='word_1_219' title='bbox 1572 3289 1608 3352; x_wconf 90' lang='lat' dir='ltr'><strong>et</strong></span> 
     </span>
     <span class='ocr_line' id='line_1_24' title="bbox 192 3396 1606 3474; baseline 0.003 -4"><span class='ocrx_word' id='word_1_220' title='bbox 192 3396 285 3472; x_wconf 87' lang='lat' dir='ltr'><strong>lilius</strong></span> <span class='ocrx_word' id='word_1_221' title='bbox 317 3398 553 3474; x_wconf 88' lang='lat' dir='ltr'><strong>vendiderunt</strong></span> <span class='ocrx_word' id='word_1_222' title='bbox 584 3398 731 3474; x_wconf 89' lang='lat' dir='ltr'><strong>eisdem.</strong></span> <span class='ocrx_word' id='word_1_223' title='bbox 765 3400 850 3473; x_wconf 90' lang='lat' dir='ltr'><strong>ltem</strong></span> <span class='ocrx_word' id='word_1_224' title='bbox 885 3399 1109 3473; x_wconf 88' lang='lat' dir='ltr'><strong>concedimus</strong></span> <span class='ocrx_word' id='word_1_225' title='bbox 1145 3410 1181 3472; x_wconf 88' lang='lat' dir='ltr'><strong>et</strong></span> <span class='ocrx_word' id='word_1_226' title='bbox 1215 3399 1458 3473; x_wconf 87' lang='lat' dir='ltr'><strong>confirmamus</strong></span> <span class='ocrx_word' id='word_1_227' title='bbox 1490 3401 1606 3474; x_wconf 90' lang='lat' dir='ltr'><strong>eidem</strong></span> 
     </span>
     <span class='ocr_line' id='line_1_25' title="bbox 191 3524 1607 3622; baseline 0.001 -24"><span class='ocrx_word' id='word_1_228' title='bbox 191 3524 313 3598; x_wconf 91' lang='lat' dir='ltr'><strong>domui</strong></span> <span class='ocrx_word' id='word_1_229' title='bbox 327 3527 451 3599; x_wconf 89' lang='lat' dir='ltr'><strong>Sancte</strong></span> <span class='ocrx_word' id='word_1_230' title='bbox 468 3526 577 3599; x_wconf 89' lang='lat' dir='ltr'><strong>hlarie</strong></span> <span class='ocrx_word' id='word_1_231' title='bbox 592 3525 771 3622; x_wconf 87' lang='lat' dir='ltr'><strong>quandum</strong></span> <span class='ocrx_word' id='word_1_232' title='bbox 790 3526 933 3601; x_wconf 89' lang='lat' dir='ltr'><strong>domum</strong></span> <span class='ocrx_word' id='word_1_233' title='bbox 954 3527 991 3598; x_wconf 92' lang='lat' dir='ltr'><strong>iu</strong></span> <span class='ocrx_word' id='word_1_234' title='bbox 1008 3525 1148 3599; x_wconf 81' lang='lat' dir='ltr'><strong>Acohon</strong></span> <span class='ocrx_word' id='word_1_235' title='bbox 1162 3548 1233 3620; x_wconf 91' lang='lat' dir='ltr'><strong>que</strong></span> <span class='ocrx_word' id='word_1_236' title='bbox 1251 3524 1317 3598; x_wconf 86' lang='lat' dir='ltr'><strong>luit</strong></span> <span class='ocrx_word' id='word_1_237' title='bbox 1336 3525 1470 3598; x_wconf 92' lang='lat' dir='ltr'><strong>comitis</strong></span> <span class='ocrx_word' id='word_1_238' title='bbox 1483 3527 1607 3600; x_wconf 87' lang='lat' dir='ltr'><strong>Jozoe-</strong></span> 
     </span>
     <span class='ocr_line' id='line_1_26' title="bbox 191 3649 1604 3746; baseline 0.004 -25"><span class='ocrx_word' id='word_1_239' title='bbox 191 3649 272 3741; x_wconf 91' lang='lat' dir='ltr'><strong>lini,</strong></span> <span class='ocrx_word' id='word_1_240' title='bbox 294 3651 384 3722; x_wconf 88' lang='lat' dir='ltr'><strong>sicut</strong></span> <span class='ocrx_word' id='word_1_241' title='bbox 405 3650 440 3721; x_wconf 95' lang='lat' dir='ltr'><strong>in</strong></span> <span class='ocrx_word' id='word_1_242' title='bbox 463 3650 639 3724; x_wconf 90' lang='lat' dir='ltr'><strong>autentico</strong></span> <span class='ocrx_word' id='word_1_243' title='bbox 663 3650 791 3746; x_wconf 90' lang='lat' dir='ltr'><strong>scripto</strong></span> <span class='ocrx_word' id='word_1_244' title='bbox 812 3650 1025 3724; x_wconf 88' lang='lat' dir='ltr'><strong>venditionis</strong></span> <span class='ocrx_word' id='word_1_245' title='bbox 1045 3649 1278 3746; x_wconf 88' lang='lat' dir='ltr'><strong>predictorum</strong></span> <span class='ocrx_word' id='word_1_246' title='bbox 1301 3650 1434 3723; x_wconf 88' lang='lat' dir='ltr'><strong>comitis</strong></span> <span class='ocrx_word' id='word_1_247' title='bbox 1454 3652 1604 3742; x_wconf 87' lang='lat' dir='ltr'><strong>Ottonis,</strong></span> 
     </span>
     <span class='ocr_line' id='line_1_27' title="bbox 191 3773 1608 3872; baseline 0.001 -24"><span class='ocrx_word' id='word_1_248' title='bbox 191 3775 312 3848; x_wconf 84' lang='lat' dir='ltr'><strong>uxoris</strong></span> <span class='ocrx_word' id='word_1_249' title='bbox 329 3785 363 3848; x_wconf 89' lang='lat' dir='ltr'><strong>et</strong></span> <span class='ocrx_word' id='word_1_250' title='bbox 379 3774 441 3848; x_wconf 88' lang='lat' dir='ltr'><strong>lilii</strong></span> <span class='ocrx_word' id='word_1_251' title='bbox 457 3797 522 3850; x_wconf 91' lang='lat' dir='ltr'><strong>nec</strong></span> <span class='ocrx_word' id='word_1_252' title='bbox 539 3797 607 3848; x_wconf 92' lang='lat' dir='ltr'><strong>non</strong></span> <span class='ocrx_word' id='word_1_253' title='bbox 626 3777 663 3849; x_wconf 95' lang='lat' dir='ltr'><strong>in</strong></span> <span class='ocrx_word' id='word_1_254' title='bbox 680 3775 866 3872; x_wconf 77' lang='lat' dir='ltr'><strong>privilegio</strong></span> <span class='ocrx_word' id='word_1_255' title='bbox 881 3775 1062 3848; x_wconf 87' lang='lat' dir='ltr'><strong>memorati</strong></span> <span class='ocrx_word' id='word_1_256' title='bbox 1080 3775 1174 3866; x_wconf 77' lang='lat' dir='ltr'><strong>rogis</strong></span> <span class='ocrx_word' id='word_1_257' title='bbox 1190 3773 1304 3848; x_wconf 90' lang='lat' dir='ltr'><strong>eidem</strong></span> <span class='ocrx_word' id='word_1_258' title='bbox 1326 3773 1446 3847; x_wconf 93' lang='lat' dir='ltr'><strong>domui</strong></span> <span class='ocrx_word' id='word_1_259' title='bbox 1464 3775 1608 3850; x_wconf 88' lang='lat' dir='ltr'><strong>indultis</strong></span> 
     </span>
     <span class='ocr_line' id='line_1_28' title="bbox 192 3897 1607 3997; baseline -0.001 -23"><span class='ocrx_word' id='word_1_260' title='bbox 192 3899 238 3974; x_wconf 89' lang='lat' dir='ltr'><strong>de</strong></span> <span class='ocrx_word' id='word_1_261' title='bbox 266 3900 371 3974; x_wconf 93' lang='lat' dir='ltr'><strong>domo</strong></span> <span class='ocrx_word' id='word_1_262' title='bbox 390 3902 466 3997; x_wconf 89' lang='lat' dir='ltr'><strong>ipsu</strong></span> <span class='ocrx_word' id='word_1_263' title='bbox 493 3901 708 3974; x_wconf 80' lang='lat' dir='ltr'><strong>manifestius</strong></span> <span class='ocrx_word' id='word_1_264' title='bbox 730 3900 935 3973; x_wconf 89' lang='lat' dir='ltr'><strong>continetur.</strong></span> <span class='ocrx_word' id='word_1_265' title='bbox 961 3899 1068 3992; x_wconf 88' lang='lat' dir='ltr'><strong>Cujus</strong></span> <span class='ocrx_word' id='word_1_266' title='bbox 1094 3897 1220 3973; x_wconf 88' lang='lat' dir='ltr'><strong>domus</strong></span> <span class='ocrx_word' id='word_1_267' title='bbox 1242 3899 1330 3971; x_wconf 87' lang='lat' dir='ltr'><strong>situs</strong></span> <span class='ocrx_word' id='word_1_268' title='bbox 1354 3900 1433 3972; x_wconf 87' lang='lat' dir='ltr'><strong>talis</strong></span> <span class='ocrx_word' id='word_1_269' title='bbox 1452 3909 1505 3973; x_wconf 88' lang='lat' dir='ltr'><strong>est</strong></span> <span class='ocrx_word' id='word_1_270' title='bbox 1528 3927 1538 3970; x_wconf 78' lang='grc' dir='ltr'><strong><em>ε</em></strong></span> <span class='ocrx_word' id='word_1_271' title='bbox 1560 3902 1607 3973; x_wconf 91' lang='lat' dir='ltr'><strong>ab</strong></span> 
     </span>
     <span class='ocr_line' id='line_1_29' title="bbox 191 4023 1608 4121; baseline 0.002 -25"><span class='ocrx_word' id='word_1_272' title='bbox 191 4025 323 4098; x_wconf 90' lang='lat' dir='ltr'><strong>oriente</strong></span> <span class='ocrx_word' id='word_1_273' title='bbox 347 4024 451 4099; x_wconf 90' lang='lat' dir='ltr'><strong>hahet</strong></span> <span class='ocrx_word' id='word_1_274' title='bbox 471 4025 648 4121; x_wconf 89' lang='lat' dir='ltr'><strong>quandam</strong></span> <span class='ocrx_word' id='word_1_275' title='bbox 672 4025 835 4111; x_wconf 89' lang='lat' dir='ltr'><strong>ruellam;</strong></span> <span class='ocrx_word' id='word_1_276' title='bbox 857 4024 903 4098; x_wconf 90' lang='lat' dir='ltr'><strong>ab</strong></span> <span class='ocrx_word' id='word_1_277' title='bbox 926 4023 1106 4098; x_wconf 87' lang='lat' dir='ltr'><strong>occidente</strong></span> <span class='ocrx_word' id='word_1_278' title='bbox 1127 4024 1305 4119; x_wconf 89' lang='lat' dir='ltr'><strong>quandam</strong></span> <span class='ocrx_word' id='word_1_279' title='bbox 1331 4025 1524 4098; x_wconf 87' lang='lat' dir='ltr'><strong>clausuram</strong></span> <span class='ocrx_word' id='word_1_280' title='bbox 1543 4025 1608 4099; x_wconf 90' lang='lat' dir='ltr'><strong>do-</strong></span> 
     </span>
     <span class='ocr_line' id='line_1_30' title="bbox 190 4148 1607 4244; baseline 0.001 -22"><span class='ocrx_word' id='word_1_281' title='bbox 190 4169 326 4222; x_wconf 90' lang='lat' dir='ltr'><strong>morum</strong></span> <span class='ocrx_word' id='word_1_282' title='bbox 354 4172 425 4244; x_wconf 92' lang='lat' dir='ltr'><strong>que</strong></span> <span class='ocrx_word' id='word_1_283' title='bbox 446 4159 527 4224; x_wconf 86' lang='lat' dir='ltr'><strong>suut</strong></span> <span class='ocrx_word' id='word_1_284' title='bbox 550 4149 687 4222; x_wconf 89' lang='lat' dir='ltr'><strong>abbatis</strong></span> <span class='ocrx_word' id='word_1_285' title='bbox 713 4149 840 4222; x_wconf 89' lang='lat' dir='ltr'><strong>montis</strong></span> <span class='ocrx_word' id='word_1_286' title='bbox 859 4149 992 4239; x_wconf 81' lang='lat' dir='ltr'><strong>Tab0r3</strong></span> <span class='ocrx_word' id='word_1_287' title='bbox 1019 4148 1205 4222; x_wconf 89' lang='lat' dir='ltr'><strong>ameridie</strong></span> <span class='ocrx_word' id='word_1_288' title='bbox 1233 4158 1286 4222; x_wconf 91' lang='lat' dir='ltr'><strong>est</strong></span> <span class='ocrx_word' id='word_1_289' title='bbox 1311 4149 1369 4221; x_wconf 90' lang='lat' dir='ltr'><strong>via</strong></span> <span class='ocrx_word' id='word_1_290' title='bbox 1392 4149 1554 4244; x_wconf 83' lang='lat' dir='ltr'><strong>publica3</strong></span> <span class='ocrx_word' id='word_1_291' title='bbox 1585 4171 1607 4223; x_wconf 88' lang='lat' dir='ltr'><strong>a</strong></span> 
     </span>
     <span class='ocr_line' id='line_1_31' title="bbox 190 4272 1607 4370; baseline -0.001 -24"><span class='ocrx_word' id='word_1_292' title='bbox 190 4274 425 4370; x_wconf 84' lang='lat' dir='ltr'><strong>septentrione</strong></span> <span class='ocrx_word' id='word_1_293' title='bbox 445 4275 585 4348; x_wconf 89' lang='lat' dir='ltr'><strong>coheret</strong></span> <span class='ocrx_word' id='word_1_294' title='bbox 605 4273 726 4348; x_wconf 93' lang='lat' dir='ltr'><strong>domui</strong></span> <span class='ocrx_word' id='word_1_295' title='bbox 744 4273 896 4348; x_wconf 89' lang='lat' dir='ltr'><strong>Rohardi</strong></span> <span class='ocrx_word' id='word_1_296' title='bbox 914 4272 1046 4347; x_wconf 93' lang='lat' dir='ltr'><strong>domini</strong></span> <span class='ocrx_word' id='word_1_297' title='bbox 1064 4274 1240 4369; x_wconf 75' lang='lat' dir='ltr'><strong>Cayphas,</strong></span> <span class='ocrx_word' id='word_1_298' title='bbox 1265 4281 1369 4369; x_wconf 88' lang='lat' dir='ltr'><strong>prout</strong></span> <span class='ocrx_word' id='word_1_299' title='bbox 1390 4273 1427 4344; x_wconf 93' lang='lat' dir='ltr'><strong>in</strong></span> <span class='ocrx_word' id='word_1_300' title='bbox 1449 4273 1607 4365; x_wconf 86' lang='lat' dir='ltr'><strong>ejusdem</strong></span> 
     </span>
     <span class='ocr_line' id='line_1_32' title="bbox 191 4396 1606 4496; baseline -0.001 -23"><span class='ocrx_word' id='word_1_301' title='bbox 191 4399 400 4474; x_wconf 89' lang='lat' dir='ltr'><strong>venditionis</strong></span> <span class='ocrx_word' id='word_1_302' title='bbox 416 4399 541 4495; x_wconf 89' lang='lat' dir='ltr'><strong>scripto</strong></span> <span class='ocrx_word' id='word_1_303' title='bbox 552 4408 587 4473; x_wconf 90' lang='lat' dir='ltr'><strong>et</strong></span> <span class='ocrx_word' id='word_1_304' title='bbox 602 4399 785 4495; x_wconf 79' lang='lat' dir='ltr'><strong>privilegio</strong></span> <span class='ocrx_word' id='word_1_305' title='bbox 799 4399 910 4496; x_wconf 89' lang='lat' dir='ltr'><strong>ipsius</strong></span> <span class='ocrx_word' id='word_1_306' title='bbox 927 4398 1020 4492; x_wconf 77' lang='lat' dir='ltr'><strong>regis</strong></span> <span class='ocrx_word' id='word_1_307' title='bbox 1036 4396 1237 4493; x_wconf 77' lang='lat' dir='ltr'><strong>designatur</strong></span> <span class='ocrx_word' id='word_1_308' title='bbox 1249 4419 1427 4494; x_wconf 86' lang='lat' dir='ltr'><strong>expresse.</strong></span> <span class='ocrx_word' id='word_1_309' title='bbox 1442 4399 1485 4471; x_wconf 84' lang='lat' dir='ltr'><strong>Et</strong></span> <span class='ocrx_word' id='word_1_310' title='bbox 1497 4420 1606 4494; x_wconf 93' lang='lat' dir='ltr'><strong>quum</strong></span> 
     </span>
     <span class='ocr_line' id='line_1_33' title="bbox 191 4523 1609 4620; baseline 0 -23"><span class='ocrx_word' id='word_1_311' title='bbox 191 4525 398 4598; x_wconf 88' lang='lat' dir='ltr'><strong>remiserunt</strong></span> <span class='ocrx_word' id='word_1_312' title='bbox 420 4524 513 4599; x_wconf 90' lang='lat' dir='ltr'><strong>idem</strong></span> <span class='ocrx_word' id='word_1_313' title='bbox 537 4525 700 4619; x_wconf 78' lang='lat' dir='ltr'><strong>magister</strong></span> <span class='ocrx_word' id='word_1_314' title='bbox 724 4533 759 4597; x_wconf 92' lang='lat' dir='ltr'><strong>et</strong></span> <span class='ocrx_word' id='word_1_315' title='bbox 783 4525 905 4598; x_wconf 81' lang='lat' dir='ltr'><strong>iratres</strong></span> <span class='ocrx_word' id='word_1_316' title='bbox 931 4533 965 4597; x_wconf 85' lang='lat' dir='ltr'><strong>ct</strong></span> <span class='ocrx_word' id='word_1_317' title='bbox 986 4527 1225 4618; x_wconf 89' lang='lat' dir='ltr'><strong>quittaverunt</strong></span> <span class='ocrx_word' id='word_1_318' title='bbox 1248 4523 1342 4596; x_wconf 90' lang='lat' dir='ltr'><strong>dicto</strong></span> <span class='ocrx_word' id='word_1_319' title='bbox 1364 4525 1439 4616; x_wconf 80' lang='lat' dir='ltr'><strong>regi</strong></span> <span class='ocrx_word' id='word_1_320' title='bbox 1464 4525 1609 4620; x_wconf 87' lang='lat' dir='ltr'><strong>ejusque</strong></span> 
     </span>
     <span class='ocr_line' id='line_1_34' title="bbox 190 4647 1610 4746; baseline 0 -24"><span class='ocrx_word' id='word_1_321' title='bbox 190 4649 451 4724; x_wconf 86' lang='lat' dir='ltr'><strong>successorihus</strong></span> <span class='ocrx_word' id='word_1_322' title='bbox 479 4649 652 4746; x_wconf 85' lang='lat' dir='ltr'><strong>quicquid</strong></span> <span class='ocrx_word' id='word_1_323' title='bbox 679 4658 731 4722; x_wconf 89' lang='lat' dir='ltr'><strong>est</strong></span> <span class='ocrx_word' id='word_1_324' title='bbox 764 4648 811 4723; x_wconf 90' lang='lat' dir='ltr'><strong>ad</strong></span> <span class='ocrx_word' id='word_1_325' title='bbox 840 4669 984 4745; x_wconf 88' lang='lat' dir='ltr'><strong>presens</strong></span> <span class='ocrx_word' id='word_1_326' title='bbox 1010 4648 1047 4720; x_wconf 95' lang='lat' dir='ltr'><strong>iu</strong></span> <span class='ocrx_word' id='word_1_327' title='bbox 1073 4647 1236 4722; x_wconf 88' lang='lat' dir='ltr'><strong>manibus</strong></span> <span class='ocrx_word' id='word_1_328' title='bbox 1268 4649 1533 4722; x_wconf 90' lang='lat' dir='ltr'><strong>Sarracenorum</strong></span> <span class='ocrx_word' id='word_1_329' title='bbox 1565 4649 1610 4724; x_wconf 93' lang='lat' dir='ltr'><strong>de</strong></span> 
     </span>
    </p>
   </div>
   <div class='ocr_carea' id='block_1_3' title="bbox 0 0 2144 5876">
    <p class='ocr_par' dir='ltr' id='par_1_3' title="bbox 0 0 2144 5876">
     <span class='ocr_line' id='line_1_35' title="bbox 0 0 2144 5876; baseline 0 0"><span class='ocrx_word' id='word_1_330' title='bbox 0 0 2144 5876; x_wconf 95' lang='lat' dir='ltr'><strong> </strong></span> 
     </span>
    </p>
   </div>
  </div>
 </body>
</html>
