4292 5894
212 589 310 650 inter.
330 587 390 665 ll]
668 577 865 642 fltsrotttll
890 577 1183 644 mammertus
1568 575 1628 640 set

294 721 384 804 (Edit.
398 721 432 782 tn
444 717 578 780 Mecum.
587 716 679 792 Bote,
692 721 767 780 tom.
776 714 913 796 xmp
930 725 1000 793 114,
1010 729 1044 780 n·
1058 717 1189 794 bom,
1201 734 1240 784 en
1252 717 1388 796 crlglnalt
1400 717 1486 794 cutus
1496 713 1629 794 alglllum

334 845 403 892 cum
414 826 473 888 lltls
486 828 581 905 perlit.
595 858 637 872 -
648 825 846 888 Memoretum
857 830 957 886 eutem
970 840 990 887 a
1001 825 1168 902 Bauscuro,
1183 828 1215 890 ln
1228 820 1493 906 Μοπαειιήοὶορία,
1508 840 1540 902 p.
1557 829 1628 896 ²49,

332 936 406 998 edit.
424 931 526 1014 loen.)

262 1121 458 1198 Fridericus
474 1122 538 1197 Dei
562 1121 672 1215 gratia
693 1121 925 1198 Romanorum
944 1122 1141 1218 imperator,
1165 1141 1301 1217 semper
1318 1129 1490 1214 augustus
1511 1130 1546 1193 et
1567 1141 1631 1192 rex

214 1248 342 1322 Sicilie.
363 1248 427 1322 Per
445 1268 588 1344 presens
607 1247 773 1342 scriptum
799 1255 918 1319 notum
946 1247 1095 1320 facimus
1119 1247 1292 1320 universis
1318 1255 1389 1320 tam
1415 1247 1633 1342 presentibus

215 1395 320 1470 quem
337 1372 463 1446 suturis
478 1370 574 1466 quod
598 1393 663 1446 nos
686 1369 901 1446 attendentes
924 1371 1104 1445 honestam
1126 1372 1234 1445 vitam
1260 1381 1295 1445 et
1318 1371 1530 1446 laudabilem
1545 1391 1633 1445 con-

217 1499 446 1574 versationem
460 1497 669 1571 uenerabilis
685 1497 834 1588 abbatis,
856 1506 1049 1570 conventus
1065 1505 1101 1570 et
1119 1498 1316 1572 monasterii
1334 1497 1381 1572 de
1397 1496 1629 1590 Waltsahsen,

219 1625 332 1720 ipsum
347 1623 594 1698 monasterium
615 1643 696 1695 cum
714 1622 877 1695 omnibus
894 1623 995 1696 bouis
1015 1621 1090 1697 suis
1108 1623 1290 1698 stabilibus
1306 1633 1340 1696 et
1361 1623 1633 1720 mobilibusque

218 1773 311 1824 nunc
322 1751 414 1844 juste
427 1748 606 1847 possident
618 1758 652 1822 et
669 1749 705 1821 in
724 1757 914 1844 posterum,
934 1747 1040 1822 dante
1055 1749 1214 1841 Domino,
1225 1749 1329 1842 justis
1342 1749 1455 1823 modis
1472 1758 1634 1846 poterunt

217 1873 362 1970 adipisci
387 1873 455 1946 sub
471 1881 587 1945 nostra
601 1880 636 1945 et
656 1871 792 1967 imperii
818 1871 1028 1966 protectione
1051 1872 1279 1969 suscipimus,
1299 1881 1487 1948 statuentes
1503 1884 1539 1947 et
1560 1875 1633 1946 im-

217 1999 337 2097 periali
361 1999 476 2073 edicto
499 1995 642 2069 tirmiter
663 1995 858 2068 inhibentes
878 2005 918 2068 ut
940 1996 985 2068 de
1006 2006 1119 2070 cetero
1142 1998 1237 2071 nulla
1256 2020 1404 2095 persona
1426 2022 1552 2093 magna
1575 1999 1632 2072 vel

218 2147 345 2220 parva,
371 2121 602 2197 ecclesiastica
626 2122 683 2194 uel
708 2120 892 2205 secularis,
921 2130 1039 2194 contra
1064 2121 1170 2214 hujus
1190 2131 1306 2196 nostre
1325 2123 1545 2219 protectionis
1566 2147 1633 2220 pa-

218 2251 336 2347 ginam
355 2247 487 2322 dictum
512 2256 721 2321 conventum
743 2255 778 2320 et
797 2246 1043 2320 monasterium
1063 2257 1290 2322 memoratum
1308 2248 1346 2321 in
1364 2250 1481 2346 aliquo
1499 2253 1632 2324 moles-

218 2385 291 2448 tare
305 2373 435 2447 audeat
449 2372 508 2446 uel
520 2378 707 2468 presumat.
723 2369 942 2465 Quicumque
951 2379 1067 2443 autem
1080 2371 1147 2444 hoc
1157 2379 1360 2468 attemptare
1371 2377 1630 2472 presumpserit,

218 2501 305 2574 iram
322 2507 357 2572 et
371 2496 648 2592 indignationem
665 2503 818 2568 nostram
833 2517 871 2568 se
888 2496 1024 2569 noverit
1039 2496 1191 2590 graviter
1209 2497 1442 2571 incursurum.

266 2627 353 2697 Data
371 2623 501 2719 Cnpue,
522 2623 645 2713 [anuo]
668 2619 843 2694 dominice
861 2619 1107 2694 incarnationis
1126 2621 1307 2696 millesimo
1325 2623 1562 2700 ducentesimo
1576 2627 1635 2700 vi-

218 2751 347 2824 cesimo
363 2748 484 2838 tercio,
503 2746 662 2821 kalendis
675 2745 857 2836 lsbruarii,
878 2745 1069 2822 indictione
1084 2748 1145 2820 Xl.

451 3072 1416 3091 ffl-m—-n

273 3377 506 3488 fridericus,
526 3379 787 3466 Romanorum
810 3383 1036 3494 imperator,
1057 3389 1282 3471 sententiam
1301 3391 1340 3472 in
1359 3391 1465 3475 curia
1482 3417 1552 3476 sus
1568 3394 1637 3477 la-

219 3523 301 3594 tum
317 3513 488 3623 publicet
503 3515 609 3625 quod
624 3542 737 3600 nemo
751 3516 1002 3602 officiatorum
1016 3521 1098 3604 sine
1111 3549 1299 3608 consensu
1308 3525 1488 3637 principis
1498 3527 1640 3614 substi-

220 3655 327 3730 tuere
343 3649 464 3757 possit
480 3649 761 3734 subofficistum
777 3679 847 3736 nec
865 3653 1011 3764 aliquid
1026 3655 1203 3741 derebus
1220 3658 1402 3769 principis
1420 3661 1634 3773 disponere.

303 3889 430 3970 (Edtder.
446 3892 578 3969 Scusrn,
596 3893 708 3982 Oripia.
729 3894 834 3980 Geelfi,
851 3905 925 3960 tom.
940 3901 996 3972 ΙΙΙ,
1011 3919 1040 3978 p.
1056 3910 1113 3964 885
1122 3946 1132 3978 ,
1146 3921 1184 3965 ex
1198 3903 1352 3983 diplomat.
1367 3905 1500 3969 Hlldesb.
1512 3907 1638 3971 MSS.-

341 3999 442 4062 Prrurz
450 4043 460 4075 ,
474 3999 606 4064 Menum
619 4005 694 4066 Birt.
714 4006 825 4076 Gens,
839 4013 860 4068 t
877 4008 930 4084 IV,
945 4025 976 4087 p.
990 4009 1074 4086 ²49.)

269 4212 464 4290 Fridericus
481 4217 544 4292 Dei
559 4219 671 4310 gratia
688 4223 920 4296 Romanorum
945 4223 1146 4322 imperator,
1172 4249 1310 4326 semper
1332 4241 1504 4327 augustus
1520 4243 1555 4306 et
1575 4257 1639 4309 rex

221 4339 349 4432 Sicilie,
364 4342 538 4416 universis
551 4343 686 4442 imperii
703 4345 867 4422 fidelibus
876 4351 968 4440 hanc
979 4351 1142 4447 paginam
1158 4352 1364 4450 inspecturis
1379 4358 1524 4454 gratiam
1539 4383 1638 4436 suam

222 4473 256 4536 et
278 4485 381 4541 omne
407 4467 552 4542 bonum.
573 4470 783 4546 Constitutus
807 4473 844 4547 in
865 4475 1039 4572 presentia
1063 4487 1179 4552 nostra
1209 4479 1357 4556 dilectus
1381 4485 1483 4559 nobis
1504 4486 1640 4585 imperii

221 4590 383 4688 princeps
405 4592 568 4668 dominus
590 4595 768 4672 Corradus
786 4598 1079 4676 Hildensemensis
1096 4603 1281 4703 episcopus
1299 4611 1505 4684 sententium
1529 4613 1641 4710 impe-

119 4735 121 4738 ·
222 4714 317 4789 rialis
334 4718 430 4793 curie
443 4728 559 4795 nostre
574 4720 641 4795 sibi
657 4724 846 4818 postulavit
864 4725 955 4802 edici
973 4748 1080 4824 super
1101 4749 1144 4803 eo
1159 4730 1190 4803 si
1211 4731 1382 4807 officiatus
1400 4735 1527 4831 aliquis
1543 4737 1642 4833 prin-

267 4893 275 4908 .
323 4842 369 4905 11.
1447 4869 1484 4924 us
