4298 5898
221 567 319 629 lrnrcn
339 559 400 648 iit]
671 554 870 620 iiisvolsla
896 554 1189 619 niviotinvicli.
1575 559 1638 623 449

344 719 362 758 s
378 697 480 774 studil,
496 703 554 760 ote.
568 695 680 758 Datum
696 697 728 755 in
745 695 898 756 obsidione
909 693 1059 771 Neapolis.
1074 713 1092 752 n
1106 693 1162 754 iiic
1174 697 1275 754 tumen
1288 697 1356 771 post
1371 693 1558 756 collationan
1578 710 1634 756 oo-

344 805 446 868 dicum
459 807 596 866 amurute
609 801 719 864 iactam
734 801 832 862 denuo
845 799 971 872 odimus,
983 815 1022 860 ex
1035 800 1133 860 causis
1146 815 1222 876 quus
1234 815 1326 877 supra
1339 802 1562 878 expressimus.)

273 993 481 1084 fridericus,
500 999 584 1083 etc,
608 989 774 1084 magistro
790 989 890 1061 Petro
905 987 951 1060 de
967 987 1114 1060 Ysemia
1131 985 1201 1084 (a),
1221 995 1289 1060 etc.
1311 989 1433 1061 Noster
1457 988 1635 1078 instanter,

225 1139 331 1212 quem
345 1117 381 1188 in
398 1114 617 1189 subditorum
640 1135 776 1210 semper
794 1112 1027 1186 emolumenta
1047 1111 1247 1207 dirigimus,
1263 1111 1465 1187 sollicitetur
1479 1114 1636 1206 affectus,

226 1241 373 1337 qualiter
388 1240 487 1334 regni
510 1238 616 1313 nostri
632 1237 747 1312 Sicilie
769 1236 924 1333 preclara
940 1237 1128 1332 possessio,
1149 1236 1239 1310 sicut
1258 1259 1374 1309 rerum
1394 1237 1550 1312 ubertate
1567 1239 1641 1312 vic·

226 1364 373 1438 tuaiium
398 1363 445 1438 ad
470 1362 730 1460 dispositionem
755 1361 868 1434 divini
896 1361 1051 1433 numinis
1081 1371 1204 1434 natura
1229 1362 1422 1456 profluente
1448 1362 1637 1459 tripudiat,

227 1489 280 1563 sic
292 1488 339 1563 ad
358 1497 472 1563 nostre
489 1487 696 1584 provisionis
716 1485 871 1560 edictum
886 1484 1042 1559 virorum
1057 1485 1265 1580 perfectione
1283 1485 1483 1577 scientium,
1505 1489 1641 1560 fortune

228 1615 382 1706 favente,
415 1615 529 1688 valeat
559 1610 752 1686 fecundari.
778 1609 835 1684 Ad
864 1609 962 1706 quod
983 1611 1047 1684 etsi
1078 1611 1340 1708 progenitorum
1362 1622 1555 1685 nostmrum
1578 1634 1642 1686 nos

228 1737 452 1812 memoranda
484 1737 644 1833 prioritas
677 1735 801 1809 invitet
833 1735 1027 1831 exemplis,
1058 1734 1144 1808 dum
1177 1735 1393 1809 diversarum
1421 1736 1642 1811 scientiarum

229 1863 388 1938 doctores
405 1861 542 1937 dudum
562 1861 600 1933 in
618 1882 726 1956 regno
743 1859 975 1956 comperimus
996 1869 1032 1932 et
1049 1863 1176 1933 multos
1192 1861 1318 1933 artium
1343 1861 1538 1934 liberalium
1560 1885 1644 1934 mu-

230 1987 394 2060 nimentis
410 1995 592 2083 provectos
608 1986 654 2060 sd
671 1985 802 2076 ardua,
823 2006 912 2079 quos
934 1983 1051 2058 inusta
1070 1986 1204 2059 ruditas
1219 1984 1360 2058 honoris
1376 1994 1412 2058 et
1432 1985 1541 2082 glorie
1557 1985 1645 2059 red-

232 2110 378 2186 didisset
394 2110 570 2206 indignos,
586 2109 637 2184 sie
661 2131 724 2182 nos
740 2129 845 2205 super
865 2108 974 2182 biset
995 2109 1149 2205 priorum
1169 2119 1325 2206 tempora
1347 2111 1556 2184 reviviscere
1575 2132 1646 2184 vc-

231 2239 348 2309 lumus
369 2245 408 2309 ut
432 2257 502 2332 que
526 2257 590 2332 per
616 2235 798 2308 intervalla
822 2234 1037 2330 quantalibet
1062 2243 1227 2329 quassata
1251 2235 1428 2328 videntur,
1446 2237 1519 2328 jam
1545 2259 1647 2333 passa

233 2360 408 2436 desidiam
429 2361 496 2434 sub
510 2359 704 2454 juventutis
722 2369 838 2434 nostre
862 2359 1061 2456 primordiis
1079 2357 1124 2456 (b)
1143 2360 1301 2434 similitor
1319 2363 1549 2454 juvenescant
1573 2388 1582 2432 ε
1605 2383 1648 2436 ac

234 2485 322 2560 dum
342 2484 463 2560 fideles
487 2484 594 2559 nostri
617 2483 790 2579 regnicole
808 2491 964 2579 puratm
991 2483 1059 2556 sibi
1085 2506 1240 2558 mensam
1261 2484 1513 2582 propinationis
1528 2483 1573 2581 (c)
1593 2486 1648 2557 in-

234 2611 426 2707 spexerint,
445 2631 515 2683 non
533 2609 646 2682 solum
660 2629 917 2706 supervacuum
931 2608 1000 2681 sibi
1018 2618 1179 2704 reputent
1198 2609 1311 2682 aliena
1332 2609 1478 2705 proinde
1496 2610 1651 2704 flugitare

235 2735 412 2829 suffragia,
431 2734 494 2809 sed
507 2733 697 2829 gloriosum
711 2732 911 2807 existiment
928 2742 1112 2806 extraneos
1128 2734 1214 2807 alios
1227 2733 1273 2808 ad
1287 2734 1508 2829 gratitudinis
1521 2735 1652 2828 hujus-

235 2859 333 2934 modi
357 2859 576 2957 participium
602 2879 761 2932 evocare.
789 2859 946 2954 Cumque
969 2857 1147 2931 civitatem
1168 2858 1449 2955 Neapolitanam,
1472 2860 1652 2956 antiquam

237 2984 359 3079 utique
375 2991 519 3058 matrem
542 2992 577 3056 et
599 2981 743 3057 domum
766 2981 892 3073 studii,
912 2991 982 3055 tem
1006 2983 1139 3055 marine
1160 2981 1348 3056 vicinitatis
1368 2984 1529 3059 habilitas
1545 3007 1653 3080 quam

237 3117 372 3182 terrene
390 3106 573 3182 fertilitatis
588 3106 785 3179 fecunditas
801 3104 950 3179 reddant
966 3104 1097 3177 utiliter
1114 3115 1208 3179 tanto
1227 3108 1372 3202 negocio
1390 3117 1651 3205 congruentem,

238 3232 398 3326 generale
433 3231 589 3305 studium
616 3231 653 3303 in
684 3231 825 3305 civitate
857 3231 933 3327 ipsu
969 3228 1216 3304 mandavimus
1245 3234 1446 3325 reformari,
1477 3244 1515 3307 ut
1547 3257 1655 3331 quam

238 3357 356 3430 localis
377 3355 545 3430 amenitas
571 3354 789 3450 plenitudine
809 3377 928 3428 rerum
950 3354 1138 3450 gratificat,
1165 3355 1371 3430 docentibus
1399 3368 1434 3432 ct
1463 3358 1654 3433 addiscen-

241 3481 333 3554 tibus
360 3478 519 3576 undique
541 3481 684 3554 collecta
713 3479 941 3554 commoditas
967 3479 1094 3552 efficiat
1119 3481 1318 3575 gratiosam.
1345 3483 1393 3556 Te
1420 3483 1526 3577 igitur
1547 3505 1655 3578 quem

241 3605 384 3701 antique
402 3604 485 3680 fidei
501 3605 689 3703 prescripta
705 3605 896 3702 synceritss
911 3614 946 3677 et
966 3605 1107 3701 prestita
1123 3605 1258 3682 dudum
1276 3607 1384 3680 felicis
1407 3607 1653 3682 recordatiouis

242 3731 384 3806 domino
408 3731 497 3827 putri
522 3740 639 3805 nostro
666 3739 763 3826 gruta
786 3730 926 3804 servitiu
954 3729 1055 3802 nobis
1077 3730 1261 3804 efficaciter
1287 3732 1588 3822 recommendant,
1609 3731 1656 3807 de

241 3855 343 3946 cujus
361 3856 464 3929 etiem
482 3865 626 3951 experta
653 3855 812 3946 scientia,
840 3853 1010 3950 probitate
1038 3854 1174 3948 cognita
1201 3865 1237 3928 et
1261 3855 1419 3928 doctrina
1450 3858 1592 3952 probatu
1616 3856 1654 3928 in

242 3990 427 4076 conspeetu
450 3989 568 4053 nostro
585 3982 659 4074 iam
681 3979 811 4076 pluries
833 3979 1019 4052 multorum
1038 3980 1233 4054 testimonia
1254 3981 1472 4069 claruerunt,
1492 3981 1538 4054 ad
1559 3981 1654 4053 eele-

242 4104 376 4178 branda
395 4103 588 4178 communis
617 4102 725 4178 studii
751 4105 908 4198 ejusdem
937 4103 1060 4179 festiva
1084 4105 1238 4179 solennia
1262 4104 1413 4178 hilariter
1435 4103 1654 4200 providimus

285 4358 324 4441 (a)
334 4363 368 4424 ln
376 4359 956 4442 impressodefiybemiodieboenomlne
965 4365 1033 4427 vide
1042 4364 1442 4446 inimpmssmosftttim
1450 4381 1519 4427 cum
1526 4364 1650 4444 Origlin,

241 4468 328 4530 fetor.
343 4465 417 4528 dolio
428 4468 525 4530 stvdio
535 4467 568 4530 di
579 4468 698 4550 filopoli,
711 4476 736 4532 t.
751 4472 781 4546 l,
796 4488 827 4549 p.
843 4480 899 4552 ⁴8,
913 4469 948 4533 de
961 4473 1085 4534 ramea
1097 4489 1200 4536 veram
1214 4490 1279 4536 esse
1295 4473 1450 4536 lectionem
1463 4471 1652 4536 arbitremur.

285 4569 325 4652 (b)
346 4573 418 4635 vid.
432 4591 521 4653 supra
535 4593 566 4654 p.
582 4585 652 4652 4⁴8,
666 4582 730 4639 not.
746 4575 797 4657 (i).

287 4679 326 4762 (o)
345 4680 379 4742 ln
392 4684 535 4761 impresso
542 4685 764 4767 propositioma
779 4685 869 4750 mdo.

345 4788 388 4850 ii.
1480 4801 1517 4856 ti
