<?xml version="1.0" encoding="UTF-8"?>
<!DOCTYPE html PUBLIC "-//W3C//DTD XHTML 1.0 Transitional//EN"
    "http://www.w3.org/TR/xhtml1/DTD/xhtml1-transitional.dtd">
<html xmlns="http://www.w3.org/1999/xhtml" xml:lang="en" lang="en">
 <head>
  <title>
</title>
<meta http-equiv="Content-Type" content="text/html;charset=utf-8" />
  <meta name='ocr-system' content='tesseract 3.04.00' />
  <meta name='ocr-capabilities' content='ocr_page ocr_carea ocr_par ocr_line ocrx_word'/>
</head>
<body>
  <div class='ocr_page' id='page_1' title='image "./historiadiploma08fredgoog_0452.png"; bbox 0 0 4298 5898; ppageno 0'>
   <div class='ocr_carea' id='block_1_1' title="bbox 535 559 1950 652">
    <p class='ocr_par' dir='ltr' id='par_1_1' title="bbox 535 559 1950 652">
     <span class='ocr_line' id='line_1_1' title="bbox 535 559 1950 652; baseline 0.006 -28"><span class='ocrx_word' id='word_1_1' title='bbox 535 561 598 624; x_wconf 72' lang='grc'><strong>440</strong></span> <span class='ocrx_word' id='word_1_2' title='bbox 1036 561 1256 624; x_wconf 74' lang='lat' dir='ltr'>FRlDEthI</span> <span class='ocrx_word' id='word_1_3' title='bbox 1280 559 1457 624; x_wconf 74' lang='lat' dir='ltr'><strong>Ssscliidhi</strong></span> <span class='ocrx_word' id='word_1_4' title='bbox 1767 566 1844 652; x_wconf 77' lang='grc' dir='ltr'><strong>[Αιι</strong></span> <span class='ocrx_word' id='word_1_5' title='bbox 1861 571 1950 634; x_wconf 68' lang='lat'><strong>1224</strong></span> 
     </span>
    </p>
   </div>
   <div class='ocr_carea' id='block_1_2' title="bbox 479 698 1952 4289">
    <p class='ocr_par' dir='ltr' id='par_1_2' title="bbox 479 698 1952 4289">
     <span class='ocr_line' id='line_1_2' title="bbox 586 698 1952 794; baseline 0.007 -25"><span class='ocrx_word' id='word_1_6' title='bbox 586 698 742 793; x_wconf 83' lang='lat' dir='ltr'><strong>Sigillum</strong></span> <span class='ocrx_word' id='word_1_7' title='bbox 767 701 895 772; x_wconf 73' lang='lat' dir='ltr'><strong>iudum</strong></span> <span class='ocrx_word' id='word_1_8' title='bbox 920 723 943 774; x_wconf 89' lang='lat' dir='ltr'><strong>a</strong></span> <span class='ocrx_word' id='word_1_9' title='bbox 969 721 1027 773; x_wconf 93' lang='lat' dir='ltr'><strong>me</strong></span> <span class='ocrx_word' id='word_1_10' title='bbox 1056 700 1202 793; x_wconf 82' lang='lat' dir='ltr'><strong>lingerio</strong></span> <span class='ocrx_word' id='word_1_11' title='bbox 1227 719 1355 794; x_wconf 87' lang='lat' dir='ltr'><strong>magno</strong></span> <span class='ocrx_word' id='word_1_12' title='bbox 1382 701 1508 774; x_wconf 89' lang='lat' dir='ltr'><strong>comite</strong></span> <span class='ocrx_word' id='word_1_13' title='bbox 1534 702 1691 776; x_wconf 66' lang='lat' dir='ltr'><strong>&amp;labris</strong></span> <span class='ocrx_word' id='word_1_14' title='bbox 1716 713 1752 776; x_wconf 91' lang='lat' dir='ltr'><strong>et</strong></span> <span class='ocrx_word' id='word_1_15' title='bbox 1778 705 1894 778; x_wconf 88' lang='lat' dir='ltr'><strong>Siciiie</strong></span> <span class='ocrx_word' id='word_1_16' title='bbox 1917 717 1952 779; x_wconf 91' lang='lat' dir='ltr'><strong>et</strong></span> 
     </span>
     <span class='ocr_line' id='line_1_3' title="bbox 540 821 1951 917; baseline 0.004 -22"><span class='ocrx_word' id='word_1_17' title='bbox 540 821 661 895; x_wconf 78' lang='lat' dir='ltr'><strong>datum</strong></span> <span class='ocrx_word' id='word_1_18' title='bbox 686 823 749 895; x_wconf 92' lang='lat' dir='ltr'><strong>tihi</strong></span> <span class='ocrx_word' id='word_1_19' title='bbox 769 823 861 897; x_wconf 90' lang='lat' dir='ltr'><strong>abati</strong></span> <span class='ocrx_word' id='word_1_20' title='bbox 889 833 924 896; x_wconf 92' lang='lat' dir='ltr'><strong>et</strong></span> <span class='ocrx_word' id='word_1_21' title='bbox 947 823 1212 896; x_wconf 77' lang='lat' dir='ltr'><strong>archimandrite</strong></span> <span class='ocrx_word' id='word_1_22' title='bbox 1239 821 1392 917; x_wconf 92' lang='lat' dir='ltr'><strong>dompno</strong></span> <span class='ocrx_word' id='word_1_23' title='bbox 1419 824 1608 899; x_wconf 89' lang='lat' dir='ltr'><strong>Nicodemo</strong></span> <span class='ocrx_word' id='word_1_24' title='bbox 1630 835 1667 898; x_wconf 89' lang='lat' dir='ltr'><strong>et</strong></span> <span class='ocrx_word' id='word_1_25' title='bbox 1691 827 1853 900; x_wconf 83' lang='lat' dir='ltr'><strong>omnibus</strong></span> <span class='ocrx_word' id='word_1_26' title='bbox 1878 831 1951 902; x_wconf 82' lang='lat' dir='ltr'><strong>ira·</strong></span> 
     </span>
     <span class='ocr_line' id='line_1_4' title="bbox 538 947 1949 1026; baseline 0.006 -9"><span class='ocrx_word' id='word_1_27' title='bbox 538 947 649 1018; x_wconf 88' lang='lat' dir='ltr'><strong>tribus</strong></span> <span class='ocrx_word' id='word_1_28' title='bbox 669 949 960 1022; x_wconf 79' lang='lat' dir='ltr'><strong>commorantibus</strong></span> <span class='ocrx_word' id='word_1_29' title='bbox 981 949 1018 1020; x_wconf 93' lang='lat' dir='ltr'><strong>in</strong></span> <span class='ocrx_word' id='word_1_30' title='bbox 1042 947 1257 1021; x_wconf 85' lang='lat' dir='ltr'><strong>monasteriis</strong></span> <span class='ocrx_word' id='word_1_31' title='bbox 1277 950 1403 1021; x_wconf 88' lang='lat' dir='ltr'><strong>Sancte</strong></span> <span class='ocrx_word' id='word_1_32' title='bbox 1427 949 1534 1022; x_wconf 83' lang='lat' dir='ltr'><strong>hierie</strong></span> <span class='ocrx_word' id='word_1_33' title='bbox 1554 950 1601 1024; x_wconf 89' lang='lat' dir='ltr'><strong>de</strong></span> <span class='ocrx_word' id='word_1_34' title='bbox 1626 953 1762 1024; x_wconf 66' lang='lat' dir='ltr'><strong>Tc-rcto</strong></span> <span class='ocrx_word' id='word_1_35' title='bbox 1780 962 1815 1024; x_wconf 86' lang='lat' dir='ltr'><strong>et</strong></span> <span class='ocrx_word' id='word_1_36' title='bbox 1834 954 1949 1026; x_wconf 72' lang='lat' dir='ltr'><strong>Sancti</strong></span> 
     </span>
     <span class='ocr_line' id='line_1_5' title="bbox 538 1070 1949 1164; baseline 0.005 -21"><span class='ocrx_word' id='word_1_37' title='bbox 538 1070 666 1144; x_wconf 86' lang='lat' dir='ltr'><strong>Nicoiai</strong></span> <span class='ocrx_word' id='word_1_38' title='bbox 679 1070 725 1144; x_wconf 92' lang='lat' dir='ltr'><strong>dc</strong></span> <span class='ocrx_word' id='word_1_39' title='bbox 738 1073 933 1164; x_wconf 83' lang='lat' dir='ltr'><strong>Saiamicio,</strong></span> <span class='ocrx_word' id='word_1_40' title='bbox 950 1095 1068 1145; x_wconf 90' lang='lat' dir='ltr'><strong>mense</strong></span> <span class='ocrx_word' id='word_1_41' title='bbox 1085 1071 1206 1163; x_wconf 89' lang='lat' dir='ltr'><strong>madii,</strong></span> <span class='ocrx_word' id='word_1_42' title='bbox 1224 1072 1329 1144; x_wconf 88' lang='lat' dir='ltr'><strong>tercie</strong></span> <span class='ocrx_word' id='word_1_43' title='bbox 1344 1071 1478 1146; x_wconf 88' lang='lat' dir='ltr'><strong>decime</strong></span> <span class='ocrx_word' id='word_1_44' title='bbox 1490 1073 1700 1148; x_wconf 75' lang='lat' dir='ltr'><strong>indictionis.</strong></span> <span class='ocrx_word' id='word_1_45' title='bbox 1717 1077 1949 1158; x_wconf 85' lang='lat' dir='ltr'><strong>Nunctrans-</strong></span> 
     </span>
     <span class='ocr_line' id='line_1_6' title="bbox 537 1197 1946 1296; baseline 0.005 -29"><span class='ocrx_word' id='word_1_46' title='bbox 537 1197 688 1292; x_wconf 89' lang='lat' dir='ltr'><strong>positum</strong></span> <span class='ocrx_word' id='word_1_47' title='bbox 703 1197 739 1269; x_wconf 93' lang='lat' dir='ltr'><strong>in</strong></span> <span class='ocrx_word' id='word_1_48' title='bbox 756 1199 904 1292; x_wconf 77' lang='lat' dir='ltr'><strong>presenti</strong></span> <span class='ocrx_word' id='word_1_49' title='bbox 918 1199 1057 1294; x_wconf 80' lang='lat' dir='ltr'><strong>pagine,</strong></span> <span class='ocrx_word' id='word_1_50' title='bbox 1074 1219 1117 1270; x_wconf 92' lang='lat' dir='ltr'><strong>eo</strong></span> <span class='ocrx_word' id='word_1_51' title='bbox 1130 1197 1227 1292; x_wconf 88' lang='lat' dir='ltr'><strong>quod</strong></span> <span class='ocrx_word' id='word_1_52' title='bbox 1241 1197 1390 1292; x_wconf 89' lang='lat' dir='ltr'><strong>primum</strong></span> <span class='ocrx_word' id='word_1_53' title='bbox 1402 1199 1468 1270; x_wconf 85' lang='lat' dir='ltr'><strong>init</strong></span> <span class='ocrx_word' id='word_1_54' title='bbox 1483 1199 1519 1271; x_wconf 93' lang='lat' dir='ltr'><strong>in</strong></span> <span class='ocrx_word' id='word_1_55' title='bbox 1534 1197 1652 1272; x_wconf 88' lang='lat' dir='ltr'><strong>charta</strong></span> <span class='ocrx_word' id='word_1_56' title='bbox 1667 1201 1789 1296; x_wconf 79' lang='lat' dir='ltr'><strong>papiri,</strong></span> <span class='ocrx_word' id='word_1_57' title='bbox 1807 1203 1853 1276; x_wconf 86' lang='lat' dir='ltr'><strong>de</strong></span> <span class='ocrx_word' id='word_1_58' title='bbox 1863 1224 1946 1275; x_wconf 91' lang='lat' dir='ltr'><strong>con·</strong></span> 
     </span>
     <span class='ocr_line' id='line_1_7' title="bbox 537 1320 1947 1418; baseline 0.004 -24"><span class='ocrx_word' id='word_1_59' title='bbox 537 1322 693 1396; x_wconf 67' lang='lat' dir='ltr'><strong>cessione</strong></span> <span class='ocrx_word' id='word_1_60' title='bbox 707 1323 866 1396; x_wconf 90' lang='lat' dir='ltr'><strong>roborata</strong></span> <span class='ocrx_word' id='word_1_61' title='bbox 883 1323 950 1396; x_wconf 90' lang='lat' dir='ltr'><strong>mei</strong></span> <span class='ocrx_word' id='word_1_62' title='bbox 972 1323 1108 1418; x_wconf 81' lang='lat' dir='ltr'><strong>hogerii</strong></span> <span class='ocrx_word' id='word_1_63' title='bbox 1123 1321 1257 1394; x_wconf 83' lang='lat' dir='ltr'><strong>comitis</strong></span> <span class='ocrx_word' id='word_1_64' title='bbox 1278 1320 1339 1392; x_wconf 86' lang='lat' dir='ltr'><strong>filii</strong></span> <span class='ocrx_word' id='word_1_65' title='bbox 1363 1321 1506 1418; x_wconf 84' lang='lat' dir='ltr'><strong>predicti</strong></span> <span class='ocrx_word' id='word_1_66' title='bbox 1523 1327 1640 1418; x_wconf 88' lang='lat' dir='ltr'><strong>magni</strong></span> <span class='ocrx_word' id='word_1_67' title='bbox 1661 1325 1812 1416; x_wconf 86' lang='lat' dir='ltr'><strong>comitis,</strong></span> <span class='ocrx_word' id='word_1_68' title='bbox 1830 1348 1947 1400; x_wconf 86' lang='lat' dir='ltr'><strong>mense</strong></span> 
     </span>
     <span class='ocr_line' id='line_1_8' title="bbox 532 1445 1943 1540; baseline 0.004 -22"><span class='ocrx_word' id='word_1_69' title='bbox 532 1447 636 1540; x_wconf 91' lang='lat' dir='ltr'><strong>junii,</strong></span> <span class='ocrx_word' id='word_1_70' title='bbox 653 1456 775 1520; x_wconf 88' lang='lat' dir='ltr'><strong>octave</strong></span> <span class='ocrx_word' id='word_1_71' title='bbox 788 1446 999 1521; x_wconf 83' lang='lat' dir='ltr'><strong>indictionis.</strong></span> <span class='ocrx_word' id='word_1_72' title='bbox 1016 1446 1114 1519; x_wconf 81' lang='lat' dir='ltr'><strong>Divis</strong></span> <span class='ocrx_word' id='word_1_73' title='bbox 1126 1456 1162 1518; x_wconf 91' lang='lat' dir='ltr'><strong>et</strong></span> <span class='ocrx_word' id='word_1_74' title='bbox 1173 1445 1301 1519; x_wconf 86' lang='lat' dir='ltr'><strong>sanctie</strong></span> <span class='ocrx_word' id='word_1_75' title='bbox 1314 1447 1467 1520; x_wconf 81' lang='lat' dir='ltr'><strong>ecclesiis</strong></span> <span class='ocrx_word' id='word_1_76' title='bbox 1485 1469 1605 1520; x_wconf 85' lang='lat' dir='ltr'><strong>curum</strong></span> <span class='ocrx_word' id='word_1_77' title='bbox 1619 1447 1747 1522; x_wconf 85' lang='lat' dir='ltr'><strong>babere</strong></span> <span class='ocrx_word' id='word_1_78' title='bbox 1758 1460 1794 1522; x_wconf 88' lang='lat' dir='ltr'><strong>ct</strong></span> <span class='ocrx_word' id='word_1_79' title='bbox 1806 1473 1943 1524; x_wconf 90' lang='lat' dir='ltr'><strong>manum</strong></span> 
     </span>
     <span class='ocr_line' id='line_1_9' title="bbox 535 1569 1943 1668; baseline 0.003 -25"><span class='ocrx_word' id='word_1_80' title='bbox 535 1571 586 1643; x_wconf 88' lang='lat' dir='ltr'><strong>eis</strong></span> <span class='ocrx_word' id='word_1_81' title='bbox 613 1573 787 1667; x_wconf 78' lang='lat' dir='ltr'><strong>porrigere</strong></span> <span class='ocrx_word' id='word_1_82' title='bbox 812 1572 936 1643; x_wconf 83' lang='lat' dir='ltr'><strong>ccxiiii</strong></span> <span class='ocrx_word' id='word_1_83' title='bbox 960 1572 1107 1666; x_wconf 89' lang='lat' dir='ltr'><strong>dignum</strong></span> <span class='ocrx_word' id='word_1_84' title='bbox 1137 1579 1250 1642; x_wconf 89' lang='lat' dir='ltr'><strong>estet</strong></span> <span class='ocrx_word' id='word_1_85' title='bbox 1277 1569 1382 1643; x_wconf 86' lang='lat' dir='ltr'><strong>vaide</strong></span> <span class='ocrx_word' id='word_1_86' title='bbox 1406 1571 1538 1663; x_wconf 88' lang='lat' dir='ltr'><strong>justum</strong></span> <span class='ocrx_word' id='word_1_87' title='bbox 1564 1581 1601 1644; x_wconf 89' lang='lat' dir='ltr'><strong>et</strong></span> <span class='ocrx_word' id='word_1_88' title='bbox 1622 1573 1800 1646; x_wconf 87' lang='lat' dir='ltr'><strong>monachis</strong></span> <span class='ocrx_word' id='word_1_89' title='bbox 1820 1576 1882 1668; x_wconf 90' lang='lat' dir='ltr'><strong>qui</strong></span> <span class='ocrx_word' id='word_1_90' title='bbox 1908 1576 1943 1647; x_wconf 93' lang='lat' dir='ltr'><strong>in</strong></span> 
     </span>
     <span class='ocr_line' id='line_1_10' title="bbox 537 1693 1942 1771; baseline 0.002 -3"><span class='ocrx_word' id='word_1_91' title='bbox 537 1695 669 1769; x_wconf 90' lang='lat' dir='ltr'><strong>eisdem</strong></span> <span class='ocrx_word' id='word_1_92' title='bbox 697 1695 953 1769; x_wconf 87' lang='lat' dir='ltr'><strong>venerabilibus</strong></span> <span class='ocrx_word' id='word_1_93' title='bbox 979 1707 1015 1768; x_wconf 90' lang='lat' dir='ltr'><strong>et</strong></span> <span class='ocrx_word' id='word_1_94' title='bbox 1038 1695 1164 1768; x_wconf 88' lang='lat' dir='ltr'><strong>sanctis</strong></span> <span class='ocrx_word' id='word_1_95' title='bbox 1190 1693 1273 1766; x_wconf 83' lang='lat' dir='ltr'><strong>iocis</strong></span> <span class='ocrx_word' id='word_1_96' title='bbox 1300 1704 1335 1766; x_wconf 88' lang='lat' dir='ltr'><strong>et</strong></span> <span class='ocrx_word' id='word_1_97' title='bbox 1363 1693 1527 1768; x_wconf 83' lang='lat' dir='ltr'><strong>domibus</strong></span> <span class='ocrx_word' id='word_1_98' title='bbox 1558 1707 1813 1768; x_wconf 80' lang='lat' dir='ltr'><strong>commorantur</strong></span> <span class='ocrx_word' id='word_1_99' title='bbox 1835 1698 1942 1771; x_wconf 91' lang='lat' dir='ltr'><strong>bene-</strong></span> 
     </span>
     <span class='ocr_line' id='line_1_11' title="bbox 536 1818 1942 1914; baseline 0.002 -22"><span class='ocrx_word' id='word_1_100' title='bbox 536 1821 649 1892; x_wconf 84' lang='lat' dir='ltr'><strong>iuoere</strong></span> <span class='ocrx_word' id='word_1_101' title='bbox 671 1831 707 1893; x_wconf 91' lang='lat' dir='ltr'><strong>et</strong></span> <span class='ocrx_word' id='word_1_102' title='bbox 727 1841 958 1892; x_wconf 89' lang='lat' dir='ltr'><strong>remunerare.</strong></span> <span class='ocrx_word' id='word_1_103' title='bbox 982 1819 1196 1914; x_wconf 81' lang='lat' dir='ltr'><strong>Quapropter</strong></span> <span class='ocrx_word' id='word_1_104' title='bbox 1216 1830 1249 1891; x_wconf 91' lang='lat' dir='ltr'><strong>te</strong></span> <span class='ocrx_word' id='word_1_105' title='bbox 1266 1818 1459 1914; x_wconf 87' lang='lat' dir='ltr'><strong>predictum</strong></span> <span class='ocrx_word' id='word_1_106' title='bbox 1477 1841 1557 1891; x_wconf 90' lang='lat' dir='ltr'><strong>cum</strong></span> <span class='ocrx_word' id='word_1_107' title='bbox 1580 1819 1649 1891; x_wconf 93' lang='lat' dir='ltr'><strong>tuis</strong></span> <span class='ocrx_word' id='word_1_108' title='bbox 1667 1821 1829 1893; x_wconf 84' lang='lat' dir='ltr'><strong>iratribus</strong></span> <span class='ocrx_word' id='word_1_109' title='bbox 1846 1823 1942 1896; x_wconf 87' lang='lat' dir='ltr'><strong>inre-</strong></span> 
     </span>
     <span class='ocr_line' id='line_1_12' title="bbox 536 1942 1941 2041; baseline 0.004 -27"><span class='ocrx_word' id='word_1_110' title='bbox 536 1945 711 2018; x_wconf 88' lang='lat' dir='ltr'><strong>nientibus</strong></span> <span class='ocrx_word' id='word_1_111' title='bbox 726 1944 950 2040; x_wconf 81' lang='lat' dir='ltr'><strong>disponentes</strong></span> <span class='ocrx_word' id='word_1_112' title='bbox 963 1945 1209 2017; x_wconf 90' lang='lat' dir='ltr'><strong>monachorum</strong></span> <span class='ocrx_word' id='word_1_113' title='bbox 1223 1943 1381 2016; x_wconf 85' lang='lat' dir='ltr'><strong>ordinem</strong></span> <span class='ocrx_word' id='word_1_114' title='bbox 1390 1942 1441 2040; x_wconf 89' lang='lat' dir='ltr'><strong>(n)</strong></span> <span class='ocrx_word' id='word_1_115' title='bbox 1450 1945 1514 2016; x_wconf 84' lang='lat' dir='ltr'><strong>ieci</strong></span> <span class='ocrx_word' id='word_1_116' title='bbox 1526 1945 1627 2018; x_wconf 84' lang='lat' dir='ltr'><strong>vohis</strong></span> <span class='ocrx_word' id='word_1_117' title='bbox 1639 1967 1781 2041; x_wconf 84' lang='lat' dir='ltr'><strong>presens</strong></span> <span class='ocrx_word' id='word_1_118' title='bbox 1793 1946 1941 2041; x_wconf 84' lang='lat' dir='ltr'><strong>sigilium</strong></span> 
     </span>
     <span class='ocr_line' id='line_1_13' title="bbox 536 2067 1940 2165; baseline 0.004 -25"><span class='ocrx_word' id='word_1_119' title='bbox 536 2078 575 2140; x_wconf 92' lang='lat' dir='ltr'><strong>ut</strong></span> <span class='ocrx_word' id='word_1_120' title='bbox 595 2069 722 2142; x_wconf 86' lang='lat' dir='ltr'><strong>umodo</strong></span> <span class='ocrx_word' id='word_1_121' title='bbox 743 2069 819 2142; x_wconf 90' lang='lat' dir='ltr'><strong>sine</strong></span> <span class='ocrx_word' id='word_1_122' title='bbox 843 2067 1088 2165; x_wconf 90' lang='lat' dir='ltr'><strong>impedimento</strong></span> <span class='ocrx_word' id='word_1_123' title='bbox 1110 2068 1243 2141; x_wconf 82' lang='lat' dir='ltr'><strong>vadunt</strong></span> <span class='ocrx_word' id='word_1_124' title='bbox 1262 2069 1377 2141; x_wconf 88' lang='lat' dir='ltr'><strong>omnia</strong></span> <span class='ocrx_word' id='word_1_125' title='bbox 1401 2069 1635 2164; x_wconf 89' lang='lat' dir='ltr'><strong>predictorum</strong></span> <span class='ocrx_word' id='word_1_126' title='bbox 1662 2073 1940 2146; x_wconf 79' lang='lat' dir='ltr'><strong>monasteriorum</strong></span> 
     </span>
     <span class='ocr_line' id='line_1_14' title="bbox 535 2192 1936 2290; baseline 0.002 -24"><span class='ocrx_word' id='word_1_127' title='bbox 535 2192 699 2266; x_wconf 79' lang='lat' dir='ltr'><strong>animalia</strong></span> <span class='ocrx_word' id='word_1_128' title='bbox 716 2193 762 2268; x_wconf 82' lang='lat' dir='ltr'><strong>cd</strong></span> <span class='ocrx_word' id='word_1_129' title='bbox 785 2215 905 2268; x_wconf 90' lang='lat' dir='ltr'><strong>omnes</strong></span> <span class='ocrx_word' id='word_1_130' title='bbox 921 2215 1016 2266; x_wconf 87' lang='lat' dir='ltr'><strong>mens</strong></span> <span class='ocrx_word' id='word_1_131' title='bbox 1034 2203 1160 2285; x_wconf 83' lang='lat' dir='ltr'><strong>terres,</strong></span> <span class='ocrx_word' id='word_1_132' title='bbox 1178 2193 1340 2266; x_wconf 84' lang='lat' dir='ltr'><strong>videlicet</strong></span> <span class='ocrx_word' id='word_1_133' title='bbox 1356 2194 1468 2285; x_wconf 83' lang='lat' dir='ltr'><strong>Mese,</strong></span> <span class='ocrx_word' id='word_1_134' title='bbox 1492 2195 1607 2290; x_wconf 85' lang='lat' dir='ltr'><strong>Regii,</strong></span> <span class='ocrx_word' id='word_1_135' title='bbox 1629 2196 1752 2268; x_wconf 89' lang='lat' dir='ltr'><strong>Sancte</strong></span> <span class='ocrx_word' id='word_1_136' title='bbox 1773 2195 1936 2290; x_wconf 81' lang='lat' dir='ltr'><strong>Agathos,</strong></span> 
     </span>
     <span class='ocr_line' id='line_1_15' title="bbox 534 2319 1938 2414; baseline 0.001 -22"><span class='ocrx_word' id='word_1_137' title='bbox 534 2320 649 2394; x_wconf 89' lang='lat' dir='ltr'><strong>Sancti</strong></span> <span class='ocrx_word' id='word_1_138' title='bbox 674 2319 784 2392; x_wconf 90' lang='lat' dir='ltr'><strong>Niceti</strong></span> <span class='ocrx_word' id='word_1_139' title='bbox 810 2331 845 2392; x_wconf 89' lang='lat' dir='ltr'><strong>et</strong></span> <span class='ocrx_word' id='word_1_140' title='bbox 866 2319 1030 2411; x_wconf 87' lang='lat' dir='ltr'><strong>Thuchii‚</strong></span> <span class='ocrx_word' id='word_1_141' title='bbox 1055 2329 1092 2393; x_wconf 88' lang='lat' dir='ltr'><strong>et</strong></span> <span class='ocrx_word' id='word_1_142' title='bbox 1118 2319 1319 2414; x_wconf 85' lang='lat' dir='ltr'><strong>simpliciter</strong></span> <span class='ocrx_word' id='word_1_143' title='bbox 1342 2320 1378 2390; x_wconf 94' lang='lat' dir='ltr'><strong>in</strong></span> <span class='ocrx_word' id='word_1_144' title='bbox 1404 2341 1508 2392; x_wconf 92' lang='lat' dir='ltr'><strong>omne</strong></span> <span class='ocrx_word' id='word_1_145' title='bbox 1534 2330 1692 2392; x_wconf 91' lang='lat' dir='ltr'><strong>nostrum</strong></span> <span class='ocrx_word' id='word_1_146' title='bbox 1718 2321 1938 2395; x_wconf 88' lang='lat' dir='ltr'><strong>tenimentum</strong></span> 
     </span>
     <span class='ocr_line' id='line_1_16' title="bbox 533 2444 1937 2541; baseline 0.001 -23"><span class='ocrx_word' id='word_1_147' title='bbox 533 2446 709 2541; x_wconf 79' lang='lat' dir='ltr'><strong>pascentia</strong></span> <span class='ocrx_word' id='word_1_148' title='bbox 726 2455 761 2518; x_wconf 90' lang='lat' dir='ltr'><strong>et</strong></span> <span class='ocrx_word' id='word_1_149' title='bbox 782 2444 955 2540; x_wconf 76' lang='lat' dir='ltr'><strong>hospitata</strong></span> <span class='ocrx_word' id='word_1_150' title='bbox 970 2447 1004 2516; x_wconf 92' lang='lat' dir='ltr'><strong>in</strong></span> <span class='ocrx_word' id='word_1_151' title='bbox 1023 2466 1094 2539; x_wconf 93' lang='lat' dir='ltr'><strong>quo</strong></span> <span class='ocrx_word' id='word_1_152' title='bbox 1111 2455 1146 2516; x_wconf 90' lang='lat' dir='ltr'><strong>et</strong></span> <span class='ocrx_word' id='word_1_153' title='bbox 1164 2444 1286 2516; x_wconf 85' lang='lat' dir='ltr'><strong>volunt</strong></span> <span class='ocrx_word' id='word_1_154' title='bbox 1304 2445 1380 2516; x_wconf 89' lang='lat' dir='ltr'><strong>ioco</strong></span> <span class='ocrx_word' id='word_1_155' title='bbox 1399 2444 1568 2518; x_wconf 82' lang='lat' dir='ltr'><strong>indetcrte</strong></span> <span class='ocrx_word' id='word_1_156' title='bbox 1583 2445 1629 2539; x_wconf 88' lang='lat'><strong>(.)</strong></span> <span class='ocrx_word' id='word_1_157' title='bbox 1647 2455 1681 2518; x_wconf 91' lang='lat' dir='ltr'><strong>et</strong></span> <span class='ocrx_word' id='word_1_158' title='bbox 1700 2445 1937 2539; x_wconf 83' lang='lat' dir='ltr'><strong>grancbiurum</strong></span> 
     </span>
     <span class='ocr_line' id='line_1_17' title="bbox 533 2569 1937 2668; baseline 0.001 -24"><span class='ocrx_word' id='word_1_159' title='bbox 533 2591 653 2644; x_wconf 91' lang='lat' dir='ltr'><strong>eorum</strong></span> <span class='ocrx_word' id='word_1_160' title='bbox 671 2569 786 2643; x_wconf 86' lang='lat' dir='ltr'><strong>omniu</strong></span> <span class='ocrx_word' id='word_1_161' title='bbox 803 2569 959 2665; x_wconf 80' lang='lat' dir='ltr'><strong>predicto</strong></span> <span class='ocrx_word' id='word_1_162' title='bbox 977 2569 1146 2660; x_wconf 85' lang='lat' dir='ltr'><strong>similiter,</strong></span> <span class='ocrx_word' id='word_1_163' title='bbox 1167 2579 1203 2642; x_wconf 88' lang='lat' dir='ltr'><strong>et</strong></span> <span class='ocrx_word' id='word_1_164' title='bbox 1222 2578 1376 2642; x_wconf 88' lang='lat' dir='ltr'><strong>vestrum</strong></span> <span class='ocrx_word' id='word_1_165' title='bbox 1395 2591 1569 2666; x_wconf 80' lang='lat' dir='ltr'><strong>grypnnm</strong></span> <span class='ocrx_word' id='word_1_166' title='bbox 1583 2569 1629 2666; x_wconf 87' lang='lat' dir='ltr'><strong>(h)</strong></span> <span class='ocrx_word' id='word_1_167' title='bbox 1649 2571 1854 2644; x_wconf 78' lang='lat' dir='ltr'><strong>mandemus</strong></span> <span class='ocrx_word' id='word_1_168' title='bbox 1870 2574 1937 2668; x_wconf 83' lang='lat' dir='ltr'><strong>pis·</strong></span> 
     </span>
     <span class='ocr_line' id='line_1_18' title="bbox 532 2693 1938 2790; baseline 0 -22"><span class='ocrx_word' id='word_1_169' title='bbox 532 2695 603 2768; x_wconf 88' lang='lat' dir='ltr'><strong>cari</strong></span> <span class='ocrx_word' id='word_1_170' title='bbox 617 2695 693 2768; x_wconf 91' lang='lat' dir='ltr'><strong>sine</strong></span> <span class='ocrx_word' id='word_1_171' title='bbox 706 2693 953 2790; x_wconf 87' lang='lat' dir='ltr'><strong>impedimento</strong></span> <span class='ocrx_word' id='word_1_172' title='bbox 968 2694 1003 2765; x_wconf 90' lang='lat' dir='ltr'><strong>in</strong></span> <span class='ocrx_word' id='word_1_173' title='bbox 1018 2693 1112 2766; x_wconf 90' lang='lat' dir='ltr'><strong>omni</strong></span> <span class='ocrx_word' id='word_1_174' title='bbox 1127 2715 1205 2766; x_wconf 82' lang='lat' dir='ltr'><strong>mee</strong></span> <span class='ocrx_word' id='word_1_175' title='bbox 1218 2703 1307 2766; x_wconf 82' lang='lat' dir='ltr'><strong>terra</strong></span> <span class='ocrx_word' id='word_1_176' title='bbox 1322 2694 1358 2764; x_wconf 94' lang='lat' dir='ltr'><strong>in</strong></span> <span class='ocrx_word' id='word_1_177' title='bbox 1372 2716 1443 2787; x_wconf 89' lang='lat' dir='ltr'><strong>qna</strong></span> <span class='ocrx_word' id='word_1_178' title='bbox 1456 2694 1649 2784; x_wconf 85' lang='lat' dir='ltr'><strong>volueritis,</strong></span> <span class='ocrx_word' id='word_1_179' title='bbox 1660 2716 1729 2768; x_wconf 95' lang='lat' dir='ltr'><strong>non</strong></span> <span class='ocrx_word' id='word_1_180' title='bbox 1745 2697 1938 2769; x_wconf 87' lang='lat' dir='ltr'><strong>substinens</strong></span> 
     </span>
     <span class='ocr_line' id='line_1_19' title="bbox 532 2817 1937 2916; baseline -0.001 -24"><span class='ocrx_word' id='word_1_181' title='bbox 532 2819 673 2892; x_wconf 92' lang='lat' dir='ltr'><strong>omnino</strong></span> <span class='ocrx_word' id='word_1_182' title='bbox 689 2820 842 2913; x_wconf 84' lang='lat' dir='ltr'><strong>aliquam</strong></span> <span class='ocrx_word' id='word_1_183' title='bbox 863 2817 1149 2893; x_wconf 87' lang='lat' dir='ltr'><strong>consuetudinem</strong></span> <span class='ocrx_word' id='word_1_184' title='bbox 1171 2818 1231 2891; x_wconf 77' lang='lat' dir='ltr'><strong>vel</strong></span> <span class='ocrx_word' id='word_1_185' title='bbox 1252 2817 1406 2913; x_wconf 91' lang='lat' dir='ltr'><strong>dapnum</strong></span> <span class='ocrx_word' id='word_1_186' title='bbox 1428 2839 1491 2914; x_wconf 94' lang='lat' dir='ltr'><strong>pro</strong></span> <span class='ocrx_word' id='word_1_187' title='bbox 1512 2819 1658 2914; x_wconf 90' lang='lat' dir='ltr'><strong>opsonio</strong></span> <span class='ocrx_word' id='word_1_188' title='bbox 1675 2820 1730 2890; x_wconf 85' lang='lat' dir='ltr'><strong>vei</strong></span> <span class='ocrx_word' id='word_1_189' title='bbox 1753 2821 1830 2892; x_wconf 80' lang='lat' dir='ltr'><strong>aliis</strong></span> <span class='ocrx_word' id='word_1_190' title='bbox 1848 2822 1937 2916; x_wconf 87' lang='lat' dir='ltr'><strong>peti-</strong></span> 
     </span>
     <span class='ocr_line' id='line_1_20' title="bbox 533 2942 1935 3040; baseline 0.001 -26"><span class='ocrx_word' id='word_1_191' title='bbox 533 2943 698 3016; x_wconf 91' lang='lat' dir='ltr'><strong>tionibus.</strong></span> <span class='ocrx_word' id='word_1_192' title='bbox 724 2943 809 3015; x_wconf 88' lang='lat' dir='ltr'><strong>Cum</strong></span> <span class='ocrx_word' id='word_1_193' title='bbox 837 2944 904 3016; x_wconf 89' lang='lat' dir='ltr'><strong>hiis</strong></span> <span class='ocrx_word' id='word_1_194' title='bbox 929 2951 1044 3016; x_wconf 85' lang='lat' dir='ltr'><strong>autem</strong></span> <span class='ocrx_word' id='word_1_195' title='bbox 1070 2953 1110 3014; x_wconf 92' lang='lat' dir='ltr'><strong>nt</strong></span> <span class='ocrx_word' id='word_1_196' title='bbox 1135 2942 1292 3016; x_wconf 86' lang='lat' dir='ltr'><strong>habeatis</strong></span> <span class='ocrx_word' id='word_1_197' title='bbox 1317 2965 1439 3017; x_wconf 90' lang='lat' dir='ltr'><strong>omnes</strong></span> <span class='ocrx_word' id='word_1_198' title='bbox 1456 2954 1564 3016; x_wconf 89' lang='lat' dir='ltr'><strong>terras</strong></span> <span class='ocrx_word' id='word_1_199' title='bbox 1588 2965 1677 3038; x_wconf 86' lang='lat' dir='ltr'><strong>quae</strong></span> <span class='ocrx_word' id='word_1_200' title='bbox 1699 2945 1879 3040; x_wconf 86' lang='lat' dir='ltr'><strong>possidetis</strong></span> <span class='ocrx_word' id='word_1_201' title='bbox 1903 2945 1935 3016; x_wconf 96' lang='lat' dir='ltr'><strong>in</strong></span> 
     </span>
     <span class='ocr_line' id='line_1_21' title="bbox 532 3066 1935 3164; baseline 0 -26"><span class='ocrx_word' id='word_1_202' title='bbox 532 3067 720 3138; x_wconf 89' lang='lat' dir='ltr'><strong>tenimento</strong></span> <span class='ocrx_word' id='word_1_203' title='bbox 736 3066 856 3138; x_wconf 87' lang='lat' dir='ltr'><strong>Tuchii</strong></span> <span class='ocrx_word' id='word_1_204' title='bbox 872 3076 907 3138; x_wconf 90' lang='lat' dir='ltr'><strong>ct</strong></span> <span class='ocrx_word' id='word_1_205' title='bbox 924 3066 1017 3161; x_wconf 86' lang='lat' dir='ltr'><strong>ipsus</strong></span> <span class='ocrx_word' id='word_1_206' title='bbox 1035 3066 1111 3139; x_wconf 88' lang='lat' dir='ltr'><strong>sinc</strong></span> <span class='ocrx_word' id='word_1_207' title='bbox 1126 3067 1298 3157; x_wconf 83' lang='lat' dir='ltr'><strong>molestie,</strong></span> <span class='ocrx_word' id='word_1_208' title='bbox 1319 3069 1452 3160; x_wconf 82' lang='lat' dir='ltr'><strong>absque</strong></span> <span class='ocrx_word' id='word_1_209' title='bbox 1466 3087 1572 3138; x_wconf 89' lang='lat' dir='ltr'><strong>censu</strong></span> <span class='ocrx_word' id='word_1_210' title='bbox 1586 3067 1720 3160; x_wconf 86' lang='lat' dir='ltr'><strong>aliquo,</strong></span> <span class='ocrx_word' id='word_1_211' title='bbox 1739 3069 1881 3162; x_wconf 87' lang='lat' dir='ltr'><strong>agrariis</strong></span> <span class='ocrx_word' id='word_1_212' title='bbox 1893 3067 1935 3164; x_wconf 86' lang='lat' dir='ltr'><strong>(c)</strong></span> 
     </span>
     <span class='ocr_line' id='line_1_22' title="bbox 533 3189 1935 3282; baseline 0.001 -20"><span class='ocrx_word' id='word_1_213' title='bbox 533 3200 569 3262; x_wconf 91' lang='lat' dir='ltr'><strong>et</strong></span> <span class='ocrx_word' id='word_1_214' title='bbox 584 3190 705 3262; x_wconf 85' lang='lat' dir='ltr'><strong>ceteris</strong></span> <span class='ocrx_word' id='word_1_215' title='bbox 719 3189 931 3282; x_wconf 86' lang='lat' dir='ltr'><strong>redditibus,</strong></span> <span class='ocrx_word' id='word_1_216' title='bbox 949 3211 1015 3263; x_wconf 92' lang='lat' dir='ltr'><strong>nec</strong></span> <span class='ocrx_word' id='word_1_217' title='bbox 1034 3190 1139 3264; x_wconf 88' lang='lat' dir='ltr'><strong>etiam</strong></span> <span class='ocrx_word' id='word_1_218' title='bbox 1162 3190 1315 3264; x_wconf 86' lang='lat' dir='ltr'><strong>decimas</strong></span> <span class='ocrx_word' id='word_1_219' title='bbox 1332 3191 1478 3263; x_wconf 80' lang='lat' dir='ltr'><strong>aufferre</strong></span> <span class='ocrx_word' id='word_1_220' title='bbox 1495 3191 1581 3262; x_wconf 84' lang='lat' dir='ltr'><strong>elius</strong></span> <span class='ocrx_word' id='word_1_221' title='bbox 1604 3189 1650 3264; x_wconf 91' lang='lat' dir='ltr'><strong>de</strong></span> <span class='ocrx_word' id='word_1_222' title='bbox 1666 3191 1789 3264; x_wconf 85' lang='lat' dir='ltr'><strong>vestris</strong></span> <span class='ocrx_word' id='word_1_223' title='bbox 1809 3193 1935 3264; x_wconf 88' lang='lat' dir='ltr'><strong>unima-</strong></span> 
     </span>
     <span class='ocr_line' id='line_1_23' title="bbox 532 3315 1934 3414; baseline 0.003 -27"><span class='ocrx_word' id='word_1_224' title='bbox 532 3316 624 3388; x_wconf 88' lang='lat' dir='ltr'><strong>libns</strong></span> <span class='ocrx_word' id='word_1_225' title='bbox 639 3315 677 3388; x_wconf 94' lang='lat' dir='ltr'><strong>in</strong></span> <span class='ocrx_word' id='word_1_226' title='bbox 697 3339 775 3389; x_wconf 85' lang='lat' dir='ltr'><strong>mee</strong></span> <span class='ocrx_word' id='word_1_227' title='bbox 793 3325 881 3390; x_wconf 86' lang='lat' dir='ltr'><strong>terra</strong></span> <span class='ocrx_word' id='word_1_228' title='bbox 901 3316 1062 3409; x_wconf 88' lang='lat' dir='ltr'><strong>omnino,</strong></span> <span class='ocrx_word' id='word_1_229' title='bbox 1080 3325 1132 3390; x_wconf 89' lang='lat' dir='ltr'><strong>set</strong></span> <span class='ocrx_word' id='word_1_230' title='bbox 1148 3317 1259 3412; x_wconf 86' lang='lat' dir='ltr'><strong>magis</strong></span> <span class='ocrx_word' id='word_1_231' title='bbox 1282 3317 1372 3390; x_wconf 88' lang='lat' dir='ltr'><strong>sicut</strong></span> <span class='ocrx_word' id='word_1_232' title='bbox 1386 3316 1517 3391; x_wconf 88' lang='lat' dir='ltr'><strong>dictum</strong></span> <span class='ocrx_word' id='word_1_233' title='bbox 1536 3329 1590 3390; x_wconf 87' lang='lat' dir='ltr'><strong>est</strong></span> <span class='ocrx_word' id='word_1_234' title='bbox 1613 3316 1721 3390; x_wconf 84' lang='lat' dir='ltr'><strong>iibere</strong></span> <span class='ocrx_word' id='word_1_235' title='bbox 1738 3339 1781 3390; x_wconf 86' lang='lat' dir='ltr'><strong>eu</strong></span> <span class='ocrx_word' id='word_1_236' title='bbox 1800 3339 1934 3414; x_wconf 85' lang='lat' dir='ltr'><strong>pascere</strong></span> 
     </span>
     <span class='ocr_line' id='line_1_24' title="bbox 479 3427 1934 3538; baseline -0.001 -25"><span class='ocrx_word' id='word_1_237' title='bbox 479 3427 484 3437; x_wconf 75' lang='grc'><strong>’</strong></span> <span class='ocrx_word' id='word_1_238' title='bbox 531 3441 568 3513; x_wconf 94' lang='lat' dir='ltr'><strong>in</strong></span> <span class='ocrx_word' id='word_1_239' title='bbox 588 3442 706 3533; x_wconf 87' lang='lat' dir='ltr'><strong>omni;</strong></span> <span class='ocrx_word' id='word_1_240' title='bbox 733 3440 887 3538; x_wconf 89' lang='lat' dir='ltr'><strong>predicta</strong></span> <span class='ocrx_word' id='word_1_241' title='bbox 911 3441 1040 3513; x_wconf 87' lang='lat' dir='ltr'><strong>etenim</strong></span> <span class='ocrx_word' id='word_1_242' title='bbox 1066 3441 1183 3514; x_wconf 90' lang='lat' dir='ltr'><strong>omnia</strong></span> <span class='ocrx_word' id='word_1_243' title='bbox 1207 3443 1297 3513; x_wconf 91' lang='lat' dir='ltr'><strong>sicut</strong></span> <span class='ocrx_word' id='word_1_244' title='bbox 1329 3441 1460 3514; x_wconf 91' lang='lat' dir='ltr'><strong>dictum</strong></span> <span class='ocrx_word' id='word_1_245' title='bbox 1488 3449 1541 3513; x_wconf 90' lang='lat' dir='ltr'><strong>est</strong></span> <span class='ocrx_word' id='word_1_246' title='bbox 1572 3450 1686 3514; x_wconf 79' lang='lat' dir='ltr'><strong>teneat</strong></span> <span class='ocrx_word' id='word_1_247' title='bbox 1709 3450 1744 3514; x_wconf 89' lang='lat' dir='ltr'><strong>et</strong></span> <span class='ocrx_word' id='word_1_248' title='bbox 1767 3442 1934 3536; x_wconf 87' lang='lat' dir='ltr'><strong>possideat</strong></span> 
     </span>
     <span class='ocr_line' id='line_1_25' title="bbox 529 3563 1933 3661; baseline 0.001 -26"><span class='ocrx_word' id='word_1_249' title='bbox 529 3563 644 3661; x_wconf 87' lang='lat' dir='ltr'><strong>ipsum</strong></span> <span class='ocrx_word' id='word_1_250' title='bbox 659 3565 905 3638; x_wconf 86' lang='lat' dir='ltr'><strong>monesterium</strong></span> <span class='ocrx_word' id='word_1_251' title='bbox 922 3587 1034 3660; x_wconf 90' lang='lat' dir='ltr'><strong>usque</strong></span> <span class='ocrx_word' id='word_1_252' title='bbox 1052 3565 1088 3637; x_wconf 92' lang='lat' dir='ltr'><strong>in</strong></span> <span class='ocrx_word' id='word_1_253' title='bbox 1108 3575 1261 3638; x_wconf 90' lang='lat' dir='ltr'><strong>eternam</strong></span> <span class='ocrx_word' id='word_1_254' title='bbox 1279 3565 1405 3655; x_wconf 84' lang='lat' dir='ltr'><strong>vitem,</strong></span> <span class='ocrx_word' id='word_1_255' title='bbox 1424 3585 1602 3658; x_wconf 79' lang='lat' dir='ltr'><strong>nunquam</strong></span> <span class='ocrx_word' id='word_1_256' title='bbox 1616 3564 1662 3636; x_wconf 85' lang='lat' dir='ltr'><strong>ab</strong></span> <span class='ocrx_word' id='word_1_257' title='bbox 1680 3563 1799 3658; x_wconf 87' lang='lat' dir='ltr'><strong>aliquo</strong></span> <span class='ocrx_word' id='word_1_258' title='bbox 1818 3565 1854 3637; x_wconf 94' lang='lat' dir='ltr'><strong>in</strong></span> <span class='ocrx_word' id='word_1_259' title='bbox 1872 3564 1933 3637; x_wconf 86' lang='lat' dir='ltr'><strong>hiis</strong></span> 
     </span>
     <span class='ocr_line' id='line_1_26' title="bbox 529 3688 1934 3786; baseline -0.001 -24"><span class='ocrx_word' id='word_1_260' title='bbox 529 3691 707 3762; x_wconf 79' lang='lat' dir='ltr'><strong>molestato</strong></span> <span class='ocrx_word' id='word_1_261' title='bbox 720 3691 862 3763; x_wconf 91' lang='lat' dir='ltr'><strong>omnino</strong></span> <span class='ocrx_word' id='word_1_262' title='bbox 875 3713 940 3762; x_wconf 90' lang='lat' dir='ltr'><strong>nec</strong></span> <span class='ocrx_word' id='word_1_263' title='bbox 958 3713 978 3764; x_wconf 87' lang='lat' dir='ltr'><strong>u</strong></span> <span class='ocrx_word' id='word_1_264' title='bbox 994 3713 1051 3763; x_wconf 89' lang='lat' dir='ltr'><strong>me</strong></span> <span class='ocrx_word' id='word_1_265' title='bbox 1068 3691 1145 3786; x_wconf 90' lang='lat' dir='ltr'><strong>ipso</strong></span> <span class='ocrx_word' id='word_1_266' title='bbox 1166 3711 1231 3762; x_wconf 90' lang='lat' dir='ltr'><strong>nec</strong></span> <span class='ocrx_word' id='word_1_267' title='bbox 1250 3689 1295 3762; x_wconf 86' lang='lat' dir='ltr'><strong>ub</strong></span> <span class='ocrx_word' id='word_1_268' title='bbox 1314 3689 1500 3762; x_wconf 87' lang='lat' dir='ltr'><strong>heredibus</strong></span> <span class='ocrx_word' id='word_1_269' title='bbox 1522 3688 1609 3761; x_wconf 89' lang='lat' dir='ltr'><strong>meis</strong></span> <span class='ocrx_word' id='word_1_270' title='bbox 1628 3697 1663 3760; x_wconf 88' lang='lat' dir='ltr'><strong>et</strong></span> <span class='ocrx_word' id='word_1_271' title='bbox 1683 3689 1934 3761; x_wconf 86' lang='lat' dir='ltr'><strong>successoribus</strong></span> 
     </span>
     <span class='ocr_line' id='line_1_27' title="bbox 529 3813 1933 3911; baseline -0.001 -25"><span class='ocrx_word' id='word_1_272' title='bbox 529 3836 643 3908; x_wconf 90' lang='lat' dir='ltr'><strong>neque</strong></span> <span class='ocrx_word' id='word_1_273' title='bbox 660 3815 765 3888; x_wconf 77' lang='lat' dir='ltr'><strong>etism</strong></span> <span class='ocrx_word' id='word_1_274' title='bbox 784 3816 829 3888; x_wconf 95' lang='lat' dir='ltr'><strong>ab</strong></span> <span class='ocrx_word' id='word_1_275' title='bbox 851 3816 967 3910; x_wconf 87' lang='lat' dir='ltr'><strong>alique</strong></span> <span class='ocrx_word' id='word_1_276' title='bbox 986 3835 1132 3911; x_wconf 80' lang='lat' dir='ltr'><strong>persono</strong></span> <span class='ocrx_word' id='word_1_277' title='bbox 1155 3813 1310 3888; x_wconf 91' lang='lat' dir='ltr'><strong>omnino.</strong></span> <span class='ocrx_word' id='word_1_278' title='bbox 1331 3814 1398 3898; x_wconf 87' lang='lat' dir='ltr'><strong>Qui</strong></span> <span class='ocrx_word' id='word_1_279' title='bbox 1419 3815 1545 3886; x_wconf 87' lang='lat' dir='ltr'><strong>etenim</strong></span> <span class='ocrx_word' id='word_1_280' title='bbox 1568 3813 1731 3886; x_wconf 83' lang='lat' dir='ltr'><strong>inventus</strong></span> <span class='ocrx_word' id='word_1_281' title='bbox 1752 3815 1855 3886; x_wconf 88' lang='lat' dir='ltr'><strong>inerit</strong></span> <span class='ocrx_word' id='word_1_282' title='bbox 1874 3814 1933 3885; x_wconf 86' lang='lat' dir='ltr'><strong>hec</strong></span> 
     </span>
     <span class='ocr_line' id='line_1_28' title="bbox 527 3937 1932 4033; baseline -0.003 -21"><span class='ocrx_word' id='word_1_283' title='bbox 527 3961 727 4031; x_wconf 82' lang='lat' dir='ltr'><strong>removens,</strong></span> <span class='ocrx_word' id='word_1_284' title='bbox 752 3941 797 4013; x_wconf 89' lang='lat' dir='ltr'><strong>sit</strong></span> <span class='ocrx_word' id='word_1_285' title='bbox 820 3940 879 4013; x_wconf 89' lang='lat' dir='ltr'><strong>iile</strong></span> <span class='ocrx_word' id='word_1_286' title='bbox 901 3939 1105 4014; x_wconf 82' lang='lat' dir='ltr'><strong>maledictus</strong></span> <span class='ocrx_word' id='word_1_287' title='bbox 1134 3961 1157 4012; x_wconf 89' lang='lat' dir='ltr'><strong>a</strong></span> <span class='ocrx_word' id='word_1_288' title='bbox 1182 3939 1328 4010; x_wconf 86' lang='lat' dir='ltr'><strong>Domino</strong></span> <span class='ocrx_word' id='word_1_289' title='bbox 1354 3939 1425 4010; x_wconf 86' lang='lat' dir='ltr'><strong>Deo</strong></span> <span class='ocrx_word' id='word_1_290' title='bbox 1454 3937 1678 4033; x_wconf 86' lang='lat' dir='ltr'><strong>omnipotenti</strong></span> <span class='ocrx_word' id='word_1_291' title='bbox 1704 3948 1741 4010; x_wconf 91' lang='lat' dir='ltr'><strong>et</strong></span> <span class='ocrx_word' id='word_1_292' title='bbox 1763 3939 1874 4010; x_wconf 85' lang='lat' dir='ltr'><strong>solvat</strong></span> <span class='ocrx_word' id='word_1_293' title='bbox 1898 3937 1932 4008; x_wconf 94' lang='lat' dir='ltr'><strong>in</strong></span> 
     </span>
     <span class='ocr_line' id='line_1_29' title="bbox 526 4039 1929 4159; baseline -0.004 -21"><span class='ocrx_word' id='word_1_294' title='bbox 526 4075 643 4139; x_wconf 89' lang='lat' dir='ltr'><strong>nostro</strong></span> <span class='ocrx_word' id='word_1_295' title='bbox 658 4065 837 4158; x_wconf 84' lang='lat' dir='ltr'><strong>thesauro,</strong></span> <span class='ocrx_word' id='word_1_296' title='bbox 855 4065 945 4138; x_wconf 91' lang='lat' dir='ltr'><strong>sicut</strong></span> <span class='ocrx_word' id='word_1_297' title='bbox 961 4074 1190 4159; x_wconf 78' lang='lat' dir='ltr'><strong>transgressor</strong></span> <span class='ocrx_word' id='word_1_298' title='bbox 1208 4039 1402 4138; x_wconf 89' lang='lat' dir='ltr'><strong>nostrornm</strong></span> <span class='ocrx_word' id='word_1_299' title='bbox 1418 4061 1676 4150; x_wconf 87' lang='lat' dir='ltr'><strong>mandatorum,</strong></span> <span class='ocrx_word' id='word_1_300' title='bbox 1692 4083 1815 4135; x_wconf 86' lang='lat' dir='ltr'><strong>aureos</strong></span> <span class='ocrx_word' id='word_1_301' title='bbox 1829 4062 1929 4134; x_wconf 88' lang='lat' dir='ltr'><strong>mille.</strong></span> 
     </span>
     <span class='ocr_line' id='line_1_30' title="bbox 526 4186 1932 4289; baseline -0.004 -25"><span class='ocrx_word' id='word_1_302' title='bbox 526 4193 565 4264; x_wconf 94' lang='lat' dir='ltr'><strong>ln</strong></span> <span class='ocrx_word' id='word_1_303' title='bbox 583 4191 651 4265; x_wconf 92' lang='lat' dir='ltr'><strong>hiis</strong></span> <span class='ocrx_word' id='word_1_304' title='bbox 671 4203 706 4265; x_wconf 92' lang='lat' dir='ltr'><strong>et</strong></span> <span class='ocrx_word' id='word_1_305' title='bbox 729 4213 870 4289; x_wconf 89' lang='lat' dir='ltr'><strong>presens</strong></span> <span class='ocrx_word' id='word_1_306' title='bbox 895 4190 1002 4264; x_wconf 88' lang='lat' dir='ltr'><strong>nostri</strong></span> <span class='ocrx_word' id='word_1_307' title='bbox 1018 4189 1173 4284; x_wconf 84' lang='lat' dir='ltr'><strong>sigillum</strong></span> <span class='ocrx_word' id='word_1_308' title='bbox 1194 4189 1366 4261; x_wconf 92' lang='lat' dir='ltr'><strong>munitum</strong></span> <span class='ocrx_word' id='word_1_309' title='bbox 1380 4198 1416 4260; x_wconf 91' lang='lat' dir='ltr'><strong>et</strong></span> <span class='ocrx_word' id='word_1_310' title='bbox 1435 4187 1633 4261; x_wconf 85' lang='lat' dir='ltr'><strong>roboratum</strong></span> <span class='ocrx_word' id='word_1_311' title='bbox 1653 4186 1699 4260; x_wconf 85' lang='lat' dir='ltr'><strong>de</strong></span> <span class='ocrx_word' id='word_1_312' title='bbox 1719 4197 1836 4261; x_wconf 86' lang='lat' dir='ltr'><strong>nostru</strong></span> <span class='ocrx_word' id='word_1_313' title='bbox 1850 4207 1932 4259; x_wconf 91' lang='lat' dir='ltr'><strong>con·</strong></span> 
     </span>
    </p>
   </div>
   <div class='ocr_carea' id='block_1_3' title="bbox 523 4395 1927 4800">
    <p class='ocr_par' dir='ltr' id='par_1_3' title="bbox 567 4395 1221 4476">
     <span class='ocr_line' id='line_1_31' title="bbox 567 4395 1221 4476; baseline -0.005 -20"><span class='ocrx_word' id='word_1_314' title='bbox 567 4395 608 4476; x_wconf 83' lang='lat' dir='ltr'><strong>(a)</strong></span> <span class='ocrx_word' id='word_1_315' title='bbox 630 4397 726 4458; x_wconf 89' lang='lat' dir='ltr'><strong>Locus</strong></span> <span class='ocrx_word' id='word_1_316' title='bbox 739 4397 882 4458; x_wconf 86' lang='lat' dir='ltr'><strong>obscurus</strong></span> <span class='ocrx_word' id='word_1_317' title='bbox 895 4401 948 4457; x_wconf 89' lang='lat' dir='ltr'><strong>aut</strong></span> <span class='ocrx_word' id='word_1_318' title='bbox 960 4396 1037 4456; x_wconf 84' lang='lat' dir='ltr'><strong>muts</strong></span> <span class='ocrx_word' id='word_1_319' title='bbox 1051 4395 1221 4456; x_wconf 81' lang='lat' dir='ltr'><strong>translatus.</strong></span> 
     </span>
    </p>

    <p class='ocr_par' dir='ltr' id='par_1_4' title="bbox 523 4498 1927 4692">
     <span class='ocr_line' id='line_1_32' title="bbox 565 4498 1927 4582; baseline -0.004 -19"><span class='ocrx_word' id='word_1_320' title='bbox 565 4501 606 4582; x_wconf 85' lang='lat' dir='ltr'><strong>(h)</strong></span> <span class='ocrx_word' id='word_1_321' title='bbox 628 4503 748 4582; x_wconf 81' lang='lat' dir='ltr'><strong>Legitur</strong></span> <span class='ocrx_word' id='word_1_322' title='bbox 761 4507 859 4581; x_wconf 84' lang='lat' dir='ltr'><strong>potius</strong></span> <span class='ocrx_word' id='word_1_323' title='bbox 872 4503 1005 4582; x_wconf 77' lang='lat' dir='ltr'><strong>erpum</strong></span> <span class='ocrx_word' id='word_1_324' title='bbox 1016 4519 1085 4564; x_wconf 90' lang='lat' dir='ltr'><strong>cum</strong></span> <span class='ocrx_word' id='word_1_325' title='bbox 1097 4503 1193 4564; x_wconf 86' lang='lat' dir='ltr'><strong>littera</strong></span> <span class='ocrx_word' id='word_1_326' title='bbox 1206 4516 1312 4580; x_wconf 74' lang='lat' dir='ltr'><strong>graeca</strong></span> <span class='ocrx_word' id='word_1_327' title='bbox 1320 4499 1356 4562; x_wconf 81' lang='grc' dir='ltr'><strong>Χ.</strong></span> <span class='ocrx_word' id='word_1_328' title='bbox 1373 4498 1500 4562; x_wconf 78' lang='lat' dir='ltr'><strong>Interius</strong></span> <span class='ocrx_word' id='word_1_329' title='bbox 1513 4516 1583 4561; x_wconf 78' lang='lat' dir='ltr'><strong>vcro</strong></span> <span class='ocrx_word' id='word_1_330' title='bbox 1591 4499 1706 4579; x_wconf 78' lang='lat' dir='ltr'><strong>piscatu</strong></span> <span class='ocrx_word' id='word_1_331' title='bbox 1718 4516 1814 4580; x_wconf 76' lang='lat' dir='ltr'><strong>prppr,</strong></span> <span class='ocrx_word' id='word_1_332' title='bbox 1830 4498 1927 4558; x_wconf 79' lang='lat' dir='ltr'><strong>verid-</strong></span> 
     </span>
     <span class='ocr_line' id='line_1_33' title="bbox 523 4609 1264 4692; baseline -0.001 -21"><span class='ocrx_word' id='word_1_333' title='bbox 523 4610 630 4671; x_wconf 87' lang='lat' dir='ltr'><strong>miiiter</strong></span> <span class='ocrx_word' id='word_1_334' title='bbox 642 4627 661 4671; x_wconf 91' lang='lat' dir='ltr'><strong>a</strong></span> <span class='ocrx_word' id='word_1_335' title='bbox 673 4629 746 4674; x_wconf 86' lang='lat' dir='ltr'><strong>voce</strong></span> <span class='ocrx_word' id='word_1_336' title='bbox 759 4627 865 4690; x_wconf 85' lang='lat' dir='ltr'><strong>graeca</strong></span> <span class='ocrx_word' id='word_1_337' title='bbox 880 4609 988 4692; x_wconf 79' lang='grc' dir='ltr'>Γρίπος,</span> <span class='ocrx_word' id='word_1_338' title='bbox 997 4610 1264 4688; x_wconf 70' lang='lat' dir='ltr'><strong>pirostoriausrctc.</strong></span> 
     </span>
    </p>

    <p class='ocr_par' dir='ltr' id='par_1_5' title="bbox 566 4713 1024 4800">
     <span class='ocr_line' id='line_1_34' title="bbox 566 4713 1024 4800; baseline 0.007 -25"><span class='ocrx_word' id='word_1_339' title='bbox 566 4713 602 4796; x_wconf 78' lang='lat' dir='ltr'><strong>(c)</strong></span> <span class='ocrx_word' id='word_1_340' title='bbox 622 4717 688 4778; x_wconf 85' lang='lat' dir='ltr'><strong>Sic:</strong></span> <span class='ocrx_word' id='word_1_341' title='bbox 704 4717 803 4778; x_wconf 80' lang='lat' dir='ltr'><strong>forsan</strong></span> <span class='ocrx_word' id='word_1_342' title='bbox 816 4735 869 4796; x_wconf 91' lang='lat' dir='ltr'><strong>pro</strong></span> <span class='ocrx_word' id='word_1_343' title='bbox 881 4717 1024 4800; x_wconf 64' lang='lat' dir='ltr'><strong>mpurih.</strong></span> 
     </span>
    </p>
   </div>
   <div class='ocr_carea' id='block_1_4' title="bbox 0 0 2154 5898">
    <p class='ocr_par' dir='ltr' id='par_1_6' title="bbox 0 0 2154 5898">
     <span class='ocr_line' id='line_1_35' title="bbox 0 0 2154 5898; baseline 0 2"><span class='ocrx_word' id='word_1_344' title='bbox 0 0 2154 5898; x_wconf 95' lang='lat' dir='ltr'><strong> </strong></span> 
     </span>
    </p>
   </div>
  </div>
 </body>
</html>
