4296 5898
222 565 319 628 morer.
337 562 401 642 ll.]
674 558 872 622 HISTORIA
896 557 1190 621 DIPLOMATICA.
1576 561 1633 625 281

223 702 332 797 gratie
343 707 458 773 nostre
470 695 678 771 mandamns
692 695 833 770 firmiter
845 695 1066 790 injungentes
1076 703 1248 790 qnatenus
1258 696 1375 769 nullus
1384 697 1429 769 sit
1442 697 1503 793 qni
1516 708 1634 771 oontra

223 826 469 923 protectionem
486 832 522 898 et
538 821 773 896 defensionem
794 832 945 896 nostram
966 829 1001 894 et
1015 829 1169 896 tenorem
1183 822 1444 918 privilegiorum
1466 823 1635 898 dictorum

224 950 444 1026 deomnibus
457 949 573 1045 quein
585 947 718 1022 eisdem
732 947 924 1045 privilegiis
936 947 1155 1020 eontinentur
1168 947 1362 1042 predictum
1376 950 1635 1042 monasterium,

225 1075 382 1165 abbates,
402 1073 589 1147 monachos
605 1082 640 1147 et
657 1073 846 1146 eontratres
864 1093 945 1145 suos
959 1094 1038 1144 oum
1054 1071 1271 1165 hominibus,
1290 1071 1497 1147 obedientiis
1513 1085 1547 1148 et
1563 1097 1638 1149 om·

226 1201 329 1273 uibus
343 1199 444 1273 bonis
460 1197 534 1272 suis
545 1194 701 1272 indebite
713 1197 883 1294 impedire
900 1219 963 1272 sen
979 1197 1160 1270 molestare
1172 1206 1360 1293 presumat.
1377 1199 1418 1271 m
1436 1199 1532 1293 quia,
1548 1200 1639 1273 siout

225 1349 273 1399 ex
300 1325 465 1399 relatione
489 1323 698 1398 venerabilis
730 1323 866 1396 abbatis
902 1332 937 1396 et
969 1321 1216 1395 monachorum
1252 1321 1408 1417 ejusdem
1443 1325 1639 1398 monasterii

226 1459 341 1523 nostre
357 1447 507 1522 innotuit
523 1447 705 1543 majestati,
724 1447 869 1543 quidam
885 1459 968 1520 sunt
981 1447 1043 1543 qui
1061 1447 1245 1520 oeoaeione
1258 1447 1513 1522 eonstitutionis
1525 1460 1641 1522 nostre

227 1578 262 1649 in
281 1575 378 1649 curia
395 1573 512 1671 Capue
523 1573 739 1669 promulgate
753 1572 799 1645 de
820 1572 935 1646 feudis
948 1573 1160 1668 integraliter
1179 1576 1398 1670 revocandis,
1414 1599 1485 1673 que
1502 1571 1641 1673 propter

228 1701 456 1774 turbationem
470 1699 634 1794 temporis
652 1699 810 1772 retroacti
832 1697 921 1772 adeo
935 1697 1106 1772 diminuta
1127 1701 1224 1772 suere
1236 1699 1334 1795 quod
1350 1702 1490 1774 servitia
1509 1723 1580 1797 que
1594 1723 1641 1774 ex

227 1827 278 1900 eis
294 1827 390 1900 eorie
408 1834 523 1898 nostre
542 1822 713 1897 debentur
730 1845 850 1896 eorum
870 1823 1001 1897 domini
1020 1825 1132 1898 faeere
1149 1847 1219 1898 non
1237 1833 1396 1922 poterant
1410 1835 1450 1898 ut
1466 1835 1638 1917 tenentur,

228 1952 264 2023 in
283 1949 559 2048 possessionibus
579 1958 613 2022 et
634 1949 734 2023 bonis
753 1949 911 2043 ejusdem
931 1950 1129 2022 monasterii
1150 1973 1274 2024 manus
1296 1951 1432 2025 illicitas
1451 1952 1642 2046 injicientes

228 2095 287 2147 eas
302 2073 476 2169 accipiunt
496 2095 558 2169 pro
581 2095 645 2146 sne
661 2073 804 2146 arbitrio
829 2075 1037 2164 voluntatis,
1057 2075 1241 2149 statuimus
1265 2084 1304 2148 ut
1321 2079 1438 2150 nullus
1461 2078 1506 2152 de
1529 2087 1643 2152 cetero

102 2281 105 2286 ¹
228 2222 335 2272 ausus
344 2199 389 2272 sit
399 2200 461 2294 qni
471 2199 651 2272 occasione
665 2181 919 2272 eonstitutidnis
931 2199 1130 2296 supradicte
1142 2202 1374 2297 possessiones
1386 2211 1421 2276 et
1429 2203 1520 2276 bona
1532 2203 1642 2298 ipsius

228 2324 422 2398 monasterii
440 2333 617 2419 presumat
631 2323 849 2418 aliquatenus
864 2325 1081 2419 perturbare;
1105 2325 1168 2398 sed
1188 2327 1218 2398 si
1234 2327 1321 2399 forte
1338 2326 1418 2422 quis
1436 2327 1482 2400 do
1501 2349 1640 2423 posses-

227 2449 383 2524 sionibus
403 2447 500 2522 feudi
522 2447 577 2521 sui
593 2431 681 2543 quas
698 2447 812 2522 eidem
829 2451 1037 2522 monasterio
1060 2449 1188 2524 dieitur
1213 2449 1415 2524 vendidisse
1437 2452 1494 2526 vel
1514 2452 1571 2548 pie
1591 2452 1639 2524 si·

228 2574 353 2648 militer
377 2575 542 2648 obtulisse
566 2574 612 2647 ab
636 2573 733 2646 obitu
759 2574 851 2669 regis
880 2573 1051 2647 Guilielmi
1081 2574 1226 2649 secundi
1252 2576 1505 2671 predecessoris
1532 2577 1640 2649 nostri

223 2698 394 2772 'memorie
412 2697 609 2789 redolendo,
628 2719 689 2771 eas
705 2697 751 2770 ad
766 2697 911 2772 tendum
932 2721 1035 2772 annm
1054 2699 1191 2795 petierit
1206 2699 1374 2791 revocari,
1393 2702 1640 2774 monasterium

229 2826 344 2922 ipsum
365 2847 435 2898 non
456 2832 632 2920 presumat
650 2823 780 2897 exinde
799 2825 1019 2920 aliquatenus
1040 2825 1234 2916 dissaisire‚
1262 2827 1328 2900 nisi
1352 2825 1464 2922 primo
1486 2827 1644 2901 restituat

220 2949 378 3048 ¹pretium
395 2950 491 3046 quod
509 2959 662 3044 tempore
677 2947 889 3023 venditionis
904 2959 939 3023 et
956 2950 1098 3045 quando
1116 2973 1176 3024 eas
1193 2951 1316 3024 obtolit
1335 2972 1356 3024 n
1369 2952 1441 3046 jam
1459 2950 1552 3025 dicto
1569 2973 1643 3026 mo·

229 3075 379 3149 nasterio
403 3097 466 3171 pro
489 3073 540 3146 eis
559 3073 762 3146 charitative
784 3096 845 3146 seu
870 3075 968 3148 titulo
995 3075 1205 3149 venditionis
1228 3077 1357 3172 recepit
1381 3099 1462 3148 oum
1484 3079 1643 3151 meliora-

229 3201 323 3273 tione
338 3199 601 3291 benefieiorom,
618 3197 648 3270 si
664 3220 736 3293 que
752 3197 788 3269 in
806 3198 857 3270 eis
877 3200 1123 3273 monasterium
1142 3201 1256 3296 ipsum
1275 3201 1355 3273 feeit
1369 3201 1414 3273 ab
1431 3222 1473 3273 eo
1491 3212 1644 3297 tempore

229 3347 300 3420 quo
315 3325 408 3420 ipsas
421 3323 638 3420 dignoscitur
651 3323 832 3413 babuisse3
848 3337 882 3396 et
895 3325 925 3397 si
939 3325 1001 3420 qui
1015 3327 1100 3400 sorte
1117 3327 1284 3399 haetenus
1300 3325 1367 3399 hoo
1381 3328 1547 3417 feserunt,
1566 3347 1644 3422 pre-

231 3449 318 3520 tium
348 3449 504 3522 similiter
525 3448 638 3523 eidem
664 3449 872 3521 monasterio
896 3450 1146 3524 restituendum
1174 3451 1390 3545 injungimus
1423 3451 1468 3524 ab
1494 3451 1640 3525 eisdem.

231 3575 334 3659 Quod
351 3574 380 3645 si
397 3574 507 3647 iacere
521 3575 722 3664 noluerunt,
743 3575 976 3669 possessiones
995 3577 1068 3672 ipse
1085 3575 1130 3649 ad
1145 3579 1204 3669 jus
1222 3588 1257 3649 et
1271 3577 1512 3673 proprietatem
1534 3577 1645 3673 ipsius

149 3771 151 3774 .
232 3699 427 3773 monasterii
454 3708 658 3773 revooentur
688 3719 871 3794 quousque
898 3700 1090 3797 predictum
1118 3702 1267 3797 pretium
1289 3701 1326 3772 in
1351 3703 1524 3796 integrum
1547 3701 1644 3775 resti·

231 3833 347 3897 tnatur
360 3823 486 3897 eidem.

279 3951 406 4022 Datum
428 3945 523 4045 apud
550 3946 729 4021 Civitatem
747 3947 817 4045 (t),
844 3948 1124 4025 octavodecimo
1147 3951 1358 4043 deoembris‚
1384 3949 1566 4025 undecime
1590 3951 1642 4024 in·

232 4072 404 4148 dictionis.
1068 4103 1071 4108 ·

267 4421 304 4496 (t)
320 4421 395 4481 Lieet
410 4423 484 4481 hune
497 4423 586 4481 looum
603 4423 638 4482 el.
651 4424 695 4482 uir
713 4423 813 4482 Stselin
834 4424 1023 4498 interpretetur
1042 4420 1135 4478 osvio
1149 4434 1169 4475 o
1181 4431 1261 4473 ‘moro
1277 4413 1312 4472 sd
1330 4412 1421 4470 inuoes
1437 4410 1572 4481 Fertoris,
1589 4427 1644 4470 non

231 4517 387 4577 dubitamus
401 4519 466 4593 quin
477 4519 524 4579 bio
541 4527 635 4596 agatur
646 4521 681 4580 de
693 4521 762 4580 urbe
775 4537 847 4579 nuno
857 4521 962 4593 diurn,
976 4519 1099 4577 ciuitate
1112 4515 1201 4586 diota,
1215 4513 1251 4571 nd
1263 4512 1401 4570 dexteram
1412 4509 1532 4568 Fortoris
1544 4509 1642 4584 ripam,

228 4617 306 4688 1⁰¹²&
320 4617 502 4692 Dmgonaram
515 4620 587 4678 inter
600 4619 727 4678 Sonotum
740 4618 852 4678 Paulum
866 4625 895 4677 et
907 4619 1015 4676 Serrsm
1028 4613 1191 4690 Capdolam,
1204 4613 1277 4670 er'roa
1285 4611 1375 4668 losum
1387 4608 1434 4683 qni
1446 4606 1528 4666 bodie
1539 4623 1643 4664 nonor-

231 4721 313 4786 putor
326 4715 408 4774 Ponto
420 4715 464 4776 rel
477 4719 560 4776 Pom
573 4717 604 4776 co·
617 4719 737 4778 civitate
763 4719 823 4794 (ap.
838 4717 944 4776 bareler
960 4715 1055 4775 d’ttbe
1078 4721 1107 4772 et
1128 4711 1287 4772 vetmtiores
1306 4707 1497 4784 geogrnpbioos
1520 4705 1641 4774 tabutas,

327 4816 354 4878 1.
1447 4816 1486 4872 as
