4272 5886
504 529 566 594 594
1008 527 1223 590 lalueltlct
1249 529 1424 591 SECUNlil
1727 533 1809 613 [An.
1828 535 1912 600 lato

507 667 639 740 tricem.
661 665 801 738 Obstitit
820 664 959 738 tandem
982 665 1101 738 diuina
1129 669 1280 762 potentia
1306 666 1429 762 ingrati
1454 670 1650 761 conatibus,
1677 672 1808 744 iaciens
1829 674 1865 744 in
1883 684 1915 746 te

508 813 587 864 cum
608 789 762 862 Ecclesia
782 788 921 883 signum
948 789 983 860 in
1000 791 1131 862 bonum
1153 799 1192 862 ut
1216 791 1305 864 elato
1324 790 1470 865 cadente
1492 801 1531 864 tu
1548 815 1708 885 surgeres
1726 804 1762 868 et
1780 805 1915 890 potente

506 913 685 988 debilitato
703 921 740 984 tu
756 933 886 1008 posses.
904 911 1028 1007 Argoit
1046 912 1139 986 enim
1159 935 1241 987 eum
1257 935 1322 986 sue
1338 913 1486 1007 malitia,
1501 937 1635 1010 suaque
1649 917 1784 989 aversio
1802 919 1916 990 inore-

506 1039 603 1133 pavit
627 1035 791 1132 quoniam
816 1035 912 1127 justo
934 1035 996 1108 Dei
1021 1035 1153 1128 judicio
1177 1036 1317 1131 propria
1343 1035 1497 1130 perdidit
1517 1037 1578 1130 qui
1605 1058 1712 1110 avare
1738 1040 1917 1134 cupiverat

506 1158 637 1253 aliena,
654 1169 688 1233 et
705 1171 742 1232 tu
760 1159 817 1232 cui
832 1160 932 1254 regni
947 1161 994 1232 tui
1009 1161 1071 1232 vix
1088 1170 1242 1232 extrema
1260 1169 1514 1250 remanserant,
1534 1160 1628 1234 illius
1641 1163 1782 1234 omnino
1808 1164 1916 1259 impe·

505 1285 595 1356 rium
612 1283 795 1357 obtineres.
816 1283 886 1356 Heu
908 1283 1025 1379 itaque
1046 1283 1166 1356 salutis
1188 1282 1340 1356 remedia
1365 1306 1444 1357 cum
1471 1285 1604 1358 auxilio
1623 1285 1836 1382 principum,
1856 1289 1912 1361 di·

506 1409 589 1482 vine
610 1408 830 1482 Providentia
849 1408 977 1480 virtute
999 1408 1218 1503 preambula,
1246 1407 1308 1480 tibi
1331 1408 1484 1503 providit
1508 1419 1618 1482 mater
1637 1410 1811 1503 Ecclesia,
1836 1414 1917 1486 talia

507 1532 674 1608 beneficia
694 1554 805 1630 puero
826 1532 973 1607 contulit
993 1543 1029 1606 et
1048 1533 1179 1606 adulto.
1200 1533 1295 1618 Quid
1316 1534 1405 1606 ultra
1430 1533 1493 1604 tibi
1519 1534 1632 1606 lacere
1656 1536 1769 1628 potuit
1789 1546 1824 1608 et
1847 1559 1915 1610 non

506 1657 615 1749 iecit,¹
632 1656 677 1730 de
700 1657 981 1751 contingentibus
1003 1658 1050 1729 nil
1076 1657 1237 1730 omittens
1253 1665 1289 1729 et
1310 1677 1352 1730 ea
1366 1656 1469 1730 ctiam
1492 1658 1628 1751 adque
1649 1679 1718 1731 non
1738 1661 1917 1734 tenebatur

505 1782 693 1875 adjiciens?
706 1781 871 1855 Miramur
890 1781 992 1854 etiam
1016 1780 1113 1875 quod
1138 1781 1173 1851 in
1194 1779 1260 1852 biis
1281 1789 1360 1853 tuos
1376 1780 1512 1853 iabores
1531 1803 1779 1856 commemoras
1798 1785 1915 1858 dicens

507 1916 541 1980 te
567 1905 665 1979 dubii
686 1927 788 1978 meus
809 1906 897 1978 laeta
922 1914 1100 1996 secutum,
1121 1904 1183 1999 qui
1202 1913 1344 1976 vocatus
1361 1903 1407 1976 ad
1428 1913 1540 1992 cerm,
1561 1903 1797 1983 laborantibus
1815 1909 1913 2000 aliis,

506 2031 543 2103 in
558 2029 692 2102 labores
710 2029 851 2104 alterius
866 2027 1033 2116 introisti,
1054 2039 1186 2102 metens
1203 2049 1273 2122 que
1289 2049 1359 2101 nou
1377 2027 1551 2100 seminasti
1572 2039 1608 2101 et
1627 2031 1832 2124 recolligens
1847 2055 1915 2128 que

504 2155 625 2251 procul
648 2152 757 2228 dubio
774 2173 843 2227 non
866 2153 1033 2249 sparsisti.
1053 2153 1211 2248 Denique
1234 2153 1271 2225 in
1293 2153 1447 2226 delunoti
1466 2175 1535 2226 non
1553 2155 1694 2248 fatigata
1712 2149 1911 2251 personam,

506 2287 654 2352 nostrum
670 2288 730 2351 tua
745 2299 813 2350 nou
833 2277 1012 2373 preteriuit
1037 2277 1205 2367 invectio,
1235 2278 1351 2350 minus
1371 2277 1554 2372 diligenter
1574 2279 1799 2352 considerans
1820 2281 1916 2376 quod

505 2425 568 2478 nos
582 2404 644 2498 qui
656 2401 888 2498 predecessori
907 2413 1022 2476 nostro
1037 2403 1155 2496 quoad
1170 2403 1334 2474 utilitates
1349 2412 1426 2476 tuas
1437 2401 1617 2476 affectione
1629 2405 1784 2499 plenaria
1796 2427 1915 2480 succe·

506 2529 627 2601 dentes
646 2527 693 2601 ad
712 2528 764 2600 tui
783 2527 1111 2600 consummationem
1140 2525 1280 2601 honoris
1302 2536 1457 2622 patenter
1472 2527 1670 2602 adstitimus
1686 2539 1722 2600 et
1748 2539 1913 2625 potenter,

506 2653 677 2728 nostruin
700 2651 818 2725 multis
843 2651 1058 2726 detraximus
1078 2660 1117 2723 ut
1139 2661 1201 2724 tuo
1219 2651 1449 2743 adjiceremus
1476 2650 1616 2741 honori,
1642 2652 1722 2725 lacti
1740 2655 1917 2748 quodam-

507 2779 611 2853 modo
632 2779 723 2852 lame
739 2787 854 2850 nostre
876 2776 1034 2873 prodigi,
1057 2785 1116 2849 tue
1140 2775 1247 2872 parci.
1269 2776 1338 2850 Sed
1368 2797 1429 2870 pro
1456 2775 1531 2848 istis
1556 2798 1597 2848 ao
1624 2777 1702 2848 aliis
1729 2777 1798 2850 hoc
1818 2780 1917 2852 nobis

504 2901 730 2976 retributione
755 2903 943 2997 respondes
960 2900 1055 2996 quod
1081 2899 1170 2972 dicis
1189 2901 1249 2992 jus
1272 2901 1369 2993 regni
1396 2901 1511 2974 Sicilie
1536 2901 1573 2972 in
1593 2901 1822 2976 electionibus
1838 2925 1915 2998 pre·

504 3027 664 3118 latorum,
684 3026 774 3098 sicut
792 3026 930 3117 asseris,
955 3025 1110 3098 debitum
1130 3045 1178 3096 ex
1196 3023 1360 3118 antiquo,
1379 3025 1504 3098 nostris
1522 3025 1825 3100 constitutionibus
1848 3029 1916 3100 mi-

504 3149 630 3223 norari.
653 3149 781 3222 Verum
801 3149 832 3221 si
853 3149 980 3244 scripta
1000 3158 1061 3222 tua
1080 3158 1115 3222 et
1135 3148 1310 3242 genitricis
1328 3156 1387 3220 tue
1407 3169 1512 3221 manu
1541 3149 1785 3224 sollicitudinis
1806 3154 1915 3226 revol-

504 3275 627 3361 visses,
643 3274 673 3347 si
689 3283 886 3348 sanctornm
901 3273 1005 3347 etiam
1022 3284 1158 3370 potrum
1174 3273 1434 3346 constitutiones
1451 3272 1661 3363 adverteres,
1675 3295 1746 3348 non
1759 3279 1915 3374 eulparss

503 3399 692 3472 Ecclesiam
710 3399 801 3472 circa
819 3398 1053 3472 defensionem
1074 3397 1303 3472 ecclesiastice
1325 3397 1509 3489 libertatis,
1532 3419 1614 3472 oum
1633 3421 1705 3474 nou
1723 3399 1847 3476 debeat
1869 3401 1916 3476 de

500 3523 638 3616 justicie
663 3522 901 3619 persecutione
925 3521 1076 3595 morderi
1100 3521 1162 3616 qui
1190 3519 1398 3594 contendere
1421 3521 1542 3595 nititur
1567 3520 1613 3596 de
1632 3523 1760 3596 abusu.
1786 3523 1918 3598 Asseris

504 3669 569 3720 nos
586 3647 729 3742 insuper
746 3656 859 3742 preter
875 3648 1020 3721 formam
1038 3647 1266 3722 communiter
1283 3649 1498 3744 requisitam,
1518 3657 1553 3724 te
1564 3650 1759 3725 inconsulto
1773 3653 1918 3747 quibos-

505 3771 586 3847 mm
602 3771 702 3866 regni
718 3772 871 3846 ecclesiis
889 3773 1070 3868 proiecisse
1088 3794 1251 3868 personas
1267 3773 1493 3864 vacantibus,
1511 3773 1575 3848 sed
1593 3775 1721 3869 quasit
1736 3775 1796 3849 illa
1811 3777 1918 3850 torma

505 3895 698 3988 nescimus,
715 3918 786 3992 qno
807 3899 960 3993 prolecto
976 3899 1092 3970 minus
1111 3908 1201 3972 esset
1218 3897 1371 3970 informis
1396 3918 1459 3994 per
1486 3919 1591 3993 quam
1614 3901 1803 3994 apostolice
1820 3903 1918 3978 Sedis

502 4021 673 4113 judicium
696 4043 745 4095 ex
765 4030 826 4094 tue
850 4022 1037 4094 uoluntatis
1058 4022 1199 4095 arbitrio
1219 4019 1443 4116 dependeret.
1468 4023 1545 4096 Non
1568 4032 1682 4096 umen
1706 4024 1918 4102 intendimus

505 4165 709 4242 promovere
726 4154 925 4240 suspectos,
949 4145 1034 4218 dum
1053 4155 1254 4218 tamennon
1273 4147 1363 4218 ultra
1387 4153 1505 4219 notam
1525 4147 1736 4244 suspicionis
1749 4151 1917 4226 calenda

505 4292 612 4365 quam
634 4269 777 4345 rationis
803 4271 955 4344 tramites
976 4269 1164 4364 patiantur.
1186 4271 1408 4342 Tarentinum
1435 4281 1514 4365 post
1531 4271 1597 4348 heo
1620 4271 1918 4370 archiepiscopum

507 4417 611 4489 quem
629 4395 724 4490 apud
744 4403 778 4466 te
801 4393 901 4488 quasi
919 4415 941 4465 a
958 4415 1095 4466 summo
1118 4394 1228 4488 gratio
1246 4393 1284 4466 in
1305 4393 1518 4489 profundum
1536 4394 1610 4470 odii
1626 4417 1729 4474 casus
1747 4399 1918 4496 repentini

507 4519 652 4590 mutatio
669 4518 720 4592 sic
738 4518 863 4612 dejecit
880 4519 994 4613 utqui
1011 4519 1115 4614 paulo
1138 4527 1218 4590 aute
1231 4518 1331 4612 quasi
1353 4539 1413 4590 cor
1430 4539 1541 4590 uuum
1564 4521 1733 4594 stenima
1750 4543 1822 4596 una
1839 4545 1918 4596 cum

506 4641 662 4738 principe
689 4643 905 4734 censebatur,
930 4641 1045 4716 subito
1072 4639 1238 4737 proditor,
1263 4641 1378 4716 subito
1404 4643 1473 4735 lur,
1498 4643 1614 4716 subito
1636 4645 1688 4718 tui
1712 4645 1864 4719 nominis
1886 4655 1918 4719 et
