4296 5898
1069 523 1280 591 salutate!
1305 529 1479 592 saeuum
1788 532 1869 610 [An.
1887 533 1968 596 iffi.

781 831 930 843 'fle-nn—

379 1095 507 1196 013pr
614 1071 643 1156 F
644 1071 850 1180 ridericus,
874 1073 1135 1160 Romanorum
1165 1077 1389 1190 imperatur,
1410 1076 1590 1166 Aibercni
1608 1079 1735 1166 abbati
1753 1079 1969 1166 Nwenbur-

354 1203 529 1248 ¹⁷¹⁶ffl¹¹²
563 1208 670 1318 gensi
688 1207 727 1290 in
745 1208 890 1292 Alsatia
907 1219 944 1293 et
961 1209 1142 1296 fratribus
1156 1211 1238 1324 ejus
1256 1204 1475 1326 processum
1494 1216 1608 1299 unius
1621 1215 1728 1298 navis
1750 1215 1791 1298 in
1814 1242 1969 1298 ascensu

562 1352 599 1426 et
619 1343 803 1426 descensu
817 1341 939 1428 Rheni
957 1372 1046 1429 cum
1064 1347 1305 1434 immunitate
1325 1349 1600 1464 cujuscumque
1617 1349 1821 1434 exactionis
1839 1360 1876 1434 et
1890 1350 1971 1434 thc-

560 1476 660 1561 louei
675 1477 858 1562 concedit.

641 1693 735 1770 (Edld
759 1695 985 1771 Wuunrwnm,
1009 1695 1090 1760 aava
1111 1693 1215 1759 masa
1235 1695 1400 1779 optuma,
1424 1705 1495 1760 mm
1516 1696 1606 1773 xm,
1629 1717 1658 1778 p.
1684 1707 1738 1762 m
1750 1742 1759 1772 ,
1784 1715 1824 1760 ex
1844 1699 1967 1760 drnrtut.

680 1801 804 1864 manbr.
825 1802 896 1865 abb.
916 1802 1080 1882 Neoburg„
1100 1803 1149 1866 tot.
1174 1815 1230 1880 ta,
1249 1805 1279 1868 b.
1298 1837 1337 1854 -
1352 1806 1425 1871 Call.
1452 1823 1521 1870 cunr
1546 1813 1732 1886 smmpto
1758 1808 1970 1870 confirmado

679 1909 800 1970 Hauriat
813 1910 1013 1972 Romanarum
1027 1913 1104 1990 repta
1117 1927 1185 1974 ann.
1207 1917 1401 1994 1228,eu1us
1412 1914 1555 1994 originale
1566 1917 1650 1976 extat
1660 1916 1693 1976 tu
1705 1913 1818 1976 neura.
1831 1914 1969 1992 prades.

680 2015 760 2095 apud
777 2016 986 2096 Argenttnam,
1005 2017 1100 2080 Tum
1118 2016 1153 2079 de
1169 2017 1340 2102 Neam,
1358 2020 1526 2084 umnam
1541 2023 1662 2082 mttnm
1674 2027 1706 2082 et
1717 2023 1796 2084 nous
1814 2021 1971 2082 chronolo-

679 2125 752 2202 gicis
768 2125 800 2184 tn
813 2123 870 2185 hoc
888 2130 986 2186 umen
998 2123 1225 2206 deficientibus.)

608 2311 803 2386 Fridaricus
826 2311 1001 2386 secundus
1020 2311 1141 2386 divina
1157 2313 1296 2388 favente
1321 2315 1504 2388 clementia
1521 2313 1752 2388 Romanorum
1774 2313 1967 2410 imperator,

561 2461 696 2536 semper
713 2447 930 2534 augustusc
944 2461 1008 2512 rex
1024 2439 1159 2533 Sicilie,
1186 2439 1350 2513 omnibus
1373 2441 1409 2512 in
1433 2449 1650 2536 perpetuum.
1676 2439 1763 2512 Cum
1786 2439 1970 2533 imperialis

560 2565 746 2640 eminentia
765 2571 800 2638 et
824 2573 987 2638 consuete
1012 2565 1246 2639 benivolentia
1270 2564 1509 2638 habundantia
1536 2562 1688 2661 expertis
1713 2561 1875 2636 flactibus
1899 2563 1970 2638 suis

561 2689 678 2764 debita
699 2698 859 2785 procuret
879 2699 1032 2785 tempore
1055 2699 1089 2762 et
1105 2689 1180 2762 loco
1204 2689 1372 2786 impertiri
1392 2687 1578 2779 beneficia,
1595 2709 1660 2761 nos
1683 2687 1868 2784 specialius
1887 2689 1968 2761 tales

560 2835 764 2912 promovere
792 2813 1003 2887 intendimus
1026 2833 1192 2910 personas
1217 2835 1366 2910 quarum
1389 2813 1602 2888 orationibus
1628 2822 1663 2886 et
1688 2812 1885 2886 elemosinis
1907 2833 1969 2885 sa·

561 2941 668 3012 lutem
685 2939 786 3012 nobis
803 2944 839 3011 et
857 2938 1002 3034 imperio
1017 2960 1098 3011 cum
1121 2959 1272 3034 superna
1292 2937 1527 3012 retributionis
1544 2937 1676 3034 premio
1693 2959 1874 3034 speramus
1887 2959 1968 3033 pro-

563 3064 694 3136 venire.
721 3065 772 3136 Ea
796 3071 935 3160 propter
959 3062 1217 3137 considerantes
1242 3063 1455 3138 honestatem
1476 3063 1683 3139 venerabilis
1707 3061 1889 3137 Albemnis
1906 3063 1967 3136 ab·

563 3189 653 3262 batis
676 3187 997 3280 Nuwenburgensis
1030 3187 1066 3260 in
1093 3187 1223 3262 Alsatia
1248 3209 1459 3284 suorumque
1486 3189 1693 3262 condatrum
1723 3189 1784 3283 qui
1819 3187 1966 3284 quadam

563 3312 780 3410 prerogativa
808 3311 949 3409 speciali
976 3311 1105 3409 optime
1135 3313 1404 3387 conversationis
1430 3313 1598 3387 hactenus
1628 3313 1831 3388 excellentia
1857 3323 1968 3387 nostre

561 3438 746 3511 familiares
775 3435 964 3510 extiterunt
981 3446 1016 3510 et
1041 3437 1195 3534 accepti,
1217 3461 1263 3511 ne
1281 3439 1402 3512 merita
1420 3459 1539 3512 eorum
1561 3437 1637 3512 sina
1659 3437 1777 3513 debita
1793 3450 1908 3514 nostra
1925 3439 1966 3512 li·

561 3563 749 3636 beralitatis
779 3571 1004 3659 permancant
1037 3563 1376 3660 recompensatione,
1404 3585 1467 3660 pro
1496 3565 1608 3637 saluta
1633 3573 1750 3637 nocua
1777 3571 1813 3638 et
1837 3563 1965 3662 imperii

561 3687 824 3782 animarumque
839 3686 1003 3760 divorum
1018 3687 1276 3783 progenitorum
1291 3697 1484 3761 nosuorum
1499 3685 1676 3781 remedio,'
1688 3687 1875 3784 recipiente
1891 3711 1966 3785 per·

560 3814 721 3887 sonaliter
741 3835 762 3887 a
784 3813 945 3885 manibus
965 3813 1153 3910 imperialis
1172 3813 1358 3908 majestatis
1380 3821 1494 3888 nostre
1517 3813 1643 3888 abbate
1668 3812 1859 3904 antedicto,
1882 3835 1965 3886 ouu-

560 3938 701 4011 tutimus
727 3936 841 4010 eidem
869 3946 905 4010 et
923 3939 1108 4010 conventui
1129 3938 1407 4034 Nwauburgeusi
1429 3958 1620 4033 eorumque
1633 3935 1787 4032 posteris
1809 3935 1964 4009 omnibus

560 4065 596 4137 in
616 4062 739 4138 eodem
759 4066 833 4136 loco
850 4063 922 4136 Deo
940 4062 1218 4137 deservientibus
1241 4085 1439 4161 processum
1457 4061 1508 4162 (a)
1524 4061 1624 4136 navis
1642 4061 1747 4134 unius
1768 4059 1805 4132 in
1828 4059 1959 4151 Rheno,

559 4189 607 4262 ita
630 4187 727 4285 quod
750 4187 785 4259 in
817 4187 988 4262 descensu
1019 4197 1054 4263 et
1079 4209 1224 4264 ascensu
1252 4212 1316 4286 per
1343 4188 1500 4262 Rhenum
1528 4187 1565 4261 in
1594 4187 1688 4260 nullo
1720 4185 1861 4260 omuino
1893 4186 1962 4258 loco

558 4313 678 4388 tratres
703 4315 881 4388 memorati
903 4314 960 4386 vel
983 4335 1104 4388 eorum
1126 4314 1238 4386 nuntii
1262 4313 1299 4386 in
1328 4314 1411 4388 navi
1437 4314 1621 4408 illaquam
1646 4311 1712 4407 ipsi
1736 4309 1802 4384 sibi
1829 4309 1878 4385 ad
1900 4311 1961 4382 hcc

559 4438 813 4535 adaptaverim,
831 4438 935 4513 ultam
957 4440 1131 4536 patiantur
1156 4439 1372 4514 exactionem
1400 4439 1537 4514 nomine
1567 4437 1716 4512 thelonei
1740 4439 1798 4511 rel
1827 4435 1959 4510 alterius

601 4649 642 4730 (a)
665 4651 701 4714 In
717 4657 903 4732 transumpto
914 4650 1050 4734 fractas,
1065 4655 1167 4717 mtnus
1178 4659 1266 4718 reeta
