4368 5876
210 517 309 578 lsortr.
325 515 369 595 9.]
669 513 866 578 ntstotttl
892 512 1185 576 clitellarios.
1575 517 1633 579 175

211 653 359 727 mixtum
382 651 569 748 imperinm
594 649 670 724 sine
692 651 888 746 aliquorum
913 650 1133 727 dominorum
1156 673 1456 747 quorumcumque
1474 653 1631 726 molestia

210 787 248 851 et
261 777 450 855 vexatione
467 777 718 871 cujuscumque
736 775 950 850 auctoritatis
963 785 998 849 et
1016 775 1192 872 dignitatis
1208 776 1376 869 existant,
1398 778 1631 873 possessiones

211 911 247 976 et
265 901 439 975 libertates
459 923 549 996 quas
572 899 667 974 dono
687 899 848 975 ltainaldi
871 900 917 975 de
938 899 1067 975 Gnasto
1092 900 1227 974 comitis
1253 901 1364 976 sancti
1381 900 1487 975 Marci
1516 901 1631 996 ipsum

212 1025 459 1100 monasterinm
478 1024 634 1121 possidet
651 1034 686 1100 et
703 1035 809 1114 tonet,
830 1025 993 1100 videlicet
1008 1026 1124 1099 locum
1141 1027 1266 1100 Suncte
1282 1025 1417 1120 Agathe
1434 1026 1523 1099 inter
1539 1028 1631 1101 blal-

211 1160 331 1224 vetnm
346 1158 382 1224 et
402 1152 636 1244 Sangenetnm
659 1173 766 1247 quem
785 1151 901 1224 locum
928 1150 1029 1225 vobis
1056 1151 1233 1247 predictus
1261 1172 1376 1224 comes
1400 1151 1543 1246 largitos
1563 1162 1628 1245 est,

210 1275 302 1349 siout
315 1275 352 1348 in
368 1274 599 1349 instrumento
610 1276 750 1372 publico
761 1277 859 1372 qnod
871 1276 954 1350 inde
970 1277 1073 1350 vobis
1089 1277 1169 1350 fecit
1181 1284 1216 1349 et
1232 1277 1332 1350 nobis
1347 1276 1536 1350 clarissime
1548 1300 1630 1352 con·

211 1401 297 1474 stitit
312 1401 450 1498 plenius
469 1401 666 1475 continetur
682 1401 748 1499 (t).
769 1402 998 1477 Concedimus
1020 1403 1126 1477 etiam
1142 1402 1244 1476 vobis
1261 1412 1296 1475 et
1316 1411 1483 1500 perpetuo
1500 1403 1632 1476 contir-

210 1547 348 1599 mamos
368 1527 595 1601 tenimentum
614 1528 775 1602 Rotunde
795 1527 900 1601 maris
915 1538 951 1601 et
968 1528 1139 1624 Trisagie,
1156 1548 1226 1624 que
1247 1528 1434 1603 tenimenta
1453 1529 1630 1623 qnondam

211 1651 397 1748 magnilica
422 1651 563 1726 domina
583 1649 757 1725 Albereda
779 1674 842 1749 pro
868 1651 1022 1726 remedio
1050 1651 1244 1726 animarum
1261 1651 1525 1743 magnificorum
1547 1675 1631 1750 pro-

210 1777 405 1874 genitorum
434 1799 578 1850 suorum
605 1797 741 1851 necnon
766 1786 802 1850 et
828 1798 892 1875 pro
915 1778 1027 1851 salute
1049 1779 1163 1850 anime
1190 1799 1255 1852 sne
1279 1777 1394 1853 eidem
1423 1779 1631 1852 monasterio

211 1903 382 1976 concessit
396 1910 432 1976 et
447 1901 547 1976 dedit
562 1924 642 1976 oum
658 1903 823 1977 omnibns
843 1903 982 1995 jnribns
998 1911 1033 1976 ct
1048 1902 1265 1999 pertinentiis
1285 1912 1321 1977 et
1335 1903 1525 1977 honoribus
1541 1904 1627 1996 suis,

210 2049 291 2100 oum
310 2027 509 2102 introitibus
522 2037 558 2103 et
573 2029 726 2104 exitibus
744 2029 832 2120 suis,
853 2053 934 2103 oum
951 2028 1151 2114 arboribus,
1168 2030 1270 2102 cultis
1287 2039 1322 2103 et
1337 2029 1493 2122 incultis,
1513 2030 1627 2125 aquis,

211 2152 341 2245 herbis,
365 2153 521 2250 pascois,
542 2153 751 2229 molendinis
773 2155 873 2230 factis
888 2164 924 2228 et
943 2154 1141 2230 reficiendis
1163 2163 1198 2228 et
1214 2154 1377 2228 omnibus
1398 2155 1489 2229 intra
1505 2177 1544 2229 se
1561 2156 1629 2231 ba·

210 2275 293 2350 bitis
320 2287 355 2350 et
383 2278 569 2370 contentis;
587 2301 658 2375 qne
677 2281 795 2354 omnia
817 2279 974 2376 predicto
989 2280 1197 2354 monasterio
1216 2280 1388 2354 donamus
1409 2290 1444 2355 et
1466 2280 1512 2355 de
1537 2303 1629 2356 novo

209 2403 435 2478 oonoodimus
458 2414 493 2479 et
507 2404 754 2480 confirmamus
768 2406 874 2480 libere
890 2417 925 2480 et
940 2407 1097 2480 absolute
1123 2415 1164 2479 ut
1187 2407 1313 2481 amodo
1336 2407 1373 2478 in
1396 2417 1499 2482 antea
1520 2407 1631 2482 dictas

209 2537 338 2621 terrae,
371 2529 482 2619 bona,
510 2531 606 2623 loca,
635 2533 815 2624 forestam,
843 2531 1029 2605 tenimenta
1055 2541 1090 2604 et
1115 2531 1232 2604 omnia
1258 2530 1414 2628 predicta
1436 2531 1629 2627 predictum

209 2655 457 2728 monasterium
475 2655 736 2753 inperpetuum
754 2656 899 2750 babeat,
921 2665 1034 2730 teneat
1052 2663 1087 2729 et
1103 2655 1281 2752 possideat
1298 2657 1431 2752 absque
1447 2656 1630 2750 cujuslibet

210 2780 451 2854 contrarietate
466 2783 524 2855 vel
544 2782 727 2855 exactione
743 2781 888 2874 servitii,
906 2781 1073 2878 percipiat
1091 2781 1200 2878 etiam
1218 2780 1420 2855 affidaturas
1441 2783 1488 2855 ab
1508 2782 1630 2855 homi-

210 2904 316 2976 nibus
340 2905 514 2980 extraneis
535 2908 596 3001 qni
622 2907 785 2982 animalia
810 2909 848 2980 in
871 2909 1068 2982 tenimentis
1092 2908 1177 3004 ipsis
1204 2907 1479 2982 adsumendum
1500 2929 1630 3004 pesona

211 3027 390 3122 duxerint,
409 3039 445 3104 et
461 3031 623 3105 animalia
640 3031 724 3107 dicti
741 3033 938 3107 monasterii
954 3055 1025 3128 qne
1041 3033 1170 3106 fuerint
1187 3033 1223 3106 in
1245 3032 1437 3107 custodiam
1455 3035 1532 3128 ejus
1546 3055 1627 3108 nec·

210 3173 281 3225 non
295 3153 459 3229 animalia
476 3155 656 3229 hominurn
674 3167 709 3230 et
728 3165 906 3254 pastorum
920 3167 955 3232 et
972 3159 1198 3232 servientium
1220 3159 1332 3255 ipsius
1349 3158 1546 3232 monasterii
1567 3180 1628 3256 per·

211 3287 321 3354 totum
342 3280 569 3354 tenimentum
587 3282 744 3375 Ordeoli,
768 3283 883 3358 Roseti
908 3291 943 3358 et
969 3306 1032 3380 per·
1056 3292 1166 3358 toturn
1192 3283 1393 3357 demanium
1415 3291 1571 3357 nostrum
1594 3294 1630 3357 et

210 3403 424 3500 ubicumque
436 3405 564 3480 luerint
580 3407 688 3481 libere
702 3407 786 3483 inde
804 3417 965 3506 pascant,
990 3419 1257 3503 commorentur,
1277 3411 1414 3507 cupient
1427 3418 1462 3484 et
1480 3409 1629 3484 babeant

210 3549 431 3624 quecumque
450 3531 662 3625 necessaria,
682 3553 791 3630 aquae
808 3532 883 3607 eive
900 3515 1088 3629 glandagia
1106 3543 1141 3608 et
1160 3534 1339 3630 herbagia,
1361 3536 1478 3608 caulas
1498 3534 1628 3609 ibidem

248 3891 283 3966 (4)
301 3892 360 3950 tam
373 3899 454 3952 antea
465 3909 536 3954 anno
549 3898 620 3954 teto
634 3894 780 3969 Gregorius
793 3897 884 3956 Sancti
902 3895 1035 3956 Theodori
1054 3897 1184 3956 diaeonus
1201 3895 1344 3955 cardinalis
1361 3895 1501 3954 eeclesiam
1517 3895 1632 3954 Sanctae

210 3989 331 4064 Agatbae
342 3992 503 4051 monasterio
517 3993 551 4051 de
564 3993 707 4068 Sagittario
718 3994 923 4052 confirmaverat
935 4012 985 4070 per
1001 3995 1169 4072 privilegium
1187 3995 1279 4054 datum
1296 3995 1435 4066 Panormi,
1449 3997 1466 4052 4
1480 3993 1541 4052 idus
1554 3999 1632 4052 coto·

210 4089 278 4162 bris,
289 4091 434 4150 indictione
444 4096 489 4166 ⁴3,
498 4094 726 4152 annolnneeentii
741 4093 815 4152 tertii
828 4094 998 4154 duodecimo.
1010 4094 1050 4154 Cl.
1064 4096 1185 4168 brunus,
1202 4094 1312 4166 ibidem,
1329 4111 1358 4169 p.
1373 4095 1419 4152 44.
1431 4092 1537 4150 Adsunt
1549 4093 1630 4150 etiam

210 4203 257 4263 cp.
272 4189 397 4247 eumdem
409 4190 438 4247 in
453 4191 515 4247 Vite
531 4191 565 4247 B.
582 4189 643 4248 iob.
657 4208 677 4248 o
691 4189 853 4263 carcereis,
869 4208 899 4267 p.
915 4195 949 4248 43
962 4197 990 4248 ct
1002 4194 1050 4264 45,
1064 4192 1118 4250 duo
1136 4191 1316 4250 instrumenta
1326 4189 1456 4265 Raynuldi
1474 4190 1509 4247 de
1528 4188 1630 4246 Guasto

210 4285 319 4343 comitis
332 4285 422 4344 Sancti
434 4287 534 4346 ltaroi:
548 4288 667 4362 primunr
680 4303 736 4364 qno
748 4288 792 4346 ille
804 4305 858 4346 una
875 4303 939 4346 cum
959 4287 1062 4363 lgnete
1078 4293 1202 4346 consorte
1214 4304 1264 4346 sua
1275 4293 1303 4346 et
1312 4287 1441 4346 lticcarde
1452 4285 1554 4346 sororio
1568 4301 1628 4358 erro,

212 4381 274 4442 tiliis
282 4384 384 4459 Ugoois
396 4385 432 4444 de
441 4385 620 4459 claromonte,
636 4386 719 4445 donet
733 4386 859 4446 Sicelinm
873 4386 1005 4446 ecclesiae
1016 4387 1129 4446 Sanctae
1139 4386 1239 4446 Mariae
1251 4387 1286 4444 de
1297 4385 1441 4444 Benavdb
1454 4385 1559 4444 noviter
1570 4383 1630 4442 lun·

211 4483 292 4542 dame
302 4483 331 4541 in
342 4484 511 4558 pertinentiis
523 4485 681 4544 monasterii
692 4485 727 4544 de
738 4485 890 4561 Sagittario,
905 4502 976 4545 anno
990 4489 1069 4560 ⁴203,
1086 4491 1210 4562 augusto,
1220 4491 1313 4544 sextae
1326 4484 1488 4556 indictionis,
1500 4487 1631 4558 regnante

211 4578 347 4638 Friderico
360 4597 431 4639 anno
448 4585 481 4654 63
499 4581 612 4640 alterum
634 4599 689 4658 quo
706 4599 804 4644 novam
820 4583 909 4643 eidem
921 4585 1085 4644 monasterio
1096 4581 1297 4644 concessionem
1310 4582 1442 4656 indulget,
1460 4596 1531 4639 anno
1549 4580 1629 4651 till,

212 4679 320 4754 martio,
335 4681 469 4738 secundm
483 4680 648 4742 indictionis.
