<?xml version="1.0" encoding="UTF-8"?>
<!DOCTYPE html PUBLIC "-//W3C//DTD XHTML 1.0 Transitional//EN"
    "http://www.w3.org/TR/xhtml1/DTD/xhtml1-transitional.dtd">
<html xmlns="http://www.w3.org/1999/xhtml" xml:lang="en" lang="en">
 <head>
  <title>
</title>
<meta http-equiv="Content-Type" content="text/html;charset=utf-8" />
  <meta name='ocr-system' content='tesseract 3.04.00' />
  <meta name='ocr-capabilities' content='ocr_page ocr_carea ocr_par ocr_line ocrx_word'/>
</head>
<body>
  <div class='ocr_page' id='page_1' title='image "./historiadiploma08fredgoog_0379.png"; bbox 0 0 4292 5894; ppageno 0'>
   <div class='ocr_carea' id='block_1_1' title="bbox 182 599 1149 687">
    <p class='ocr_par' dir='ltr' id='par_1_1' title="bbox 182 599 1149 687">
     <span class='ocr_line' id='line_1_1' title="bbox 182 599 1149 687; baseline -0.008 -15"><span class='ocrx_word' id='word_1_1' title='bbox 182 609 279 672; x_wconf 72' lang='lat' dir='ltr'><strong>burm.</strong></span> <span class='ocrx_word' id='word_1_2' title='bbox 296 608 361 687; x_wconf 91' lang='lat' dir='ltr'><strong>ll.]</strong></span> <span class='ocrx_word' id='word_1_3' title='bbox 634 601 832 666; x_wconf 73' lang='lat' dir='ltr'>HISTORIA</span> <span class='ocrx_word' id='word_1_4' title='bbox 856 599 1149 666; x_wconf 78' lang='lat' dir='ltr'><strong>olrtotrnrtca</strong></span> 
     </span>
    </p>
   </div>
   <div class='ocr_carea' id='block_1_2' title="bbox 183 1193 1759 1711">
    <p class='ocr_par' dir='ltr' id='par_1_2' title="bbox 183 1193 1759 1711">
     <span class='ocr_line' id='line_1_2' title="bbox 236 1193 1759 1320; baseline -0.004 -39"><span class='ocrx_word' id='word_1_5' title='bbox 236 1197 470 1305; x_wconf 84' lang='lat' dir='ltr'><strong>Fridericus,</strong></span> <span class='ocrx_word' id='word_1_6' title='bbox 489 1196 752 1282; x_wconf 87' lang='lat' dir='ltr'><strong>Romanorum</strong></span> <span class='ocrx_word' id='word_1_7' title='bbox 773 1195 994 1305; x_wconf 83' lang='lat' dir='ltr'><strong>imperator,</strong></span> <span class='ocrx_word' id='word_1_8' title='bbox 1020 1195 1093 1280; x_wconf 91' lang='lat' dir='ltr'><strong>sub</strong></span> <span class='ocrx_word' id='word_1_9' title='bbox 1114 1195 1349 1306; x_wconf 87' lang='lat' dir='ltr'><strong>protectione</strong></span> <span class='ocrx_word' id='word_1_10' title='bbox 1371 1220 1440 1277; x_wconf 91' lang='lat' dir='ltr'><strong>sua</strong></span> <span class='ocrx_word' id='word_1_11' title='bbox 1464 1193 1597 1305; x_wconf 78' lang='lat' dir='ltr'>recipit</span> <span class='ocrx_word' id='word_1_12' title='bbox 1659 1215 1759 1320; x_wconf 54' lang='lat' dir='ltr'><strong>effi.</strong></span> 
     </span>
     <span class='ocr_line' id='line_1_3' title="bbox 184 1328 1697 1440; baseline -0.003 -23"><span class='ocrx_word' id='word_1_13' title='bbox 184 1330 409 1417; x_wconf 85' lang='lat' dir='ltr'><strong>Aldierdam</strong></span> <span class='ocrx_word' id='word_1_14' title='bbox 427 1332 557 1416; x_wconf 83' lang='lat' dir='ltr'><strong>Sancti</strong></span> <span class='ocrx_word' id='word_1_15' title='bbox 576 1331 717 1416; x_wconf 85' lang='lat' dir='ltr'><strong>Cesarii</strong></span> <span class='ocrx_word' id='word_1_16' title='bbox 733 1329 963 1415; x_wconf 78' lang='lat' dir='ltr'><strong>Arelatensis</strong></span> <span class='ocrx_word' id='word_1_17' title='bbox 981 1331 1213 1416; x_wconf 75' lang='lat' dir='ltr'>abbatissam</span> <span class='ocrx_word' id='word_1_18' title='bbox 1232 1357 1322 1414; x_wconf 89' lang='lat' dir='ltr'><strong>oum</strong></span> <span class='ocrx_word' id='word_1_19' title='bbox 1334 1328 1417 1440; x_wconf 84' lang='lat' dir='ltr'><strong>ejus</strong></span> <span class='ocrx_word' id='word_1_20' title='bbox 1430 1354 1595 1414; x_wconf 81' lang='lat' dir='ltr'><strong>monas·</strong></span> <span class='ocrx_word' id='word_1_21' title='bbox 1694 1379 1697 1388; x_wconf 92' lang='lat'>·</span> 
     </span>
     <span class='ocr_line' id='line_1_4' title="bbox 183 1462 1598 1577; baseline -0.001 -29"><span class='ocrx_word' id='word_1_22' title='bbox 183 1464 297 1570; x_wconf 82' lang='lat' dir='ltr'><strong>tenc,</strong></span> <span class='ocrx_word' id='word_1_23' title='bbox 319 1491 533 1577; x_wconf 86' lang='lat' dir='ltr'><strong>omnesque</strong></span> <span class='ocrx_word' id='word_1_24' title='bbox 549 1463 808 1576; x_wconf 88' lang='lat' dir='ltr'><strong>possessiones</strong></span> <span class='ocrx_word' id='word_1_25' title='bbox 825 1463 1025 1550; x_wconf 86' lang='lat' dir='ltr'><strong>confirmat</strong></span> <span class='ocrx_word' id='word_1_26' title='bbox 1042 1490 1208 1576; x_wconf 85' lang='lat' dir='ltr'><strong>quarum</strong></span> <span class='ocrx_word' id='word_1_27' title='bbox 1225 1463 1450 1574; x_wconf 79' lang='lat' dir='ltr'><strong>praecipuae</strong></span> <span class='ocrx_word' id='word_1_28' title='bbox 1466 1462 1506 1544; x_wconf 91' lang='lat' dir='ltr'><strong>in</strong></span> <span class='ocrx_word' id='word_1_29' title='bbox 1525 1463 1598 1546; x_wconf 93' lang='lat' dir='ltr'><strong>hoc</strong></span> 
     </span>
     <span class='ocr_line' id='line_1_5' title="bbox 183 1598 661 1711; baseline -0.006 -27"><span class='ocrx_word' id='word_1_30' title='bbox 183 1598 383 1711; x_wconf 76' lang='lat' dir='ltr'><strong>privilegio</strong></span> <span class='ocrx_word' id='word_1_31' title='bbox 405 1607 661 1684; x_wconf 85' lang='lat' dir='ltr'><strong>recenseatur.</strong></span> 
     </span>
    </p>
   </div>
   <div class='ocr_carea' id='block_1_3' title="bbox 266 1823 1602 2572">
    <p class='ocr_par' dir='ltr' id='par_1_3' title="bbox 266 1823 1602 2572">
     <span class='ocr_line' id='line_1_6' title="bbox 266 1823 1599 1926; baseline -0.001 -21"><span class='ocrx_word' id='word_1_32' title='bbox 266 1843 383 1926; x_wconf 78' lang='lat' dir='ltr'><strong>(laedit.</strong></span> <span class='ocrx_word' id='word_1_33' title='bbox 393 1861 443 1924; x_wconf 85' lang='lat' dir='ltr'><strong>ap.</strong></span> <span class='ocrx_word' id='word_1_34' title='bbox 453 1846 655 1918; x_wconf 80' lang='lat' dir='ltr'><strong>Bosnmsn,</strong></span> <span class='ocrx_word' id='word_1_35' title='bbox 666 1843 743 1906; x_wconf 74' lang='lat' dir='ltr'><strong>Htct.</strong></span> <span class='ocrx_word' id='word_1_36' title='bbox 756 1847 785 1906; x_wconf 77' lang='lat' dir='ltr'><strong>et</strong></span> <span class='ocrx_word' id='word_1_37' title='bbox 796 1839 900 1906; x_wconf 77' lang='lat' dir='ltr'><strong>cartul.</strong></span> <span class='ocrx_word' id='word_1_38' title='bbox 914 1839 949 1904; x_wconf 80' lang='lat' dir='ltr'><strong>dc</strong></span> <span class='ocrx_word' id='word_1_39' title='bbox 959 1839 1044 1904; x_wconf 78' lang='lat' dir='ltr'><strong>tato.</strong></span> <span class='ocrx_word' id='word_1_40' title='bbox 1055 1859 1116 1924; x_wconf 81' lang='lat' dir='ltr'><strong>roy.</strong></span> <span class='ocrx_word' id='word_1_41' title='bbox 1127 1840 1163 1904; x_wconf 73' lang='lat' dir='ltr'><strong>do</strong></span> <span class='ocrx_word' id='word_1_42' title='bbox 1172 1845 1203 1904; x_wconf 83' lang='lat' dir='ltr'><strong>s.</strong></span> <span class='ocrx_word' id='word_1_43' title='bbox 1213 1841 1329 1906; x_wconf 64' lang='lat' dir='ltr'><strong>ababa</strong></span> <span class='ocrx_word' id='word_1_44' title='bbox 1341 1823 1465 1918; x_wconf 63' lang='lat' dir='ltr'><strong>aaran,</strong></span> <span class='ocrx_word' id='word_1_45' title='bbox 1474 1847 1599 1920; x_wconf 72' lang='lat' dir='ltr'><strong>rpart„</strong></span> 
     </span>
     <span class='ocr_line' id='line_1_7' title="bbox 305 1950 1600 2032; baseline -0.001 -18"><span class='ocrx_word' id='word_1_46' title='bbox 305 1951 329 2014; x_wconf 80' lang='lat' dir='ltr'><strong>l.</strong></span> <span class='ocrx_word' id='word_1_47' title='bbox 351 1960 400 2028; x_wconf 87' lang='lat'><strong>1⁰,</strong></span> <span class='ocrx_word' id='word_1_48' title='bbox 414 1951 500 2015; x_wconf 84' lang='lat' dir='ltr'><strong>MSS.</strong></span> <span class='ocrx_word' id='word_1_49' title='bbox 514 1951 654 2016; x_wconf 88' lang='lat' dir='ltr'><strong>Blbllotb.</strong></span> <span class='ocrx_word' id='word_1_50' title='bbox 670 1951 798 2028; x_wconf 78' lang='lat' dir='ltr'><strong>Arctet,</strong></span> <span class='ocrx_word' id='word_1_51' title='bbox 813 1954 865 2032; x_wconf 87' lang='lat' dir='ltr'><strong>qul</strong></span> <span class='ocrx_word' id='word_1_52' title='bbox 878 1953 1063 2030; x_wconf 77' lang='lat' dir='ltr'><strong>nansctpstt</strong></span> <span class='ocrx_word' id='word_1_53' title='bbox 1082 1969 1121 2014; x_wconf 89' lang='lat' dir='ltr'><strong>ex</strong></span> <span class='ocrx_word' id='word_1_54' title='bbox 1138 1953 1275 2030; x_wconf 81' lang='lat' dir='ltr'><strong>originali</strong></span> <span class='ocrx_word' id='word_1_55' title='bbox 1288 1953 1319 2012; x_wconf 92' lang='lat' dir='ltr'><strong>ln</strong></span> <span class='ocrx_word' id='word_1_56' title='bbox 1340 1950 1421 2012; x_wconf 88' lang='lat' dir='ltr'><strong>arch.</strong></span> <span class='ocrx_word' id='word_1_57' title='bbox 1437 1951 1469 2012; x_wconf 84' lang='lat' dir='ltr'><strong>S.</strong></span> <span class='ocrx_word' id='word_1_58' title='bbox 1486 1951 1600 2026; x_wconf 69' lang='lat' dir='ltr'><strong>Cesar„</strong></span> 
     </span>
     <span class='ocr_line' id='line_1_8' title="bbox 307 2057 1602 2140; baseline -0.003 -16"><span class='ocrx_word' id='word_1_59' title='bbox 307 2063 352 2124; x_wconf 85' lang='lat' dir='ltr'><strong>tlt</strong></span> <span class='ocrx_word' id='word_1_60' title='bbox 361 2059 400 2134; x_wconf 83' lang='lat' dir='ltr'><strong>V,</strong></span> <span class='ocrx_word' id='word_1_61' title='bbox 407 2060 488 2140; x_wconf 84' lang='lat' dir='ltr'><strong>quod</strong></span> <span class='ocrx_word' id='word_1_62' title='bbox 497 2076 578 2122; x_wconf 87' lang='lat' dir='ltr'><strong>nnnc</strong></span> <span class='ocrx_word' id='word_1_63' title='bbox 586 2061 791 2122; x_wconf 83' lang='lat' dir='ltr'><strong>asservaturln</strong></span> <span class='ocrx_word' id='word_1_64' title='bbox 802 2060 923 2122; x_wconf 80' lang='lat' dir='ltr'><strong>archivo</strong></span> <span class='ocrx_word' id='word_1_65' title='bbox 931 2057 1131 2137; x_wconf 82' lang='lat' dir='ltr'><strong>praefecturae</strong></span> <span class='ocrx_word' id='word_1_66' title='bbox 1139 2059 1602 2138; x_wconf 77' lang='lat' dir='ltr'><strong>Massiliensis-Extatquoqne</strong></span> 
     </span>
     <span class='ocr_line' id='line_1_9' title="bbox 306 2163 1601 2250; baseline -0.001 -20"><span class='ocrx_word' id='word_1_67' title='bbox 306 2185 375 2231; x_wconf 86' lang='lat' dir='ltr'><strong>cnm</strong></span> <span class='ocrx_word' id='word_1_68' title='bbox 388 2170 480 2231; x_wconf 86' lang='lat' dir='ltr'><strong>altero</strong></span> <span class='ocrx_word' id='word_1_69' title='bbox 493 2167 573 2231; x_wconf 85' lang='lat' dir='ltr'><strong>lnlra</strong></span> <span class='ocrx_word' id='word_1_70' title='bbox 586 2168 765 2244; x_wconf 85' lang='lat' dir='ltr'><strong>exhlbendo,</strong></span> <span class='ocrx_word' id='word_1_71' title='bbox 775 2183 825 2247; x_wconf 84' lang='lat' dir='ltr'><strong>ap.</strong></span> <span class='ocrx_word' id='word_1_72' title='bbox 836 2168 918 2230; x_wconf 84' lang='lat' dir='ltr'><strong>arch.</strong></span> <span class='ocrx_word' id='word_1_73' title='bbox 932 2183 1036 2230; x_wconf 89' lang='lat' dir='ltr'><strong>comm.</strong></span> <span class='ocrx_word' id='word_1_74' title='bbox 1053 2167 1179 2248; x_wconf 81' lang='lat' dir='ltr'><strong>Arctet,</strong></span> <span class='ocrx_word' id='word_1_75' title='bbox 1189 2163 1298 2250; x_wconf 75' lang='lat' dir='ltr'><strong>lt&#39;qlbe,</strong></span> <span class='ocrx_word' id='word_1_76' title='bbox 1312 2173 1333 2229; x_wconf 80' lang='lat' dir='ltr'><strong>t.</strong></span> <span class='ocrx_word' id='word_1_77' title='bbox 1350 2167 1376 2244; x_wconf 89' lang='lat'><strong>1,</strong></span> <span class='ocrx_word' id='word_1_78' title='bbox 1393 2175 1426 2228; x_wconf 79' lang='lat' dir='ltr'><strong>n·</strong></span> <span class='ocrx_word' id='word_1_79' title='bbox 1436 2177 1485 2242; x_wconf 82' lang='lat'><strong>86,</strong></span> <span class='ocrx_word' id='word_1_80' title='bbox 1501 2171 1601 2229; x_wconf 87' lang='lat' dir='ltr'><strong>trans-</strong></span> 
     </span>
     <span class='ocr_line' id='line_1_10' title="bbox 307 2273 1601 2356; baseline -0.002 -18"><span class='ocrx_word' id='word_1_81' title='bbox 307 2278 435 2355; x_wconf 83' lang='lat' dir='ltr'><strong>criptum</strong></span> <span class='ocrx_word' id='word_1_82' title='bbox 453 2279 487 2338; x_wconf 86' lang='lat' dir='ltr'><strong>ln</strong></span> <span class='ocrx_word' id='word_1_83' title='bbox 505 2277 658 2356; x_wconf 81' lang='lat' dir='ltr'><strong>prlulleglo</strong></span> <span class='ocrx_word' id='word_1_84' title='bbox 678 2277 862 2354; x_wconf 83' lang='lat' dir='ltr'><strong>imperatoris</strong></span> <span class='ocrx_word' id='word_1_85' title='bbox 879 2273 975 2337; x_wconf 79' lang='lat' dir='ltr'><strong>Caroli</strong></span> <span class='ocrx_word' id='word_1_86' title='bbox 993 2276 1106 2353; x_wconf 80' lang='lat' dir='ltr'><strong>qnard,</strong></span> <span class='ocrx_word' id='word_1_87' title='bbox 1121 2275 1192 2336; x_wconf 89' lang='lat' dir='ltr'><strong>dato</strong></span> <span class='ocrx_word' id='word_1_88' title='bbox 1211 2275 1322 2354; x_wconf 82' lang='lat' dir='ltr'><strong>Prage,</strong></span> <span class='ocrx_word' id='word_1_89' title='bbox 1337 2275 1433 2352; x_wconf 81' lang='lat' dir='ltr'><strong>primo</strong></span> <span class='ocrx_word' id='word_1_90' title='bbox 1449 2274 1498 2335; x_wconf 86' lang='lat' dir='ltr'><strong>dle</strong></span> <span class='ocrx_word' id='word_1_91' title='bbox 1518 2279 1601 2335; x_wconf 92' lang='lat' dir='ltr'><strong>octo·</strong></span> 
     </span>
     <span class='ocr_line' id='line_1_11' title="bbox 306 2378 1602 2463; baseline -0.003 -17"><span class='ocrx_word' id='word_1_92' title='bbox 306 2382 370 2446; x_wconf 86' lang='lat' dir='ltr'><strong>brts</strong></span> <span class='ocrx_word' id='word_1_93' title='bbox 389 2383 727 2458; x_wconf 71' lang='lat' dir='ltr'><strong>1859.-ltdtdtt‚sed</strong></span> <span class='ocrx_word' id='word_1_94' title='bbox 746 2381 905 2457; x_wconf 83' lang='lat' dir='ltr'><strong>mendose,</strong></span> <span class='ocrx_word' id='word_1_95' title='bbox 928 2382 1179 2459; x_wconf 73' lang='lat' dir='ltr'><strong>L..lsounnu1n,</strong></span> <span class='ocrx_word' id='word_1_96' title='bbox 1193 2379 1293 2444; x_wconf 61' lang='lat' dir='ltr'><strong>aab</strong></span> <span class='ocrx_word' id='word_1_97' title='bbox 1310 2379 1351 2443; x_wconf 82' lang='lat' dir='ltr'><strong>du</strong></span> <span class='ocrx_word' id='word_1_98' title='bbox 1366 2397 1512 2463; x_wconf 71' lang='lat' dir='ltr'><strong>ooyapm</strong></span> <span class='ocrx_word' id='word_1_99' title='bbox 1527 2378 1602 2442; x_wconf 72' lang='lat' dir='ltr'><strong>dum</strong></span> 
     </span>
     <span class='ocr_line' id='line_1_12' title="bbox 305 2489 646 2572; baseline 0 -18"><span class='ocrx_word' id='word_1_100' title='bbox 305 2489 400 2568; x_wconf 72' lang='lat' dir='ltr'><strong>Arta,</strong></span> <span class='ocrx_word' id='word_1_101' title='bbox 415 2509 448 2572; x_wconf 83' lang='lat' dir='ltr'><strong>p.</strong></span> <span class='ocrx_word' id='word_1_102' title='bbox 463 2501 539 2569; x_wconf 75' lang='lat'><strong>⁴8²,</strong></span> <span class='ocrx_word' id='word_1_103' title='bbox 553 2489 646 2572; x_wconf 83' lang='lat' dir='ltr'><strong>nota.)</strong></span> 
     </span>
    </p>
   </div>
   <div class='ocr_carea' id='block_1_4' title="bbox 186 2702 1608 4553">
    <p class='ocr_par' dir='ltr' id='par_1_4' title="bbox 186 2702 1608 4553">
     <span class='ocr_line' id='line_1_13' title="bbox 236 2702 1603 2780; baseline 0 -2"><span class='ocrx_word' id='word_1_104' title='bbox 236 2705 276 2778; x_wconf 96' lang='lat' dir='ltr'><strong>ln</strong></span> <span class='ocrx_word' id='word_1_105' title='bbox 292 2706 433 2780; x_wconf 89' lang='lat' dir='ltr'><strong>nomine</strong></span> <span class='ocrx_word' id='word_1_106' title='bbox 457 2716 575 2780; x_wconf 86' lang='lat' dir='ltr'><strong>sancte</strong></span> <span class='ocrx_word' id='word_1_107' title='bbox 596 2704 783 2778; x_wconf 77' lang='lat' dir='ltr'><strong>Trinitatis.</strong></span> <span class='ocrx_word' id='word_1_108' title='bbox 804 2702 1001 2778; x_wconf 87' lang='lat' dir='ltr'><strong>Fridericus</strong></span> <span class='ocrx_word' id='word_1_109' title='bbox 1026 2703 1146 2779; x_wconf 91' lang='lat' dir='ltr'><strong>divina</strong></span> <span class='ocrx_word' id='word_1_110' title='bbox 1168 2704 1307 2779; x_wconf 82' lang='lat' dir='ltr'><strong>favente</strong></span> <span class='ocrx_word' id='word_1_111' title='bbox 1324 2703 1507 2778; x_wconf 87' lang='lat' dir='ltr'><strong>clementia</strong></span> <span class='ocrx_word' id='word_1_112' title='bbox 1530 2705 1603 2778; x_wconf 81' lang='lat' dir='ltr'><strong>lto-</strong></span> 
     </span>
     <span class='ocr_line' id='line_1_14' title="bbox 187 2826 1602 2928; baseline 0 -24"><span class='ocrx_word' id='word_1_113' title='bbox 187 2835 370 2904; x_wconf 86' lang='lat' dir='ltr'><strong>manorum</strong></span> <span class='ocrx_word' id='word_1_114' title='bbox 384 2831 582 2928; x_wconf 88' lang='lat' dir='ltr'><strong>imperator,</strong></span> <span class='ocrx_word' id='word_1_115' title='bbox 607 2852 743 2928; x_wconf 80' lang='lat' dir='ltr'><strong>semper</strong></span> <span class='ocrx_word' id='word_1_116' title='bbox 758 2839 929 2924; x_wconf 80' lang='lat' dir='ltr'><strong>augustus</strong></span> <span class='ocrx_word' id='word_1_117' title='bbox 948 2837 984 2903; x_wconf 89' lang='lat' dir='ltr'><strong>et</strong></span> <span class='ocrx_word' id='word_1_118' title='bbox 998 2849 1063 2903; x_wconf 85' lang='lat' dir='ltr'><strong>rex</strong></span> <span class='ocrx_word' id='word_1_119' title='bbox 1081 2829 1210 2920; x_wconf 81' lang='lat' dir='ltr'><strong>Sicilie,</strong></span> <span class='ocrx_word' id='word_1_120' title='bbox 1227 2826 1407 2903; x_wconf 90' lang='lat' dir='ltr'><strong>Aldiardie</strong></span> <span class='ocrx_word' id='word_1_121' title='bbox 1429 2829 1602 2904; x_wconf 88' lang='lat' dir='ltr'><strong>abbatisse</strong></span> 
     </span>
     <span class='ocr_line' id='line_1_15' title="bbox 188 2953 1602 3052; baseline -0.003 -22"><span class='ocrx_word' id='word_1_122' title='bbox 188 2955 303 3030; x_wconf 83' lang='lat' dir='ltr'><strong>Sancti</strong></span> <span class='ocrx_word' id='word_1_123' title='bbox 321 2954 448 3030; x_wconf 87' lang='lat' dir='ltr'><strong>Cesarii</strong></span> <span class='ocrx_word' id='word_1_124' title='bbox 466 2954 676 3030; x_wconf 79' lang='lat' dir='ltr'><strong>Arelatensis</strong></span> <span class='ocrx_word' id='word_1_125' title='bbox 692 2964 729 3028; x_wconf 92' lang='lat' dir='ltr'><strong>et</strong></span> <span class='ocrx_word' id='word_1_126' title='bbox 745 2955 954 3030; x_wconf 87' lang='lat' dir='ltr'><strong>monialibus</strong></span> <span class='ocrx_word' id='word_1_127' title='bbox 966 2953 1100 3048; x_wconf 82' lang='lat' dir='ltr'><strong>¹ibidem</strong></span> <span class='ocrx_word' id='word_1_128' title='bbox 1115 2955 1188 3027; x_wconf 91' lang='lat' dir='ltr'><strong>Deo</strong></span> <span class='ocrx_word' id='word_1_129' title='bbox 1206 2954 1438 3028; x_wconf 87' lang='lat' dir='ltr'><strong>servientibus</strong></span> <span class='ocrx_word' id='word_1_130' title='bbox 1456 2955 1493 3027; x_wconf 92' lang='lat' dir='ltr'><strong>in</strong></span> <span class='ocrx_word' id='word_1_131' title='bbox 1515 2977 1602 3052; x_wconf 90' lang='lat' dir='ltr'><strong>pcr-</strong></span> 
     </span>
     <span class='ocr_line' id='line_1_16' title="bbox 188 3077 1601 3178; baseline -0.002 -25"><span class='ocrx_word' id='word_1_132' title='bbox 188 3089 333 3178; x_wconf 90' lang='lat' dir='ltr'><strong>petunm</strong></span> <span class='ocrx_word' id='word_1_133' title='bbox 350 3079 496 3176; x_wconf 80' lang='lat' dir='ltr'><strong>gratiam</strong></span> <span class='ocrx_word' id='word_1_134' title='bbox 517 3101 618 3154; x_wconf 90' lang='lat' dir='ltr'><strong>suam</strong></span> <span class='ocrx_word' id='word_1_135' title='bbox 640 3089 675 3154; x_wconf 93' lang='lat' dir='ltr'><strong>et</strong></span> <span class='ocrx_word' id='word_1_136' title='bbox 695 3081 823 3155; x_wconf 91' lang='lat' dir='ltr'><strong>bonam</strong></span> <span class='ocrx_word' id='word_1_137' title='bbox 838 3080 1063 3154; x_wconf 84' lang='lat' dir='ltr'><strong>voluntatem.</strong></span> <span class='ocrx_word' id='word_1_138' title='bbox 1084 3078 1192 3152; x_wconf 85' lang='lat' dir='ltr'><strong>Vobis</strong></span> <span class='ocrx_word' id='word_1_139' title='bbox 1209 3086 1245 3151; x_wconf 90' lang='lat' dir='ltr'><strong>et</strong></span> <span class='ocrx_word' id='word_1_140' title='bbox 1270 3077 1443 3152; x_wconf 82' lang='lat' dir='ltr'><strong>universis</strong></span> <span class='ocrx_word' id='word_1_141' title='bbox 1467 3079 1601 3176; x_wconf 90' lang='lat' dir='ltr'><strong>imperii</strong></span> 
     </span>
     <span class='ocr_line' id='line_1_17' title="bbox 188 3203 1603 3303; baseline -0.001 -23"><span class='ocrx_word' id='word_1_142' title='bbox 188 3205 296 3280; x_wconf 86' lang='lat' dir='ltr'><strong>nostri</strong></span> <span class='ocrx_word' id='word_1_143' title='bbox 313 3205 476 3280; x_wconf 87' lang='lat' dir='ltr'><strong>fidelibus</strong></span> <span class='ocrx_word' id='word_1_144' title='bbox 493 3215 563 3280; x_wconf 90' lang='lat' dir='ltr'><strong>tam</strong></span> <span class='ocrx_word' id='word_1_145' title='bbox 578 3206 798 3303; x_wconf 87' lang='lat' dir='ltr'><strong>presentibus</strong></span> <span class='ocrx_word' id='word_1_146' title='bbox 811 3227 917 3302; x_wconf 86' lang='lat' dir='ltr'><strong>quam</strong></span> <span class='ocrx_word' id='word_1_147' title='bbox 931 3204 1057 3278; x_wconf 81' lang='lat' dir='ltr'><strong>suturis</strong></span> <span class='ocrx_word' id='word_1_148' title='bbox 1071 3212 1193 3277; x_wconf 91' lang='lat' dir='ltr'><strong>notum</strong></span> <span class='ocrx_word' id='word_1_149' title='bbox 1206 3203 1353 3277; x_wconf 85' lang='lat' dir='ltr'><strong>lauimus</strong></span> <span class='ocrx_word' id='word_1_150' title='bbox 1366 3204 1463 3299; x_wconf 91' lang='lat' dir='ltr'><strong>quod</strong></span> <span class='ocrx_word' id='word_1_151' title='bbox 1478 3225 1542 3278; x_wconf 89' lang='lat' dir='ltr'><strong>nos</strong></span> <span class='ocrx_word' id='word_1_152' title='bbox 1558 3203 1603 3279; x_wconf 90' lang='lat' dir='ltr'><strong>de</strong></span> 
     </span>
     <span class='ocr_line' id='line_1_18' title="bbox 188 3327 1604 3428; baseline -0.001 -23"><span class='ocrx_word' id='word_1_153' title='bbox 188 3332 307 3406; x_wconf 91' lang='lat' dir='ltr'><strong>innata</strong></span> <span class='ocrx_word' id='word_1_154' title='bbox 331 3331 545 3427; x_wconf 79' lang='lat' dir='ltr'><strong>benignitate</strong></span> <span class='ocrx_word' id='word_1_155' title='bbox 569 3339 684 3406; x_wconf 90' lang='lat' dir='ltr'><strong>nostra</strong></span> <span class='ocrx_word' id='word_1_156' title='bbox 705 3341 741 3404; x_wconf 92' lang='lat' dir='ltr'><strong>et</strong></span> <span class='ocrx_word' id='word_1_157' title='bbox 767 3353 831 3428; x_wconf 90' lang='lat' dir='ltr'><strong>pro</strong></span> <span class='ocrx_word' id='word_1_158' title='bbox 853 3329 1089 3428; x_wconf 87' lang='lat' dir='ltr'><strong>redemptione</strong></span> <span class='ocrx_word' id='word_1_159' title='bbox 1112 3327 1227 3402; x_wconf 89' lang='lat' dir='ltr'><strong>anime</strong></span> <span class='ocrx_word' id='word_1_160' title='bbox 1247 3336 1363 3402; x_wconf 88' lang='lat' dir='ltr'><strong>nostre</strong></span> <span class='ocrx_word' id='word_1_161' title='bbox 1386 3337 1422 3402; x_wconf 87' lang='lat' dir='ltr'><strong>ct</strong></span> <span class='ocrx_word' id='word_1_162' title='bbox 1447 3339 1604 3404; x_wconf 80' lang='lat' dir='ltr'><strong>anteces-</strong></span> 
     </span>
     <span class='ocr_line' id='line_1_19' title="bbox 187 3449 1605 3543; baseline -0.003 -13"><span class='ocrx_word' id='word_1_163' title='bbox 187 3475 306 3530; x_wconf 86' lang='lat' dir='ltr'><strong>sorum</strong></span> <span class='ocrx_word' id='word_1_164' title='bbox 324 3463 536 3543; x_wconf 85' lang='lat' dir='ltr'><strong>nostrorum,</strong></span> <span class='ocrx_word' id='word_1_165' title='bbox 553 3455 799 3530; x_wconf 82' lang='lat' dir='ltr'><strong>monasterium</strong></span> <span class='ocrx_word' id='word_1_166' title='bbox 817 3463 969 3528; x_wconf 84' lang='lat' dir='ltr'><strong>vestrum</strong></span> <span class='ocrx_word' id='word_1_167' title='bbox 988 3449 1105 3528; x_wconf 85' lang='lat' dir='ltr'><strong>Sancti</strong></span> <span class='ocrx_word' id='word_1_168' title='bbox 1121 3451 1249 3527; x_wconf 85' lang='lat' dir='ltr'><strong>Cesarii</strong></span> <span class='ocrx_word' id='word_1_169' title='bbox 1262 3461 1298 3526; x_wconf 92' lang='lat' dir='ltr'><strong>et</strong></span> <span class='ocrx_word' id='word_1_170' title='bbox 1310 3453 1425 3526; x_wconf 85' lang='lat' dir='ltr'><strong>Sancti</strong></span> <span class='ocrx_word' id='word_1_171' title='bbox 1439 3453 1605 3527; x_wconf 82' lang='lat' dir='ltr'><strong>Iohannis</strong></span> 
     </span>
     <span class='ocr_line' id='line_1_20' title="bbox 188 3577 1604 3676; baseline 0 -24"><span class='ocrx_word' id='word_1_172' title='bbox 188 3579 227 3652; x_wconf 93' lang='lat' dir='ltr'><strong>in</strong></span> <span class='ocrx_word' id='word_1_173' title='bbox 249 3579 389 3653; x_wconf 81' lang='lat' dir='ltr'><strong>civitate</strong></span> <span class='ocrx_word' id='word_1_174' title='bbox 407 3589 522 3654; x_wconf 85' lang='lat' dir='ltr'><strong>nostm</strong></span> <span class='ocrx_word' id='word_1_175' title='bbox 543 3577 734 3654; x_wconf 79' lang='lat' dir='ltr'><strong>Arelatensi</strong></span> <span class='ocrx_word' id='word_1_176' title='bbox 751 3579 857 3653; x_wconf 91' lang='lat' dir='ltr'><strong>sitnm</strong></span> <span class='ocrx_word' id='word_1_177' title='bbox 875 3601 955 3652; x_wconf 92' lang='lat' dir='ltr'><strong>cnm</strong></span> <span class='ocrx_word' id='word_1_178' title='bbox 972 3578 1133 3652; x_wconf 90' lang='lat' dir='ltr'><strong>omuibus</strong></span> <span class='ocrx_word' id='word_1_179' title='bbox 1154 3577 1327 3674; x_wconf 86' lang='lat' dir='ltr'><strong>personis,</strong></span> <span class='ocrx_word' id='word_1_180' title='bbox 1347 3578 1453 3652; x_wconf 90' lang='lat' dir='ltr'><strong>rebus</strong></span> <span class='ocrx_word' id='word_1_181' title='bbox 1474 3587 1510 3652; x_wconf 93' lang='lat' dir='ltr'><strong>et</strong></span> <span class='ocrx_word' id='word_1_182' title='bbox 1525 3599 1604 3676; x_wconf 85' lang='lat' dir='ltr'><strong>per·</strong></span> 
     </span>
     <span class='ocr_line' id='line_1_21' title="bbox 189 3702 1606 3804; baseline -0.001 -26"><span class='ocrx_word' id='word_1_183' title='bbox 189 3704 345 3779; x_wconf 75' lang='lat' dir='ltr'><strong>amentis</strong></span> <span class='ocrx_word' id='word_1_184' title='bbox 366 3705 440 3778; x_wconf 90' lang='lat' dir='ltr'><strong>suis</strong></span> <span class='ocrx_word' id='word_1_185' title='bbox 461 3704 499 3776; x_wconf 94' lang='lat' dir='ltr'><strong>in</strong></span> <span class='ocrx_word' id='word_1_186' title='bbox 521 3712 637 3780; x_wconf 88' lang='lat' dir='ltr'><strong>nostre</strong></span> <span class='ocrx_word' id='word_1_187' title='bbox 659 3705 847 3799; x_wconf 89' lang='lat' dir='ltr'><strong>majestatis</strong></span> <span class='ocrx_word' id='word_1_188' title='bbox 871 3704 1057 3804; x_wconf 88' lang='lat' dir='ltr'><strong>specialem</strong></span> <span class='ocrx_word' id='word_1_189' title='bbox 1087 3702 1274 3798; x_wconf 88' lang='lat' dir='ltr'><strong>recipimus</strong></span> <span class='ocrx_word' id='word_1_190' title='bbox 1297 3703 1544 3798; x_wconf 89' lang='lat' dir='ltr'><strong>protectionem</strong></span> <span class='ocrx_word' id='word_1_191' title='bbox 1571 3711 1606 3778; x_wconf 91' lang='lat' dir='ltr'><strong>et</strong></span> 
     </span>
     <span class='ocr_line' id='line_1_22' title="bbox 190 3827 1608 3926; baseline -0.001 -21"><span class='ocrx_word' id='word_1_192' title='bbox 190 3828 447 3921; x_wconf 79' lang='lat' dir='ltr'><strong>defensionem,</strong></span> <span class='ocrx_word' id='word_1_193' title='bbox 471 3829 628 3926; x_wconf 88' lang='lat' dir='ltr'><strong>predicto</strong></span> <span class='ocrx_word' id='word_1_194' title='bbox 650 3829 859 3904; x_wconf 78' lang='lat' dir='ltr'><strong>monasteno</strong></span> <span class='ocrx_word' id='word_1_195' title='bbox 885 3851 948 3926; x_wconf 91' lang='lat' dir='ltr'><strong>per</strong></span> <span class='ocrx_word' id='word_1_196' title='bbox 972 3828 1036 3903; x_wconf 88' lang='lat' dir='ltr'><strong>bos</strong></span> <span class='ocrx_word' id='word_1_197' title='bbox 1064 3835 1200 3902; x_wconf 86' lang='lat' dir='ltr'><strong>nostros</strong></span> <span class='ocrx_word' id='word_1_198' title='bbox 1223 3827 1340 3923; x_wconf 88' lang='lat' dir='ltr'><strong>apices</strong></span> <span class='ocrx_word' id='word_1_199' title='bbox 1367 3827 1608 3904; x_wconf 86' lang='lat' dir='ltr'><strong>confirmantes</strong></span> 
     </span>
     <span class='ocr_line' id='line_1_23' title="bbox 190 3953 1606 4052; baseline 0 -23"><span class='ocrx_word' id='word_1_200' title='bbox 190 3955 400 4050; x_wconf 90' lang='lat' dir='ltr'><strong>omniaque</strong></span> <span class='ocrx_word' id='word_1_201' title='bbox 424 3955 637 4052; x_wconf 87' lang='lat' dir='ltr'><strong>temporibus</strong></span> <span class='ocrx_word' id='word_1_202' title='bbox 663 3955 811 4052; x_wconf 89' lang='lat' dir='ltr'><strong>piissimi</strong></span> <span class='ocrx_word' id='word_1_203' title='bbox 835 3955 928 4050; x_wconf 76' lang='lat' dir='ltr'><strong>regis</strong></span> <span class='ocrx_word' id='word_1_204' title='bbox 956 3953 1105 4028; x_wconf 86' lang='lat' dir='ltr'><strong>Conradi</strong></span> <span class='ocrx_word' id='word_1_205' title='bbox 1130 3962 1166 4027; x_wconf 92' lang='lat' dir='ltr'><strong>et</strong></span> <span class='ocrx_word' id='word_1_206' title='bbox 1188 3953 1335 4027; x_wconf 90' lang='lat' dir='ltr'><strong>aliorum</strong></span> <span class='ocrx_word' id='word_1_207' title='bbox 1362 3953 1606 4049; x_wconf 87' lang='lat' dir='ltr'><strong>imperatorum</strong></span> 
     </span>
     <span class='ocr_line' id='line_1_24' title="bbox 186 4077 1607 4176; baseline 0.002 -25"><span class='ocrx_word' id='word_1_208' title='bbox 186 4079 281 4174; x_wconf 91' lang='lat' dir='ltr'><strong>juste</strong></span> <span class='ocrx_word' id='word_1_209' title='bbox 297 4087 333 4152; x_wconf 95' lang='lat' dir='ltr'><strong>et</strong></span> <span class='ocrx_word' id='word_1_210' title='bbox 349 4077 494 4176; x_wconf 85' lang='lat' dir='ltr'><strong>pacifice</strong></span> <span class='ocrx_word' id='word_1_211' title='bbox 513 4079 717 4175; x_wconf 88' lang='lat' dir='ltr'><strong>possedistis</strong></span> <span class='ocrx_word' id='word_1_212' title='bbox 731 4088 767 4154; x_wconf 93' lang='lat' dir='ltr'><strong>et</strong></span> <span class='ocrx_word' id='word_1_213' title='bbox 789 4081 907 4155; x_wconf 88' lang='lat' dir='ltr'><strong>adbuc</strong></span> <span class='ocrx_word' id='word_1_214' title='bbox 927 4078 1044 4174; x_wconf 89' lang='lat' dir='ltr'><strong>quiete</strong></span> <span class='ocrx_word' id='word_1_215' title='bbox 1061 4077 1267 4175; x_wconf 90' lang='lat' dir='ltr'><strong>possidetis,</strong></span> <span class='ocrx_word' id='word_1_216' title='bbox 1287 4079 1451 4152; x_wconf 88' lang='lat' dir='ltr'><strong>videlicet</strong></span> <span class='ocrx_word' id='word_1_217' title='bbox 1467 4079 1502 4150; x_wconf 94' lang='lat' dir='ltr'><strong>in</strong></span> <span class='ocrx_word' id='word_1_218' title='bbox 1520 4080 1607 4154; x_wconf 84' lang='lat' dir='ltr'><strong>civi-</strong></span> 
     </span>
     <span class='ocr_line' id='line_1_25' title="bbox 189 4201 1606 4300; baseline 0.001 -22"><span class='ocrx_word' id='word_1_219' title='bbox 189 4213 261 4278; x_wconf 81' lang='lat' dir='ltr'><strong>tate</strong></span> <span class='ocrx_word' id='word_1_220' title='bbox 286 4201 479 4280; x_wconf 82' lang='lat' dir='ltr'><strong>Arelatensi</strong></span> <span class='ocrx_word' id='word_1_221' title='bbox 497 4214 533 4278; x_wconf 90' lang='lat' dir='ltr'><strong>et</strong></span> <span class='ocrx_word' id='word_1_222' title='bbox 553 4207 630 4300; x_wconf 87' lang='lat' dir='ltr'><strong>ejus</strong></span> <span class='ocrx_word' id='word_1_223' title='bbox 656 4203 826 4278; x_wconf 85' lang='lat' dir='ltr'><strong>territorio</strong></span> <span class='ocrx_word' id='word_1_224' title='bbox 849 4203 992 4280; x_wconf 90' lang='lat' dir='ltr'><strong>domum</strong></span> <span class='ocrx_word' id='word_1_225' title='bbox 1010 4204 1126 4277; x_wconf 90' lang='lat' dir='ltr'><strong>Sancti</strong></span> <span class='ocrx_word' id='word_1_226' title='bbox 1145 4203 1271 4277; x_wconf 86' lang='lat' dir='ltr'><strong>Cesarii</strong></span> <span class='ocrx_word' id='word_1_227' title='bbox 1294 4204 1328 4276; x_wconf 93' lang='lat' dir='ltr'><strong>le</strong></span> <span class='ocrx_word' id='word_1_228' title='bbox 1349 4203 1503 4277; x_wconf 89' lang='lat' dir='ltr'><strong>Boarenc</strong></span> <span class='ocrx_word' id='word_1_229' title='bbox 1524 4227 1606 4279; x_wconf 89' lang='lat' dir='ltr'><strong>oum</strong></span> 
     </span>
     <span class='ocr_line' id='line_1_26' title="bbox 190 4304 1606 4428; baseline 0.001 -26"><span class='ocrx_word' id='word_1_230' title='bbox 190 4304 297 4405; x_wconf 83' lang='lat' dir='ltr'><strong>teddo</strong></span> <span class='ocrx_word' id='word_1_231' title='bbox 321 4329 436 4404; x_wconf 87' lang='lat' dir='ltr'><strong>Sancti</strong></span> <span class='ocrx_word' id='word_1_232' title='bbox 460 4323 606 4420; x_wconf 83' lang='lat' dir='ltr'><strong>Cesarii,</strong></span> <span class='ocrx_word' id='word_1_233' title='bbox 631 4329 721 4404; x_wconf 88' lang='lat' dir='ltr'><strong>siout</strong></span> <span class='ocrx_word' id='word_1_234' title='bbox 741 4327 956 4425; x_wconf 89' lang='lat' dir='ltr'><strong>pretenditur</strong></span> <span class='ocrx_word' id='word_1_235' title='bbox 972 4351 993 4402; x_wconf 92' lang='lat' dir='ltr'><strong>a</strong></span> <span class='ocrx_word' id='word_1_236' title='bbox 1012 4325 1188 4403; x_wconf 88' lang='lat' dir='ltr'><strong>Guacbeta</strong></span> <span class='ocrx_word' id='word_1_237' title='bbox 1204 4350 1267 4428; x_wconf 89' lang='lat' dir='ltr'><strong>per</strong></span> <span class='ocrx_word' id='word_1_238' title='bbox 1282 4327 1464 4403; x_wconf 82' lang='lat' dir='ltr'><strong>Rraoolnm</strong></span> <span class='ocrx_word' id='word_1_239' title='bbox 1479 4331 1606 4426; x_wconf 73' lang='lat' dir='ltr'><strong>Meiani</strong></span> 
     </span>
     <span class='ocr_line' id='line_1_27' title="bbox 191 4452 1606 4553; baseline 0.003 -27"><span class='ocrx_word' id='word_1_240' title='bbox 191 4475 304 4550; x_wconf 88' lang='lat' dir='ltr'><strong>usqne</strong></span> <span class='ocrx_word' id='word_1_241' title='bbox 318 4454 364 4529; x_wconf 92' lang='lat' dir='ltr'><strong>ad</strong></span> <span class='ocrx_word' id='word_1_242' title='bbox 383 4453 535 4529; x_wconf 82' lang='lat' dir='ltr'><strong>Albamn</strong></span> <span class='ocrx_word' id='word_1_243' title='bbox 553 4453 607 4553; x_wconf 86' lang='lat' dir='ltr'><strong>(l)</strong></span> <span class='ocrx_word' id='word_1_244' title='bbox 621 4463 657 4529; x_wconf 88' lang='lat' dir='ltr'><strong>et</strong></span> <span class='ocrx_word' id='word_1_245' title='bbox 676 4453 808 4529; x_wconf 84' lang='lat' dir='ltr'><strong>exinde</strong></span> <span class='ocrx_word' id='word_1_246' title='bbox 829 4475 893 4551; x_wconf 90' lang='lat' dir='ltr'><strong>per</strong></span> <span class='ocrx_word' id='word_1_247' title='bbox 908 4452 1080 4529; x_wconf 87' lang='lat' dir='ltr'><strong>Gabinum</strong></span> <span class='ocrx_word' id='word_1_248' title='bbox 1102 4475 1214 4550; x_wconf 87' lang='lat' dir='ltr'><strong>usque</strong></span> <span class='ocrx_word' id='word_1_249' title='bbox 1233 4454 1281 4530; x_wconf 88' lang='lat' dir='ltr'><strong>ad</strong></span> <span class='ocrx_word' id='word_1_250' title='bbox 1295 4454 1476 4533; x_wconf 85' lang='lat' dir='ltr'><strong>ecclesiam</strong></span> <span class='ocrx_word' id='word_1_251' title='bbox 1490 4456 1606 4530; x_wconf 90' lang='lat' dir='ltr'><strong>Sancti</strong></span> 
     </span>
    </p>
   </div>
   <div class='ocr_carea' id='block_1_5' title="bbox 231 4763 743 4840">
    <p class='ocr_par' dir='ltr' id='par_1_5' title="bbox 231 4763 743 4840">
     <span class='ocr_line' id='line_1_28' title="bbox 231 4763 743 4840; baseline -0.004 -18"><span class='ocrx_word' id='word_1_252' title='bbox 231 4765 269 4840; x_wconf 78' lang='lat' dir='ltr'><strong>(a</strong></span> <span class='ocrx_word' id='word_1_253' title='bbox 287 4763 372 4824; x_wconf 79' lang='lat' dir='ltr'><strong>noue</strong></span> <span class='ocrx_word' id='word_1_254' title='bbox 383 4763 533 4824; x_wconf 72' lang='lat' dir='ltr'><strong>aunam</strong></span> <span class='ocrx_word' id='word_1_255' title='bbox 545 4765 574 4824; x_wconf 80' lang='lat' dir='ltr'><strong>n</strong></span> <span class='ocrx_word' id='word_1_256' title='bbox 586 4765 743 4840; x_wconf 56' lang='lat' dir='ltr'><strong>maipa.</strong></span> 
     </span>
    </p>
   </div>
   <div class='ocr_carea' id='block_1_6' title="bbox 0 0 2164 5892">
    <p class='ocr_par' dir='ltr' id='par_1_6' title="bbox 0 0 2164 5892">
     <span class='ocr_line' id='line_1_29' title="bbox 0 0 2164 5892; baseline 0 0"><span class='ocrx_word' id='word_1_257' title='bbox 0 0 2164 5892; x_wconf 95' lang='lat' dir='ltr'><strong> </strong></span> 
     </span>
    </p>
   </div>
  </div>
 </body>
</html>
