4298 5898
551 506 613 570 462
1051 507 1265 570 retentaret
1290 507 1463 570 securint
1777 505 1853 594 [dart
1872 507 1959 570 1224

634 641 770 722 (Edlder.
795 641 947 704 Murena
968 647 999 706 et
1018 643 1166 718 Durare,
1187 639 1261 706 cott.
1282 641 1425 724 anplius,
1444 644 1518 719 t.1,
1538 659 1566 720 p.
1586 651 1680 716 tttt,
1695 645 1749 722 qul
1766 649 1838 705 tarne
1854 643 1961 706 foedus

670 753 756 830 quad
774 767 853 812 anno
876 760 952 813 tm
974 755 1082 826 ictum,
1103 753 1159 816 sub
1177 753 1288 814 sladem
1305 754 1403 814 verbis
1419 753 1532 828 denuo,
1545 769 1577 830 p.
1593 761 1681 826 11⁹5,
1695 768 1774 812 anno
1789 760 1866 813 1²²4
1877 752 1960 814 adsi-

670 865 773 936 gnant.
789 889 829 904 ·-
843 858 999 930 Bouounn.
1017 856 1134 920 amet!
1150 857 1199 920 dea
1216 851 1329 936 tiator,
1348 867 1369 922 t.
1386 859 1487 936 xvtl,
1504 876 1535 938 p.
1552 869 1622 934 ³07,
1640 866 1703 921 not.
1715 893 1756 904 -
1768 861 1883 940 Pmrz,
1894 859 1960 920 lfo-

671 983 753 1027 num.
772 965 869 1028 ocu.
885 967 1010 1042 [laet
1025 967 1079 1042 IV,
1093 984 1125 1045 p.
1142 965 1225 1048 2⁵8.)

599 1155 792 1231 Fridericus
813 1157 877 1230 Dei
901 1157 1013 1249 gratia
1029 1159 1262 1232 Romanorum
1278 1157 1481 1255 imperator,
1500 1179 1637 1256 semper
1652 1166 1820 1253 augustus
1839 1167 1875 1231 et
1895 1179 1960 1231 rex

550 1282 682 1374 Sicilie,
703 1282 877 1356 universis
893 1292 1087 1378 presentem
1103 1285 1265 1380 paginam
1281 1283 1488 1381 inspecturis
1502 1285 1659 1358 salutem.
1676 1283 1847 1356 fleveritis
1862 1283 1960 1377 quod

551 1416 690 1504 propter
701 1406 920 1481 dilectionem
933 1430 1040 1503 quam
1052 1429 1115 1482 nos
1129 1419 1164 1480 et
1175 1410 1409 1504 progenitores
1422 1409 1529 1481 nostri
1547 1408 1732 1482 babuimus
1744 1416 1780 1480 et
1791 1407 1960 1482 habemns

550 1555 634 1628 erga
648 1531 864 1606 carissimum
881 1534 1033 1606 amicum
1051 1543 1206 1606 nostrum
1224 1543 1259 1608 et
1274 1536 1413 1608 fratrem
1427 1533 1643 1608 ludovicum
1663 1533 1829 1606 illustrem
1842 1553 1957 1627 regem

549 1657 757 1729 Francorum
776 1666 812 1729 et
834 1657 944 1752 ipsius
962 1659 1199 1753 progenitores
1220 1667 1254 1730 et
1272 1667 1522 1751 antecessores,
1542 1658 1632 1731 hanc
1650 1657 1956 1732 confederationem

549 1803 631 1854 cum
649 1781 771 1856 eodem
791 1803 872 1876 rege
890 1781 982 1854 bona
1000 1781 1069 1856 fido
1091 1783 1258 1857 duximus
1275 1781 1452 1856 iniendam
1472 1807 1481 1854 a
1501 1783 1598 1878 quod
1612 1804 1676 1856 nos
1692 1783 1847 1856 homines
1860 1783 1955 1876 regni

550 1905 605 1978 sui
623 1906 680 1978 vel
697 1905 745 1978 ad
763 1926 908 2000 regnum
932 1927 1036 1980 suum
1061 1907 1269 2002 pertinentes
1296 1917 1515 1982 contumaces
1541 1910 1598 1982 vel
1619 1907 1733 1981 eidem
1758 1907 1955 1980 rebellantes

551 2053 611 2106 seu
631 2037 811 2104 morantes
842 2052 1002 2126 guerram
1029 2041 1149 2105 eontra
1175 2033 1288 2129 ipsum
1314 2055 1431 2128 regem
1448 2033 1505 2108 vel
1526 2032 1767 2106 forisbsnnitos
1785 2031 1881 2126 regni
1902 2031 1952 2102 sui

551 2179 620 2231 non
638 2156 893 2253 receptabimus
911 2179 976 2232 neo
993 2157 1161 2255 receptari
1176 2157 1426 2232 sustinebimus
1449 2159 1486 2230 in
1505 2157 1649 2254 imperio
1672 2166 1789 2230 nostro
1811 2156 1872 2228 ubi
1889 2177 1954 2251 po-

551 2291 705 2355 testatem
731 2280 940 2373 habeamus,
965 2304 1082 2378 nsque
1106 2283 1257 2379 aliquam
1282 2283 1592 2357 confederationem
1613 2303 1694 2354 curn
1718 2281 1770 2354 eis
1795 2281 1954 2354 faciemus

548 2415 731 2504 postquam
754 2405 907 2503 idipsum
923 2406 970 2481 ab
988 2406 1112 2482 eodem
1131 2431 1213 2504 rege
1229 2409 1329 2481 nobis
1347 2409 1451 2482 fuerit
1466 2408 1673 2480 intimatum.
1692 2405 1736 2478 Et
1751 2405 1841 2479 hanc
1854 2405 1954 2478 simi·

549 2531 625 2603 liter
640 2529 951 2606 confederationem
967 2533 1048 2608 fecit
1062 2533 1155 2606 bona
1176 2532 1245 2607 fide
1261 2533 1444 2607 nobiscum
1458 2530 1553 2606 idem
1568 2553 1633 2610 rex
1651 2530 1847 2604 Lndovicus
1861 2529 1954 2624 quod

548 2657 705 2731 homines
721 2657 856 2753 imperii
875 2660 983 2734 nostri
1000 2660 1055 2732 vel
1078 2661 1288 2757 pertinentes
1304 2658 1351 2732 ad
1369 2659 1551 2755 imperium
1568 2666 1722 2732 nostrum
1741 2668 1955 2730 contumace

549 2791 584 2856 et
600 2782 701 2855 nobis
722 2782 925 2856 rebellantes
944 2804 1005 2855 seu
1042 2791 1220 2856 moventes
1245 2783 1346 2856 nobis
1365 2804 1523 2876 guerram
1545 2791 1580 2854 et
1602 2782 1844 2855 forisbannitos
1861 2779 1953 2877 regni

550 2906 656 2979 nostri
679 2927 750 2980 non
769 2907 958 3002 receptabit
980 2929 1045 2980 nec
1062 2907 1230 3002 receptari
1249 2907 1419 3004 permittet
1436 2905 1616 2981 bonafide
1634 2907 1670 2978 in
1688 2926 1795 3001 regno
1816 2928 1881 2980 suo
1894 2905 1954 2977 uhi

549 3039 749 3127 potestatem
775 3031 919 3129 babeat,
945 3054 1009 3105 nec
1034 3032 1188 3126 aliquam
1216 3031 1527 3106 confederationem
1549 3053 1629 3104 cum
1656 3031 1708 3103 eis
1736 3031 1836 3104 faciet
1860 3040 1956 3126 post-

549 3176 656 3250 quam
679 3153 832 3250 idipsum
858 3156 961 3228 fuerit
985 3156 1219 3252 significatum
1247 3156 1362 3231 eidem
1388 3157 1474 3251 regi.
1500 3159 1551 3229 De
1572 3177 1652 3250 rege
1676 3155 1801 3249 Anglie
1824 3157 1875 3228 sie
1893 3156 1955 3227 erit

549 3278 646 3375 quod
665 3280 797 3352 nnllam
817 3301 897 3353 oum
919 3302 961 3354 eo
980 3281 1146 3355 faciemus
1168 3281 1479 3356 confederationem
1500 3303 1566 3356 nac
1584 3303 1663 3354 cum
1681 3279 1869 3354 heredibus
1885 3281 1954 3352 suis

548 3429 614 3480 nec
637 3429 659 3480 a
680 3407 804 3479 nostris
829 3406 901 3480 lieri
922 3409 1177 3504 permittemus,
1206 3408 1419 3504 ubicumque
1439 3405 1652 3502 impediendi
1676 3406 1867 3480 habeamus
1888 3428 1954 3502 pc-

549 3540 718 3606 testatem.
748 3534 844 3604 Hanc
867 3544 984 3606 autem
1014 3533 1323 3608 confederationem
1356 3531 1564 3628 precipimus
1593 3539 1628 3606 et
1653 3531 1870 3624 injunximus
1891 3533 1954 3624 ju-

548 3656 693 3730 randam
715 3679 777 3752 pro
799 3658 900 3730 nobis
917 3667 952 3730 et
968 3659 1004 3731 in
1024 3659 1140 3732 anima
1160 3668 1275 3732 nostra
1294 3681 1316 3731 a
1333 3656 1487 3730 Renaldo
1508 3657 1600 3732 duce
1612 3657 1742 3752 Spoleti
1760 3657 1885 3732 dilecto
1901 3658 1955 3730 fa-

550 3783 674 3856 miliari
686 3792 721 3857 st
731 3783 888 3857 iohanne
901 3784 946 3857 de
962 3785 1114 3877 Trajectu
1128 3784 1225 3857 curie
1238 3793 1352 3857 nostre
1367 3783 1501 3856 notario
1514 3781 1676 3856 fidelibus
1687 3783 1826 3876 nostris,
1843 3805 1953 3857 coram

549 3909 714 4006 magistro
727 3907 867 3982 Simone
877 3908 927 4006 (a)
943 3908 987 3983 de
1001 3909 1167 3982 Domibns
1184 3909 1308 3984 clerico
1325 3917 1360 3982 et
1376 3907 1556 3983 Guilielmo
1569 3906 1615 3982 de
1626 3908 1797 3982 Balneolis
1807 3907 1860 4006 (l)
1875 3909 1954 3982 dicti

547 4035 639 4130 regis
657 4033 790 4128 legatis.

589 4193 631 4274 (a)
653 4196 687 4255 ln
703 4197 799 4272 prima
811 4194 948 4255 Murtenll
962 4193 1088 4256 edltlom
1100 4199 1130 4256 et
1141 4197 1173 4256 ln
1187 4195 1344 4259 codanus
1356 4207 1434 4259 alos
1444 4195 1530 4268 Stoa,
1540 4197 1573 4258 ln
1585 4197 1849 4260 secundsedittona
1858 4196 1951 4268 Sane

550 4273 862 4364 uselletstmonvsl
875 4299 1047 4362 samuelo
1060 4303 1195 4363 numm.

589 4535 624 4610 (l)
644 4537 675 4592 ln
691 4539 866 4596 Cturtalcrio
878 4539 1002 4596 scelestus
1015 4541 1179 4596 Purltieasia
1192 4540 1227 4603 lt.
1241 4539 1267 4611 l,
1281 4556 1310 4613 p.
1323 4543 1373 4600 lli
1387 4548 1416 4600 et
1428 4557 1510 4616 seqq,
1524 4549 1544 4598 t.
1556 4542 1596 4614 ll,
1608 4560 1637 4617 p.
1653 4543 1715 4618 tlt)
1728 4549 1888 4602 maurontur
1897 4541 1953 4615 qui-

552 4631 614 4687 dam
626 4633 785 4692 Guilelmus
796 4634 830 4692 de
840 4635 970 4693 balneolis
980 4633 1122 4710 (Bugneux)
1135 4635 1255 4709 ejusdem
1269 4637 1397 4696 ecclesias
1408 4637 1551 4714 presbyter
1560 4645 1623 4698 ante
1633 4656 1734 4698 annum
1748 4643 1816 4701 lass
1826 4645 1952 4698 mortuus.
