4298 5898
535 437 595 498 too
1040 443 1252 507 tuttelstet
1278 444 1452 507 suctum
1763 442 1845 528 [Aur.
1863 443 1945 504 1224

534 577 627 648 libus
652 586 687 648 et
714 580 819 654 rebus
839 601 1062 675 personarum
1087 583 1240 680 ipsarum
1265 583 1354 680 parti
1370 581 1561 679 reipublice
1578 581 1634 654 vel
1657 579 1837 674 aliquibus
1865 579 1947 654 bde-

533 701 626 774 libus
642 702 767 776 debitis
781 705 921 800 penitus
936 717 1052 780 esseut
1067 709 1257 802 immunes;
1275 719 1311 784 et
1321 709 1418 804 quod
1430 707 1588 782 homiues
1602 715 1637 780 et
1648 705 1781 779 vaxalli
1794 705 1947 798 ejusdffl

532 827 730 898 monasterii
751 827 786 898 in
816 851 1038 926 quacumque
1063 832 1280 928 partsregui
1303 840 1338 906 et
1354 831 1489 929 imperii
1513 829 1641 904 ineunt
1666 828 1711 902 de
1735 827 1948 922 quibuslibet

533 951 809 1045 possessionibus
838 963 874 1026 et
896 955 998 1028 bonis
1022 977 1141 1030 eorum
1167 957 1297 1030 nemini
1323 965 1476 1052 prestent
1499 963 1750 1030 sacramentnm
1774 951 1948 1025 fidelitatis

531 1085 566 1149 et
581 1079 795 1170 securitatis,
813 1065 879 1153 uisi
898 1081 1000 1154 nobis
1018 1092 1054 1156 et
1077 1081 1266 1158 heredibus
1284 1081 1409 1157 nosen
1423 1091 1459 1156 et
1482 1080 1666 1154 abbatibus
1684 1080 1741 1152 vel
1758 1078 1948 1150 rectoribus

529 1200 686 1292 ejusdem
705 1205 924 1295 monasterii3
953 1227 1018 1280 nec
1044 1207 1110 1302 ipsi
1135 1207 1239 1282 etiam
1256 1208 1366 1282 abbas
1388 1216 1424 1281 et
1446 1215 1638 1281 conventos
1660 1202 1784 1302 prefati
1809 1222 1949 1275 monas·

530 1325 606 1398 terii
628 1327 732 1400 alicui
761 1339 915 1424 prestent
936 1341 1189 1404 sacramentum
1215 1330 1389 1408 fidelitatis
1412 1341 1448 1404 et
1468 1329 1680 1420 securitatis,
1701 1328 1769 1402 nisi
1795 1327 1897 1399 nobis
1916 1336 1950 1398 et

529 1448 693 1524 fidelibus
708 1455 846 1527 nostris.
863 1455 1098 1530 Concedentes
1113 1457 1217 1530 edam
1235 1457 1302 1554 ipsi
1319 1457 1540 1547 monasterio,
1557 1453 1757 1528 bominibus
1774 1462 1812 1524 et
1828 1452 1950 1524 varal-

529 1575 570 1647 lis
589 1577 666 1669 ejus
683 1579 847 1651 omnibus
873 1581 968 1674 ligna
984 1581 1113 1654 viridia
1130 1590 1166 1656 et
1181 1583 1273 1655 sicca
1295 1603 1358 1678 pro
1380 1602 1501 1655 eorum
1526 1581 1621 1672 justa
1643 1578 1789 1653 utilitate
1815 1597 1949 1670 semper

528 1701 686 1795 accipere
702 1723 764 1796 per
780 1711 890 1774 totum
910 1725 1055 1798 regnum
1071 1715 1106 1777 et
1119 1705 1323 1801 imperium,
1340 1716 1375 1779 et
1390 1704 1487 1800 quod
1500 1725 1621 1778 omnes
1636 1703 1825 1792 libertates,
1840 1700 1949 1772 bonos

529 1846 614 1896 usus
633 1835 668 1897 et
685 1826 955 1900 consuetudines
978 1828 1098 1902 tratres
1121 1828 1205 1904 dicti
1222 1831 1420 1904 monasterii
1436 1853 1477 1904 ac
1492 1829 1651 1903 homines
1665 1838 1702 1902 et
1716 1826 1849 1901 vaxalli
1875 1827 1948 1919 ejus

529 1971 666 2045 semper
682 1949 832 2024 babeant
850 1951 957 2026 libere
974 1974 1064 2049 quas
1079 1963 1231 2050 tempore
1249 1955 1342 2050 regis
1357 1952 1530 2028 Guillelmi
1545 1953 1754 2028 babuerunt.
1771 1951 1861 2024 Etsi
1879 1972 1947 2046 qur

530 2076 620 2150 mala
651 2078 865 2151 consuetodo
896 2079 1057 2176 imposita
1083 2080 1148 2153 tuit
1171 2080 1339 2155 hactenus
1366 2082 1433 2178 ipsi
1463 2078 1690 2173 monasterio,
1718 2077 1943 2166 obedientiis,

529 2201 614 2274 locis
630 2201 705 2274 suis
720 2202 778 2274 vel
794 2203 899 2276 rebus
919 2213 954 2278 et
976 2205 1271 2300 possessionibus,
1292 2215 1403 2280 castro
1424 2205 1648 2294 blercuriaui,
1669 2201 1861 2294 cassbbos,
1880 2199 1946 2274 bo·

529 2323 682 2399 minibus
704 2333 738 2398 et
763 2327 912 2400 vaxallis
937 2327 1047 2424 ipsius
1074 2329 1272 2403 monasterii
1296 2351 1359 2426 per
1384 2340 1493 2403 totum
1514 2349 1660 2426 regnum
1681 2337 1717 2401 et
1736 2326 1942 2422 imperium,

527 2450 669 2522 omnino
699 2471 767 2524 non
802 2451 917 2526 valeat
949 2461 986 2524 et
1011 2453 1176 2549 deinceps
1205 2453 1374 2528 deleatur.
1406 2453 1630 2528 Prohibentes
1657 2454 1762 2524 etiarn
1789 2458 1830 2522 ut
1859 2451 1944 2522 inira

527 2575 715 2647 claustrum
738 2575 957 2668 monasterii,
977 2576 1250 2652 obedientiarum
1270 2585 1304 2650 et
1319 2580 1474 2651 locorum
1492 2598 1636 2650 suorum
1653 2574 1749 2647 nulla
1766 2572 1944 2647 temeraria

527 2699 740 2796 presumptio
760 2721 823 2774 seu
843 2701 997 2775 violenta
1018 2703 1075 2775 vel
1096 2702 1215 2776 illicita
1232 2703 1415 2776 conventio
1434 2701 1511 2794 fiat,
1533 2701 1628 2774 uude
1649 2699 1758 2796 possit
1783 2696 1944 2770 iratribus

528 2821 695 2896 damnum
718 2824 861 2920 aliquod
879 2847 943 2898 seu
960 2825 1162 2900 scandalum
1181 2826 1350 2918 suboriri,
1370 2838 1406 2900 et
1418 2826 1516 2922 quod
1535 2825 1651 2898 nullus
1667 2824 1866 2896 malefactor
1883 2841 1944 2918 pro

527 2949 774 3043 qualicumque
786 2947 956 3021 maleficio
969 2949 1164 3042 commisso,
1179 2961 1326 3047 excepto
1342 2951 1485 3024 uimine
1498 2948 1702 3046 proditionis
1713 2948 1771 3019 vel
1785 2947 1856 3019 lese
1867 2965 1944 3020 ma-

524 3071 658 3161 iestatis
673 3079 802 3162 nostre,
816 3071 1019 3168 confugiens
1031 3073 1078 3146 ad
1094 3073 1208 3169 ipsum
1227 3074 1486 3166 monasterium,
1503 3073 1615 3147 donec
1628 3073 1677 3146 ibi
1690 3071 1869 3162 manserit,
1884 3089 1945 3165 per

529 3195 600 3266 vim
621 3195 779 3290 capiatur
797 3195 930 3268 ibidem
952 3218 1068 3292 neque
1087 3197 1253 3272 violenter
1272 3198 1401 3274 exinde
1421 3199 1636 3272 extrahatur.
1659 3196 1896 3284 Concedentes
1912 3203 1946 3266 et

527 3319 768 3394 confirmantes
779 3320 883 3394 etiarn
894 3319 959 3415 ipsi
970 3322 1219 3395 monasteriolo
1233 3323 1485 3420 eleemosynam
1495 3322 1676 3418 sexaginta
1688 3318 1945 3414 sertasmgoil·

526 3446 637 3518 larum
652 3444 697 3518 de
705 3443 835 3538 grossis
843 3453 878 3518 et
891 3445 1123 3541 supergressis
1135 3445 1314 3518 annuatim
1328 3446 1568 3543 percipiendas
1578 3453 1614 3520 et
1624 3441 1859 3519 babendasde
1868 3444 1943 3516 lacu

526 3569 665 3640 Alesiae
678 3590 725 3641 ex
740 3567 926 3641 donatione
938 3569 1115 3664 quondam
1129 3568 1271 3644 llattbei
1284 3572 1418 3644 comitis
1428 3571 1580 3663 alesine,
1593 3579 1697 3666 prout
1710 3569 1822 3668 ipsius
1838 3567 1944 3642 dona·

525 3693 629 3764 tionis
645 3692 825 3789 publicum
843 3693 998 3766 continet
1013 3695 1292 3787 instrumentum3
1308 3716 1442 3770 necnon
1456 3704 1492 3768 ot
1503 3694 1727 3768 donationem
1737 3702 1943 3788 atqueoon-

525 3815 715 3888 cessionem
739 3825 890 3888 uostram
914 3817 998 3890 olim
1014 3817 1081 3914 ipsi
1100 3819 1306 3892 monasterio
1324 3842 1346 3893 a
1364 3817 1465 3892 nobis
1487 3821 1612 3894 iactam
1628 3819 1675 3894 de
1695 3820 1823 3890 foresta
1840 3815 1941 3890 nostr·

524 3941 676 4014 demanii
695 3951 730 4014 et
745 3951 823 4014 octo
837 3951 971 4015 casatas
983 3943 1190 4016 villanorum
1204 3945 1240 4017 in
1254 3943 1462 4039 Magdalono
1475 3953 1511 4019 et
1524 3943 1570 4018 de
1582 3965 1675 4038 aqua
1686 3942 1805 4016 Sancti
1816 3939 1939 4022 Mauri,

524 4065 635 4160 ipsam
650 4065 845 4140 derivando
868 4089 932 4162 pro
947 4067 1037 4140 velle
1050 4076 1087 4140 et
1101 4069 1249 4148 utibtate
1268 4069 1466 4142 monasterii
1484 4078 1521 4142 et
1535 4068 1581 4142 de
1597 4088 1690 4141 novo
1712 4063 1943 4140 construendo

524 4189 721 4263 molendina
741 4201 777 4262 et
794 4191 922 4264 lusaria
939 4189 1033 4287 apud
1057 4193 1239 4267 Nuceriam
1255 4194 1292 4266 in
1310 4193 1433 4268 eadem
1452 4215 1543 4288 aqua
1561 4192 1677 4266 Sancti
1694 4189 1822 4265 Mauri.
1845 4187 1943 4263 Unde

525 4311 670 4406 predicti
683 4315 791 4388 abbas
807 4325 841 4388 et
860 4325 1051 4388 conventus
1072 4318 1357 4414 supplicaverunt
1372 4317 1538 4392 instanter
1554 4315 1752 4391 celsitudini
1769 4322 1887 4388 nostre
1904 4320 1942 4384 ut

526 4437 679 4528 predicta
689 4439 803 4512 omnia
816 4449 850 4512 et
858 4461 1077 4535 quecumque
1089 4441 1155 4515 alia
1167 4443 1202 4513 in
1213 4441 1403 4538 privilegiis
1412 4441 1689 4538 continebantur,
1702 4439 1942 4538 predictisres

527 4556 637 4632 titutis
649 4559 715 4631 sibi
729 4561 921 4655 privilegiis
936 4562 1033 4660 ipsis,
1045 4563 1160 4639 eidem
1177 4566 1385 4640 monasterio
1396 4565 1587 4640 concedere
1598 4573 1634 4640 et
1649 4564 1856 4639 confirmare
1865 4583 1941 4661 per·
