4296 5898
243 626 340 685 laurea.
356 619 399 704 9.]
695 615 893 678 HISTORIA
918 612 1209 676 nlalollallcll.
1599 611 1656 674 201

241 759 366 833 reierat
379 755 490 853 ipsius
505 752 617 827 filium
627 748 790 849 pacatum
807 752 843 826 in
859 751 1042 826 Germania
1054 771 1201 845 regnum
1216 758 1353 841 tenere3
1374 770 1445 823 non
1457 747 1578 824 deesse
1591 747 1658 820 sibi

242 891 316 954 tum
335 881 372 954 in
393 877 576 954 Germania
593 888 667 952 tum
686 877 724 950 in
748 877 828 952 aliis
850 876 987 973 imperii
1006 875 1194 972 provinciis
1210 884 1315 970 atque
1331 874 1409 970 ipsa
1431 873 1548 948 Sicilia
1566 872 1660 946 vires

242 1004 290 1080 ad
300 1027 343 1080 ea
354 1001 529 1078 molienda
541 1023 632 1096 quae
648 1000 839 1076 admodum
853 1001 905 1072 illi
921 1001 1056 1094 ingrata
1070 1000 1185 1073 lutura
1204 1007 1330 1072 essent.
1346 1001 1434 1072 Tum
1447 999 1559 1096 pergit
1571 1002 1605 1087 z]

292 1130 377 1204 Cum
390 1149 526 1226 semper
539 1126 587 1201 ad
600 1148 783 1224 personam
796 1137 891 1202 taam
901 1127 977 1200 veri
994 1127 1100 1221 patris
1114 1125 1275 1200 allectum
1290 1125 1499 1220 gesserimus
1515 1135 1550 1200 et
1559 1147 1659 1222 gera·

243 1277 333 1348 mus,
347 1252 601 1350 imperatoriam
612 1254 824 1346 majestatem
840 1274 1022 1326 monemus
1034 1259 1069 1324 et
1083 1272 1246 1346 rogamus
1259 1260 1387 1324 attente
1397 1273 1459 1350 per
1469 1248 1656 1324 Dominum

242 1380 461 1453 obsecrantes
478 1387 652 1474 quatenus
667 1377 768 1450 nobis
785 1388 820 1450 et
837 1377 899 1450 tibi
923 1376 1135 1473 prospiciens
1150 1376 1239 1450 inter
1261 1385 1295 1448 te
1311 1386 1345 1450 et
1363 1376 1544 1450 ecclesiam
1559 1376 1655 1450 nasci

243 1513 376 1576 tantum
391 1500 595 1576 scandalum
606 1525 676 1574 non
693 1503 888 1599 permittas,
906 1502 990 1598 quia
1002 1502 1155 1599 prolecto
1167 1501 1197 1575 si
1213 1503 1249 1574 in
1266 1501 1333 1575 hoc
1350 1501 1605 1575 scandalisatia
1624 1509 1658 1574 te

242 1628 410 1701 fuerimus
427 1627 463 1698 in
483 1637 687 1722 quocontra
709 1649 773 1701 noe
790 1637 906 1701 nostra
922 1637 1162 1724 reputaremus
1178 1627 1341 1701 interiora
1363 1625 1509 1716 moveri,
1527 1625 1658 1718 hujus-

243 1753 337 1827 modi
363 1753 492 1828 doloris
513 1753 655 1827 aculens
678 1753 970 1826 transverberaret
993 1773 1051 1824 cor
1072 1761 1226 1825 nostrum
1253 1761 1287 1826 et
1304 1773 1366 1849 per
1386 1750 1507 1826 intima
1527 1750 1660 1824 ossium

244 1878 475 1974 pertransiret.
491 1875 561 1950 Sed
577 1875 719 1951 eumad
737 1887 770 1950 te
784 1876 831 1950 ob
844 1876 911 1950 hoc
927 1877 1093 1950 dilectum
1115 1875 1224 1948 filium
1247 1877 1397 1974 priorem
1413 1879 1538 1950 Sancte
1553 1877 1661 1950 Mario

243 2003 340 2078 Nove
361 2025 441 2076 oum
461 2001 587 2076 nostris
609 2001 733 2076 litteris
755 2013 790 2076 et
810 2003 1015 2099 transcripto
1039 2002 1090 2074 tui
1114 2001 1288 2099 privilegii
1310 2002 1520 2098 dirigamus,
1543 2025 1605 2100 per
1626 2013 1660 2076 te

244 2128 359 2224 ipsum
375 2151 446 2224 que
460 2127 559 2201 aliter
571 2149 677 2222 mam
689 2127 811 2202 deceat
822 2135 899 2200 acta
912 2137 995 2200 sunt
1010 2128 1179 2222 corrigas,
1196 2128 1379 2202 electiones
1390 2128 1495 2222 juxta
1511 2128 1660 2224 privile-

244 2252 341 2344 gium
357 2262 393 2326 et
412 2252 657 2347 promissiones
679 2262 757 2325 tuas
772 2251 880 2326 libere
897 2275 938 2326 ac
958 2253 1034 2327 sine
1048 2253 1286 2350 impressionis
1307 2253 1394 2326 vitio
1414 2250 1488 2326 fieri
1508 2252 1661 2347 permis-

243 2399 359 2450 surus.
376 2375 541 2472 Alioquin
553 2377 692 2450 noveris
707 2376 805 2473 quod
823 2375 862 2450 id
875 2377 971 2449 nulla
987 2377 1177 2473 poterimus
1192 2377 1322 2451 ratione
1337 2377 1373 2448 in
1391 2379 1528 2472 proprie
1544 2377 1660 2452 anime

243 2501 437 2596 periculum
455 2501 643 2593 sustinere,
668 2500 848 2598 presertim
868 2522 949 2574 cum
967 2511 1085 2576 contra
1104 2523 1168 2574 nos
1185 2503 1272 2574 intra
1290 2511 1324 2572 et
1347 2510 1445 2574 extra
1470 2501 1660 2576 itomanam

243 2627 430 2699 Ecclesiam
449 2626 578 2721 jugiter
603 2626 811 2700 acclametur
833 2624 931 2720 quod
954 2626 1017 2699 tibi
1044 2626 1270 2702 detulerimus
1296 2627 1332 2697 in
1356 2627 1515 2722 pluribus
1540 2636 1658 2700 contra

243 2753 372 2844 Deum;
393 2749 456 2824 sed
480 2751 699 2825 difficultates
718 2761 795 2826 tuas
810 2751 845 2823 in
862 2773 951 2846 quas
970 2761 1004 2824 te
1024 2751 1193 2826 hactenus
1212 2751 1386 2848 ingessisti
1409 2760 1443 2826 et
1465 2751 1606 2826 inducis
1620 2752 1657 2824 in

243 2877 351 2950 totius
373 2877 468 2950 orbis
496 2877 651 2950 notitiam
676 2876 909 2968 adducemus,
936 2877 1000 2949 oeli
1023 2887 1058 2949 et
1081 2886 1170 2951 terre
1198 2877 1431 2951 testimonium
1456 2878 1658 2952 invocantes

243 3000 339 3098 quod
356 3000 485 3076 adhoc
502 3002 723 3098 procedimus
738 3002 892 3076 dolentes
904 3002 1092 3098 plurimum
1109 3013 1143 3075 et
1158 3003 1273 3076 inviti.

293 3129 418 3200 Datum
447 3127 621 3220 Laterani,
653 3129 716 3200 llll
742 3127 910 3202 lralendas
933 3129 1155 3226 septembris,
1189 3127 1409 3226 pontificatus
1434 3130 1541 3204 nostri
1567 3150 1660 3202 anno

243 3263 356 3326 sexto.

296 3757 378 3842 Hoc
400 3784 502 3842 anno
527 3758 746 3842 ucesimaa
768 3763 941 3870 personis
967 3765 1247 3873 aeclesiasticis,
1267 3765 1375 3850 laicis
1396 3796 1486 3854 uero
1512 3773 1659 3856 decima

242 3919 314 4003 pro
342 3891 512 3976 subsidio
539 3901 661 3976 terrae
687 3903 840 3978 sanctae
865 3922 933 4006 per
959 3907 1082 3982 totum
1109 3919 1273 4011 regnum
1294 3901 1501 4014 colligitur,
1527 3916 1566 3988 et
1591 3934 1659 4016 per

245 4023 482 4109 Gualterium
497 4025 546 4108 de
562 4025 696 4110 Palear
711 4027 814 4138 regis
831 4030 1102 4117 cancellarium
1119 4044 1157 4117 et
1173 4061 1242 4143 per
1255 4035 1460 4120 Henricum
1478 4039 1526 4122 de
1544 4039 1659 4124 ltlelta

242 4159 421 4243 comitem
452 4161 592 4243 marini
625 4161 724 4246 stolii
757 4165 1002 4250 ammiratum
1032 4169 1156 4279 ipsam
1186 4169 1402 4252 Damiatam
1437 4175 1660 4259 transmittit

243 4295 493 4404 [imperator],
520 4295 609 4378 licet
635 4305 728 4380 tunc
752 4299 934 4410 temporis
961 4301 1102 4385 amissa
1129 4301 1241 4386 fuerit
1267 4303 1389 4414 culpis
1420 4307 1658 4418 exigentibus

243 4427 419 4513 Demieta
432 4427 509 4540 (l).
528 4430 685 4541 Propter
703 4434 808 4543 quod
823 4435 904 4545 ipse
918 4437 1166 4522 cancellarius
1188 4439 1285 4521 irem
1307 4443 1545 4552 imperatoris
1567 4471 1658 4529 me-

283 4750 320 4825 (t)
340 4749 481 4912 {uomodo
492 4752 666 4813 cancelluins
680 4760 709 4813 et
724 4756 897 4830 ammiratus,
910 4759 969 4818 sine
981 4759 1063 4818 dubio
1075 4777 1109 4820 ex
1121 4761 1207 4837 ipsius
1218 4763 1388 4838 imperatoris
1402 4767 1538 4842 mandato,
1552 4773 1660 4828 restltu·

377 4892 387 4913 .
1466 4877 1504 4932 lt
