4296 5898
197 530 200 538 '
226 529 324 590 lrnrcr.
344 527 406 604 lo]
680 522 877 585 ulsroltlll
901 516 1192 583 ntrtouarlctt
1582 511 1642 575 209

225 664 314 736 simo
335 663 567 736 Romanorum
592 659 813 754 imperatore,
841 680 976 754 semper
995 662 1144 750 augusto
1159 663 1194 727 et
1210 672 1291 747 rege
1307 647 1439 738 Sicilie,
1459 669 1551 722 anno
1573 648 1637 720 im-

225 787 312 883 perii
340 787 396 858 sui
422 785 534 882 primo
544 772 560 876 ,’
584 784 740 858 feliciter.
770 783 838 860 Nos
865 783 1032 878 Rogerius
1048 780 1213 871 Alteros,
1232 775 1419 873 imperialis
1432 775 1639 869 justitiarius

226 911 395 1004 Calabria,
415 932 478 1006 per
490 911 595 1005 hujus
609 909 729 1007 scripti
744 909 868 982 seriem
889 907 1107 982 declaramus
1125 904 1221 1000 quod
1239 901 1409 977 accedens
1431 900 1478 974 ad
1494 922 1640 996 presen-

226 1037 311 1110 tiam
330 1043 481 1109 nostram
500 1036 604 1108 frater
625 1034 822 1130 Stephanus
841 1034 1031 1107 monachus
1046 1042 1082 1106 et
1095 1030 1264 1126 generalis
1281 1037 1482 1126 procurator
1499 1049 1640 1100 monas·

228 1160 306 1234 terii
324 1159 439 1234 Sancti
459 1158 624 1255 Stephani
645 1158 692 1233 de
707 1161 872 1250 Nemore,
901 1158 986 1232 dum
1005 1179 1160 1231 essemus
1174 1155 1350 1229 Neocastri
1373 1174 1491 1226 mense
1511 1151 1642 1225 scilieet

229 1285 369 1377 martio,
391 1306 483 1358 none
509 1284 726 1376 indictionis,
750 1293 785 1357 et
808 1283 961 1356 officium
983 1281 1225 1378 justitiariatus
1249 1278 1377 1353 ibidem
1401 1300 1642 1352 exerceremus

230 1431 294 1506 pro
310 1409 551 1504 questionibus
568 1407 807 1482 altercantium
824 1407 946 1481 ordine
961 1405 1148 1500 judiciario
1163 1405 1339 1496 finiendis,
1357 1403 1458 1477 nobis
1472 1424 1534 1499 pro
1546 1410 1643 1498 parte

230 1537 340 1632 ipsius
362 1535 560 1609 monasterii
579 1543 631 1608 cst
651 1543 861 1629 conquestus
882 1533 927 1606 de
947 1532 1147 1606 hominibus
1164 1554 1226 1605 seu
1249 1530 1387 1603 villanis
1408 1529 1453 1602 de
1470 1529 1643 1626 casalibus

229 1660 416 1752 blentabri,
447 1660 620 1753 Arunobi,
644 1659 833 1756 Gasparine
855 1669 890 1733 et
916 1659 1067 1733 Oliviani
1088 1655 1141 1754 (t)
1167 1655 1362 1730 monasterii
1384 1655 1563 1729 memorati
1583 1655 1643 1750 qui

231 1786 317 1860 dnm
337 1785 550 1881 imperialem
574 1785 706 1858 curiam
720 1783 855 1858 adirent
871 1785 966 1880 apud
984 1782 1135 1856 Rooham
1151 1781 1309 1874 Nicostri,
1327 1781 1507 1876 petitiones
1521 1782 1645 1854 offerre

231 1909 430 1983 nitebantur
453 1918 572 1982 contra
596 1909 841 1982 monasterinm
868 1904 1127 2002 supradictum,
1156 1914 1370 2001 exponentes
1388 1903 1486 1999 quod
1512 1905 1644 1978 dictum

232 2034 480 2108 monasterium
503 2033 644 2107 eosdem
667 2032 826 2106 homines
849 2055 910 2106 seu
935 2032 1082 2106 villanos
1102 2027 1267 2103 indebitis
1293 2029 1443 2102 servitiis
1466 2038 1502 2103 et
1526 2030 1644 2102 multis

233 2159 399 2232 molestiis
418 2166 640 2254 aggravaret3
660 2167 696 2231 et
710 2157 795 2232 dum
816 2157 883 2231 hoo
906 2156 949 2231 ad
970 2155 1183 2230 audientiam
1198 2153 1329 2228 domini
1348 2155 1506 2228 Riccardi
1528 2155 1644 2252 impc-

233 2283 328 2356 rialis
343 2283 423 2356 aule
437 2283 618 2358 camerarii
632 2283 860 2378 pervenisset,
881 2282 1021 2356 eosdem
1040 2281 1196 2354 homines
1215 2301 1275 2351 seu
1297 2280 1443 2352 villanos
1463 2301 1578 2353 coram
1599 2303 1642 2355 eo

233 2409 314 2480 tecit
330 2408 453 2481 audire
468 2430 489 2481 a
503 2429 574 2503 quo
593 2408 743 2480 revocati
761 2429 806 2481 ne
822 2407 1086 2482 contradictum
1106 2404 1348 2479 monasterium
1363 2405 1447 2478 tales
1463 2407 1644 2502 petitiones

233 2531 409 2622 offerrent,
432 2533 525 2607 idem
546 2532 708 2606 dominus
726 2532 915 2606 Riccardns
933 2531 1050 2604 abbati
1070 2542 1106 2605 et
1126 2531 1313 2604 conventui
1340 2529 1423 2605 dicti
1445 2533 1642 2606 monasterii

234 2679 316 2730 snas
336 2657 501 2753 speciales
517 2657 647 2730 litteras
664 2656 863 2729 monitorias
883 2655 1070 2729 destinavit
1091 2664 1130 2727 ut
1151 2655 1243 2728 idem
1263 2655 1508 2728 monasterium
1527 2659 1572 2730 ab
1589 2657 1643 2753 ip·

235 2805 353 2856 sorum
372 2783 526 2857 indebita
548 2783 785 2856 molestatione
807 2792 974 2874 cessaret;
998 2791 1117 2876 petens
1140 2781 1253 2854 dictus
1276 2790 1474 2877 procurator
1500 2791 1540 2854 ut
1564 2805 1644 2856 cum

236 2928 344 3000 grave
359 2909 404 2979 sit
418 2907 627 2981 monasterio
641 2905 839 3002 supradicto
860 2915 978 2979 contra
995 2907 1109 3002 ipsum
1132 2906 1276 3000 injustas
1291 2906 1402 2982 taliter
1415 2907 1534 2980 inferri
1554 2899 1645 3002 quie-

236 3033 326 3104 relas
340 3043 374 3104 et
390 3031 578 3128 imperialis
594 3030 690 3104 curie
707 3052 809 3103 aures
824 3031 960 3126 impleri
973 3030 1154 3125 questibus
1169 3030 1344 3120 salsitatis,
1363 3030 1474 3104 dictos
1489 3030 1647 3106 homines

236 3178 300 3229 sen
317 3156 468 3229 villanos·
483 3155 648 3229 casalium
671 3156 904 3252 predictorum
929 3157 965 3228 in
990 3157 1086 3229 curia
1112 3156 1159 3231 ad
1182 3165 1333 3230 nostram
1358 3157 1566 3252 presentiam
1588 3180 1647 3231 ac-

238 3280 356 3353 cersiri
383 3291 422 3354 ut
445 3281 474 3354 si
500 3280 589 3376 quid
613 3280 772 3354 homines
796 3304 858 3354 seu
878 3282 999 3354 villani
1027 3282 1093 3377 ipsi
1122 3279 1277 3354 indebite
1301 3283 1480 3376 aggravati
1502 3282 1547 3356 ab
1571 3281 1647 3380 ipso

237 3405 445 3478 monasterio
465 3414 675 3502 paterentur,
700 3428 815 3480 coram
835 3407 936 3480 nobis
952 3415 1181 3503 exponerent;
1204 3416 1240 3480 et
1264 3407 1294 3479 si
1323 3408 1407 3481 forte
1428 3406 1650 3483 ostenderent

238 3530 485 3604 rationabiliter
509 3531 546 3603 in
564 3531 681 3626 aliquo
698 3553 774 3605 esse
788 3541 968 3625 gravatos,
988 3531 1208 3628 promittebat
1224 3531 1339 3606 dictus
1356 3543 1555 3629 procurator
1571 3557 1649 3609 mo·

239 3655 381 3727 nestorii
413 3655 580 3728 nominati
608 3655 674 3728 snb
702 3656 926 3731 satisdatione
956 3655 1101 3729 solemni
1128 3656 1180 3727 eis
1204 3657 1315 3730 lacere
1345 3659 1546 3751 gravamina
1574 3661 1649 3734 sive

240 3779 370 3852 damna
386 3780 539 3874 quelibet
553 3780 710 3853 resarciri
724 3791 760 3854 et
777 3781 822 3854 de
837 3780 999 3854 omnibus
1015 3802 1086 3875 que
1102 3781 1232 3853 vellent
1247 3791 1364 3855 contra
1380 3783 1550 3877 prelatum
1567 3805 1651 3856 mo-

187 3945 191 3952 ·
241 3903 429 3976 nestorium
444 3925 634 4000 proponere
651 3927 714 4002 per
722 3905 898 3998 justiciam
913 3905 1123 4000 respondere
1136 3912 1170 3977 et
1183 3906 1295 3977 facere
1311 3906 1407 3999 quod
1423 3906 1510 3980 ratio
1525 3918 1651 4002 postu·

239 4029 339 4100 larct.
356 4028 425 4116 Qui
444 4029 600 4102 homines
616 4051 678 4102 sen
692 4029 811 4102 villani
830 4039 1011 4126 propterea
1027 4051 1090 4126 por
1108 4050 1172 4102 nos
1193 4030 1305 4102 vocati
1321 4039 1356 4102 et
1373 4030 1540 4104 innostra
1563 4055 1649 4128 pre—

242 4151 355 4225 sentia
371 4153 548 4226 constituti
567 4153 732 4227 dixerunt
750 4181 759 4224 ε
780 4179 862 4224 -ιι
883 4155 1050 4227 Nolumus
1074 4176 1154 4227 cum
1181 4153 1331 4227 dominis
1357 4156 1481 4229 nostris
1510 4179 1649 4231 cansam

243 4277 410 4352 »intrare
437 4301 502 4351 nec
528 4278 646 4352 subire
671 4278 843 4372 judicium
871 4301 951 4351 cum
977 4279 1130 4367 eisdem,
1160 4278 1230 4351 imo
1255 4279 1364 4374 parati
1389 4303 1510 4355 sumus
1538 4284 1649 4358 lacere

243 4427 265 4472 a
283 4402 440 4476 debitum
469 4405 648 4478 servitium
672 4405 816 4478 ecclesie
841 4414 877 4478 et
903 4404 1043 4501 prelatis
1068 4404 1186 4478 abbati
1212 4413 1247 4478 et
1275 4407 1459 4480 conventui
1486 4417 1648 4504 tanquam

281 4663 317 4739 (t)
334 4663 443 4724 Scilicet
452 4665 608 4737 ltoutooro,
623 4668 749 4742 Artemo,
761 4669 920 4744 Gorporim
935 4675 964 4726 et
977 4668 1105 4728 Olotooo.

345 4765 387 4828 11.
