4368 5876
504 529 563 591 130
1004 531 1224 594 lttttttttlttct
1249 532 1425 596 sscttttttt
1732 530 1817 610 [Ass.
1834 527 1919 590 ml.

506 666 633 738 lectum
662 661 773 737 filium
800 675 955 740 nostrum
981 667 1021 740 ll.
1048 667 1171 740 Sancte
1195 669 1303 742 Maris
1326 668 1361 740 in
1381 663 1563 742 &emedio
1591 663 1777 740 daconnm
1801 663 1923 738 cardi-

507 790 621 862 nalem
641 789 849 885 prefecimus
866 791 903 864 in
919 799 1102 880 rectorem,
1124 792 1186 886 qui
1207 793 1413 886 omniaque
1436 790 1473 863 in
1496 789 1565 862 hiis
1585 789 1632 864 ad
1647 789 1837 864 mmmm
1859 788 1924 860 Ec

506 913 646 986 clesiam
669 914 843 1008 pertinent
866 916 1026 990 obtinens
1051 916 1196 1012 pacifice
1220 927 1255 990 et
1280 916 1399 1012 quiete
1423 923 1548 990 cuncta
1573 935 1636 1010 pro
1659 915 1839 987 robntats
1860 934 1924 985 sna

508 1036 678 1133 disposuit
699 1048 734 1112 et
749 1037 919 1136 disponit,
936 1041 1142 1133 juramentis
1159 1041 1334 1116 fidelitatis
1354 1041 1400 1116 ab
1417 1040 1580 1120 omuibus
1602 1038 1750 1116 ducatus
1766 1045 1804 1112 et
1818 1036 1925 1110 comi·

507 1172 642 1235 tatnnm
655 1163 732 1236 sine
755 1163 957 1238 difficultate
978 1165 1138 1262 receptis.
1158 1165 1215 1239 Ad
1233 1166 1298 1240 hec
1313 1189 1394 1240 com
1408 1164 1553 1260 quidam
1574 1163 1782 1238 Teutonicus
1797 1182 1925 1234 mares-

506 1288 623 1360 calcus
641 1298 792 1362 castrum
812 1291 1001 1363 Precenum
1019 1289 1223 1364 detinuisset
1240 1289 1379 1364 diucius
1397 1299 1621 1385 occupatum,
1637 1309 1700 1361 nos
1714 1287 1829 1360 missis
1842 1286 1926 1358 illuc

507 1415 646 1486 nunciis
660 1416 799 1507 nostris,
813 1425 928 1490 amoto
941 1416 1071 1490 exinde
1084 1420 1292 1492 marescalco
1304 1417 1472 1512 predicto,
1484 1414 1765 1512 recuperavimus
1775 1421 1925 1485 casbum

507 1539 641 1633 ipsum,
670 1540 844 1614 universis
861 1540 1112 1614 habitatoribus
1134 1544 1211 1636 ejus
1234 1542 1359 1616 dilecto
1381 1540 1452 1614 lilio
1470 1542 1507 1614 S.
1528 1539 1716 1612 camerario
1741 1547 1858 1610 nostro
1880 1536 1926 1608 ad

508 1663 574 1736 boc
592 1687 613 1737 a
631 1675 747 1737 nostro
761 1667 868 1739 latore
880 1667 1049 1741 destinato
1062 1676 1097 1738 et
1109 1667 1154 1740 ab
1169 1667 1212 1740 iis
1227 1665 1418 1741 honorilice
1432 1688 1474 1740 ac
1487 1664 1613 1740 devote
1631 1673 1770 1759 recepto
1786 1661 1927 1734 nomine

509 1798 625 1861 nostro
648 1788 825 1862 fidelitatis
846 1791 1095 1864 exhibentibus
1113 1795 1329 1886 juramenta;
1359 1791 1540 1864 undenos
1564 1801 1634 1863 mm
1660 1787 1754 1860 idem
1776 1795 1927 1860 castrum

509 1934 615 2006 quam
647 1913 895 1986 Radicolanum
926 1925 960 1987 et
983 1914 1332 2012 Aqnampendentem
1359 1916 1486 1990 dilecto
1516 1913 1587 1990 filio
1612 1914 1732 1989 Musca
1767 1909 1926 2008 potestati

510 2035 719 2110 viterbiensi
746 2037 839 2112 fideli
867 2048 983 2112 nostro
1007 2041 1242 2114 commisimus
1268 2041 1438 2136 quamdiu
1469 2039 1568 2114 uobis
1599 2037 1768 2136 placuerit
1797 2036 1928 2130 guber-

511 2161 641 2234 nanda.
665 2163 822 2236 Proterea
844 2186 923 2237 cum
948 2166 1146 2239 carissimus
1174 2167 1210 2238 in
1236 2165 1371 2240 Christo
1394 2166 1487 2238 filius
1509 2173 1624 2238 noster
1647 2160 1844 2235 Fridericus
1868 2181 1929 2232 ro-

511 2308 635 2359 manus
652 2287 835 2383 imperator
852 2297 935 2361 tunc
947 2311 1010 2362 rex
1023 2291 1168 2364 veniens
1181 2301 1405 2386 suscepturus
1418 2289 1464 2364 de
1480 2289 1643 2364 manibus
1658 2286 1782 2360 noetus
1794 2283 1928 2380 imperii

511 2409 673 2484 diadema
700 2414 933 2486 venerabilem
961 2417 1100 2487 tratrem
1125 2425 1279 2488 nostrum
1304 2417 1492 2490 blateuscm
1514 2415 1715 2510 episcopum
1740 2409 1929 2506 imperialis

509 2537 590 2608 aule
602 2537 845 2610 cancellarium
859 2539 895 2610 in
909 2539 1057 2613 Ytaliam
1072 2541 1296 2635 promisisset,
1313 2539 1469 2612 misimus
1484 2539 1531 2613 ad
1543 2561 1624 2611 eum
1639 2537 1805 2612 dilectum
1818 2534 1929 2607 filium

508 2661 715 2734 llainaldum
747 2663 901 2736 blonaldi
933 2663 1187 2738 subdiaconum
1221 2675 1256 2738 et
1281 2665 1497 2760 capellanum
1523 2672 1679 2738 nostrum
1712 2670 1753 2734 nt
1785 2661 1819 2733 si
1852 2659 1931 2732 vice

510 2795 626 2856 nostra
650 2786 850 2858 camimum
870 2789 1042 2860 comitisse
1057 2789 1234 2861 Mathildis
1252 2788 1358 2862 libere
1377 2789 1579 2881 resignaret,
1602 2787 1693 2860 sicut
1713 2806 1834 2877 aroge
1855 2785 1931 2880 ipso

511 2907 622 2979 luerat
638 2909 704 2980 sibi
724 2913 966 3000 commissum,
984 2924 1019 2986 et
1034 2915 1114 2986 licet
1127 2913 1351 2986 cancellarius
1370 2913 1445 3008 ipse
1460 2913 1657 3007 petitionem
1674 2913 1831 3005 ejusdem
1847 2909 1931 2984 sub·

513 3030 650 3102 diaconi
673 3055 786 3127 usque
807 3036 852 3109 ad
877 3035 1068 3110 adrentum
1087 3036 1179 3132 regis
1205 3038 1296 3112 circa
1318 3045 1432 3132 partes
1451 3037 1606 3112 Bononia
1625 3036 1833 3124 distulisset,
1854 3043 1932 3106 tan·

513 3153 592 3225 dem
609 3164 721 3228 tamen
739 3157 833 3231 idem
850 3182 913 3232 rex
928 3171 998 3234 tam
1016 3161 1062 3234 de
1075 3171 1187 3235 castro
1201 3162 1360 3258 Gonzage
1375 3183 1481 3257 quam
1495 3161 1540 3235 de
1556 3161 1633 3234 aliis
1647 3160 1783 3252 castris,
1803 3160 1933 3232 scilicet

513 3279 792 3375 Pepugnansnsi,
805 3284 969 3358 Bnndeno
983 3287 1092 3359 veteri
1108 3297 1142 3360 et
1158 3286 1323 3360 bondeno
1335 3309 1440 3378 novo,
1457 3307 1606 3360 necnon
1622 3287 1668 3360 de
1681 3294 1753 3359 toto
1768 3286 1933 3359 comitatu

513 3412 548 3474 et
575 3405 705 3498 podere
730 3425 771 3478 ao
797 3408 896 3480 terris
923 3409 1094 3482 comitisse
1120 3410 1296 3484 lllathildis
1326 3411 1479 3506 predicte
1512 3413 1716 3507 magistrum
1740 3409 1933 3482 Alatriuum

513 3527 767 3602 subdiaconum
790 3540 826 3602 et
849 3533 1065 3627 capellanum
1086 3542 1240 3606 nostrum
1262 3536 1324 3629 qui
1349 3545 1422 3608 erat
1442 3557 1521 3608 cum
1548 3557 1591 3608 eo
1613 3534 1832 3608 et.eumdem
1854 3531 1934 3605 Rai-

516 3652 658 3724 naldum
681 3667 799 3728 sancte
819 3657 972 3730 Romane
989 3656 1142 3730 Ecclesia
1164 3659 1303 3730 nomine
1325 3659 1504 3732 investivit
1521 3669 1557 3732 et
1577 3681 1639 3733 ecs
1656 3659 1835 3732 constituit
1854 3677 1934 3752 pos·

515 3795 684 3867 sessores,
718 3780 889 3852 mandans
918 3782 1013 3877 ipsos
1037 3805 1100 3878 per
1125 3783 1357 3854 venerabilem
1384 3785 1523 3856 tratrem
1548 3793 1706 3856 nostrum
1731 3783 1934 3878 episcopum

515 3897 761 3971 Taurineusem
778 3902 948 3974 vicarium
968 3925 1072 3976 suum
1098 3904 1134 3973 in
1155 3905 1366 4000 corporalem
1388 3905 1642 4002 possessionem
1661 3905 1783 3979 induci
1801 3913 1836 3977 et
1856 3923 1936 4000 pre·

516 4021 649 4118 cipions
667 4030 737 4094 tam
757 4027 919 4099 omuibus
937 4027 1106 4099 militibus
1125 4035 1160 4100 st
1177 4029 1429 4102 habitatoribus
1445 4039 1638 4104 castrorum
1657 4029 1813 4124 ipsorum
1830 4049 1937 4123 quam

515 4145 592 4216 aliis
609 4147 766 4220 vassallis
783 4148 829 4222 de
845 4151 922 4246 ipso
940 4152 1104 4224 mmitatu
1118 4173 1180 4224 seu
1195 4153 1294 4226 terris
1310 4162 1345 4227 et
1362 4156 1492 4250 podere
1512 4165 1551 4228 ut
1568 4175 1689 4228 omnes
1707 4154 1754 4227 ab
1771 4153 1867 4226 omni
1879 4154 1938 4246 ju·

517 4281 673 4354 ramento
692 4293 762 4364 quo
789 4273 856 4368 ipsi
879 4275 1082 4348 tenebantur
1103 4276 1236 4348 ratione
1259 4285 1427 4352 terrarum
1450 4281 1604 4374 ipsarum
1628 4276 1769 4374 penitus
1787 4275 1938 4350 absoluti

517 4390 650 4464 eisdem
672 4395 857 4488 capellanis
876 4398 932 4471 vel
957 4420 1077 4471 eorum
1099 4400 1197 4472 alteri
1217 4421 1280 4473 seu
1303 4403 1446 4474 cuilibet
1463 4402 1522 4476 alii
1541 4401 1589 4474 ab
1608 4401 1766 4474 Ecclesia
1782 4401 1939 4473 Romana

517 4515 623 4585 misso
640 4514 815 4591 fidelitatis
826 4521 1021 4611 juramenta
1036 4531 1228 4616 prestarent
1240 4533 1275 4596 et
1293 4526 1492 4618 abjurarent
1510 4525 1580 4598 alia
1599 4525 1668 4598 hiis
1686 4525 1860 4598 contraria
1878 4525 1939 4617 ju-

519 4646 694 4730 ramenta;
716 4643 811 4734 quod
835 4643 865 4714 si
891 4665 960 4716 nou
980 4646 1147 4738 lacerent,
1165 4648 1291 4720 scirent
1311 4671 1348 4724 se
1367 4660 1512 4724 extunc
1531 4649 1695 4724 omnibus
1711 4650 1814 4724 bouis
1829 4647 1941 4722 comi·
