<?xml version="1.0" encoding="UTF-8"?>
<!DOCTYPE html PUBLIC "-//W3C//DTD XHTML 1.0 Transitional//EN"
    "http://www.w3.org/TR/xhtml1/DTD/xhtml1-transitional.dtd">
<html xmlns="http://www.w3.org/1999/xhtml" xml:lang="en" lang="en">
 <head>
  <title>
</title>
<meta http-equiv="Content-Type" content="text/html;charset=utf-8" />
  <meta name='ocr-system' content='tesseract 3.04.00' />
  <meta name='ocr-capabilities' content='ocr_page ocr_carea ocr_par ocr_line ocrx_word'/>
</head>
<body>
  <div class='ocr_page' id='page_1' title='image "./historiadiploma08fredgoog_0268.png"; bbox 0 0 4296 5898; ppageno 0'>
   <div class='ocr_carea' id='block_1_1' title="bbox 517 479 1931 570">
    <p class='ocr_par' dir='ltr' id='par_1_1' title="bbox 517 479 1931 570">
     <span class='ocr_line' id='line_1_1' title="bbox 517 479 1931 570; baseline 0.006 -26"><span class='ocrx_word' id='word_1_1' title='bbox 517 479 578 544; x_wconf 79' lang='lat'><strong>256</strong></span> <span class='ocrx_word' id='word_1_2' title='bbox 1020 480 1229 547; x_wconf 75' lang='lat' dir='ltr'><strong>rntnsntct</strong></span> <span class='ocrx_word' id='word_1_3' title='bbox 1256 484 1434 549; x_wconf 80' lang='lat' dir='ltr'>SECUNDI</span> <span class='ocrx_word' id='word_1_4' title='bbox 1746 489 1827 570; x_wconf 76' lang='lat' dir='ltr'><strong>[An.</strong></span> <span class='ocrx_word' id='word_1_5' title='bbox 1845 490 1931 552; x_wconf 74' lang='lat'><strong>1922</strong></span> 
     </span>
    </p>
   </div>
   <div class='ocr_carea' id='block_1_2' title="bbox 518 615 1944 4592">
    <p class='ocr_par' dir='ltr' id='par_1_2' title="bbox 518 615 1944 4592">
     <span class='ocr_line' id='line_1_2' title="bbox 518 615 1936 719; baseline 0.006 -27"><span class='ocrx_word' id='word_1_6' title='bbox 518 641 599 692; x_wconf 85' lang='lat' dir='ltr'><strong>cum</strong></span> <span class='ocrx_word' id='word_1_7' title='bbox 624 637 687 713; x_wconf 87' lang='lat' dir='ltr'><strong>per</strong></span> <span class='ocrx_word' id='word_1_8' title='bbox 708 615 870 688; x_wconf 91' lang='lat' dir='ltr'><strong>nuntium</strong></span> <span class='ocrx_word' id='word_1_9' title='bbox 896 624 931 690; x_wconf 86' lang='lat' dir='ltr'><strong>et</strong></span> <span class='ocrx_word' id='word_1_10' title='bbox 956 617 1086 693; x_wconf 88' lang='lat' dir='ltr'><strong>litteras</strong></span> <span class='ocrx_word' id='word_1_11' title='bbox 1108 628 1242 695; x_wconf 87' lang='lat' dir='ltr'><strong>nostras</strong></span> <span class='ocrx_word' id='word_1_12' title='bbox 1259 623 1418 719; x_wconf 84' lang='lat' dir='ltr'><strong>potestati</strong></span> <span class='ocrx_word' id='word_1_13' title='bbox 1438 631 1473 698; x_wconf 87' lang='lat' dir='ltr'><strong>et</strong></span> <span class='ocrx_word' id='word_1_14' title='bbox 1489 623 1666 698; x_wconf 87' lang='lat' dir='ltr'><strong>eommuni</strong></span> <span class='ocrx_word' id='word_1_15' title='bbox 1691 625 1846 700; x_wconf 87' lang='lat' dir='ltr'><strong>Bononio</strong></span> <span class='ocrx_word' id='word_1_16' title='bbox 1870 627 1936 701; x_wconf 87' lang='lat' dir='ltr'><strong>sub</strong></span> 
     </span>
     <span class='ocr_line' id='line_1_3' title="bbox 518 741 1933 838; baseline 0.003 -18"><span class='ocrx_word' id='word_1_17' title='bbox 518 744 636 820; x_wconf 87' lang='lat' dir='ltr'><strong>debito</strong></span> <span class='ocrx_word' id='word_1_18' title='bbox 663 741 838 815; x_wconf 83' lang='lat' dir='ltr'><strong>fidelitatis</strong></span> <span class='ocrx_word' id='word_1_19' title='bbox 863 751 898 816; x_wconf 89' lang='lat' dir='ltr'><strong>et</strong></span> <span class='ocrx_word' id='word_1_20' title='bbox 920 751 1039 817; x_wconf 88' lang='lat' dir='ltr'><strong>tenura</strong></span> <span class='ocrx_word' id='word_1_21' title='bbox 1066 747 1176 838; x_wconf 80' lang='lat' dir='ltr'><strong>gratis</strong></span> <span class='ocrx_word' id='word_1_22' title='bbox 1206 757 1321 821; x_wconf 88' lang='lat' dir='ltr'><strong>nostre</strong></span> <span class='ocrx_word' id='word_1_23' title='bbox 1343 747 1544 822; x_wconf 74' lang='lat' dir='ltr'>dederimus</span> <span class='ocrx_word' id='word_1_24' title='bbox 1568 749 1604 822; x_wconf 93' lang='lat' dir='ltr'><strong>in</strong></span> <span class='ocrx_word' id='word_1_25' title='bbox 1628 749 1804 825; x_wconf 86' lang='lat' dir='ltr'><strong>mandatis</strong></span> <span class='ocrx_word' id='word_1_26' title='bbox 1831 773 1875 826; x_wconf 93' lang='lat' dir='ltr'><strong>ne</strong></span> <span class='ocrx_word' id='word_1_27' title='bbox 1896 753 1933 824; x_wconf 89' lang='lat' dir='ltr'><strong>in</strong></span> 
     </span>
     <span class='ocr_line' id='line_1_4' title="bbox 519 866 1936 970; baseline 0.005 -27"><span class='ocrx_word' id='word_1_28' title='bbox 519 867 676 968; x_wconf 88' lang='lat' dir='ltr'><strong>personis</strong></span> <span class='ocrx_word' id='word_1_29' title='bbox 695 875 756 940; x_wconf 88' lang='lat' dir='ltr'><strong>aut</strong></span> <span class='ocrx_word' id='word_1_30' title='bbox 776 866 882 940; x_wconf 83' lang='lat' dir='ltr'><strong>rebus</strong></span> <span class='ocrx_word' id='word_1_31' title='bbox 907 867 1019 942; x_wconf 87' lang='lat' dir='ltr'><strong>dietus</strong></span> <span class='ocrx_word' id='word_1_32' title='bbox 1038 869 1254 946; x_wconf 81' lang='lat' dir='ltr'><strong>offenderent</strong></span> <span class='ocrx_word' id='word_1_33' title='bbox 1275 873 1462 947; x_wconf 77' lang='lat' dir='ltr'><strong>imolenses</strong></span> <span class='ocrx_word' id='word_1_34' title='bbox 1478 883 1515 947; x_wconf 89' lang='lat' dir='ltr'><strong>et</strong></span> <span class='ocrx_word' id='word_1_35' title='bbox 1532 895 1576 948; x_wconf 91' lang='lat' dir='ltr'><strong>eo</strong></span> <span class='ocrx_word' id='word_1_36' title='bbox 1601 873 1685 970; x_wconf 89' lang='lat' dir='ltr'><strong>qnia</strong></span> <span class='ocrx_word' id='word_1_37' title='bbox 1708 873 1755 949; x_wconf 90' lang='lat' dir='ltr'><strong>ad</strong></span> <span class='ocrx_word' id='word_1_38' title='bbox 1777 875 1936 950; x_wconf 86' lang='lat' dir='ltr'><strong>mandata</strong></span> 
     </span>
     <span class='ocr_line' id='line_1_5' title="bbox 520 991 1936 1093; baseline 0.002 -24"><span class='ocrx_word' id='word_1_39' title='bbox 520 1003 636 1070; x_wconf 91' lang='lat' dir='ltr'><strong>nostra</strong></span> <span class='ocrx_word' id='word_1_40' title='bbox 652 991 836 1066; x_wconf 77' lang='lat' dir='ltr'><strong>rediissent</strong></span> <span class='ocrx_word' id='word_1_41' title='bbox 844 991 991 1086; x_wconf 76' lang='lat' dir='ltr'><strong>Jnssioni</strong></span> <span class='ocrx_word' id='word_1_42' title='bbox 1007 1003 1123 1068; x_wconf 89' lang='lat' dir='ltr'><strong>nostre</strong></span> <span class='ocrx_word' id='word_1_43' title='bbox 1138 1017 1201 1092; x_wconf 89' lang='lat' dir='ltr'><strong>per</strong></span> <span class='ocrx_word' id='word_1_44' title='bbox 1213 996 1330 1070; x_wconf 90' lang='lat' dir='ltr'><strong>omnia</strong></span> <span class='ocrx_word' id='word_1_45' title='bbox 1346 996 1505 1092; x_wconf 88' lang='lat' dir='ltr'><strong>parituri,</strong></span> <span class='ocrx_word' id='word_1_46' title='bbox 1522 997 1606 1071; x_wconf 88' lang='lat' dir='ltr'><strong>dicti</strong></span> <span class='ocrx_word' id='word_1_47' title='bbox 1622 1006 1773 1093; x_wconf 87' lang='lat' dir='ltr'><strong>potestas</strong></span> <span class='ocrx_word' id='word_1_48' title='bbox 1786 1010 1822 1070; x_wconf 86' lang='lat' dir='ltr'><strong>et</strong></span> <span class='ocrx_word' id='word_1_49' title='bbox 1837 1020 1936 1072; x_wconf 90' lang='lat' dir='ltr'><strong>oom-</strong></span> 
     </span>
     <span class='ocr_line' id='line_1_6' title="bbox 521 1117 1937 1216; baseline 0.002 -23"><span class='ocrx_word' id='word_1_50' title='bbox 521 1141 626 1194; x_wconf 91' lang='lat' dir='ltr'><strong>mune</strong></span> <span class='ocrx_word' id='word_1_51' title='bbox 641 1119 755 1214; x_wconf 90' lang='lat' dir='ltr'><strong>ipsum</strong></span> <span class='ocrx_word' id='word_1_52' title='bbox 775 1117 943 1191; x_wconf 88' lang='lat' dir='ltr'><strong>nuncium</strong></span> <span class='ocrx_word' id='word_1_53' title='bbox 961 1127 1117 1192; x_wconf 90' lang='lat' dir='ltr'><strong>nostrum</strong></span> <span class='ocrx_word' id='word_1_54' title='bbox 1133 1120 1363 1216; x_wconf 76' lang='lat' dir='ltr'>ignominiose</span> <span class='ocrx_word' id='word_1_55' title='bbox 1385 1129 1569 1195; x_wconf 77' lang='lat' dir='ltr'><strong>tractantes</strong></span> <span class='ocrx_word' id='word_1_56' title='bbox 1590 1144 1672 1197; x_wconf 90' lang='lat' dir='ltr'><strong>eum</strong></span> <span class='ocrx_word' id='word_1_57' title='bbox 1691 1123 1796 1196; x_wconf 90' lang='lat' dir='ltr'><strong>minis</strong></span> <span class='ocrx_word' id='word_1_58' title='bbox 1810 1135 1844 1197; x_wconf 91' lang='lat' dir='ltr'><strong>et</strong></span> <span class='ocrx_word' id='word_1_59' title='bbox 1855 1125 1937 1216; x_wconf 91' lang='lat' dir='ltr'><strong>jur-</strong></span> 
     </span>
     <span class='ocr_line' id='line_1_7' title="bbox 519 1240 1937 1346; baseline 0.004 -29"><span class='ocrx_word' id='word_1_60' title='bbox 519 1246 586 1342; x_wconf 71' lang='lat' dir='ltr'><strong>giis</strong></span> <span class='ocrx_word' id='word_1_61' title='bbox 599 1243 743 1340; x_wconf 90' lang='lat' dir='ltr'><strong>turpiter</strong></span> <span class='ocrx_word' id='word_1_62' title='bbox 760 1240 960 1335; x_wconf 82' lang='lat' dir='ltr'><strong>affecerunt,</strong></span> <span class='ocrx_word' id='word_1_63' title='bbox 972 1265 1176 1341; x_wconf 88' lang='lat' dir='ltr'><strong>responsum</strong></span> <span class='ocrx_word' id='word_1_64' title='bbox 1191 1246 1289 1320; x_wconf 87' lang='lat' dir='ltr'><strong>alind</strong></span> <span class='ocrx_word' id='word_1_65' title='bbox 1299 1267 1369 1319; x_wconf 91' lang='lat' dir='ltr'><strong>nou</strong></span> <span class='ocrx_word' id='word_1_66' title='bbox 1383 1247 1565 1342; x_wconf 82' lang='lat' dir='ltr'><strong>prebentes</strong></span> <span class='ocrx_word' id='word_1_67' title='bbox 1580 1245 1677 1346; x_wconf 90' lang='lat' dir='ltr'><strong>[nisi]</strong></span> <span class='ocrx_word' id='word_1_68' title='bbox 1696 1271 1805 1342; x_wconf 90' lang='lat' dir='ltr'><strong>quam</strong></span> <span class='ocrx_word' id='word_1_69' title='bbox 1821 1259 1937 1322; x_wconf 79' lang='lat' dir='ltr'><strong>oontm</strong></span> 
     </span>
     <span class='ocr_line' id='line_1_8' title="bbox 519 1365 1937 1464; baseline 0.001 -24"><span class='ocrx_word' id='word_1_70' title='bbox 519 1368 705 1441; x_wconf 86' lang='lat' dir='ltr'><strong>tmolenses</strong></span> <span class='ocrx_word' id='word_1_71' title='bbox 726 1385 869 1439; x_wconf 90' lang='lat' dir='ltr'><strong>manum</strong></span> <span class='ocrx_word' id='word_1_72' title='bbox 890 1365 1120 1440; x_wconf 72' lang='lat' dir='ltr'><strong>extenderent</strong></span> <span class='ocrx_word' id='word_1_73' title='bbox 1140 1368 1335 1462; x_wconf 78' lang='lat' dir='ltr'><strong>graviorem</strong></span> <span class='ocrx_word' id='word_1_74' title='bbox 1351 1376 1386 1442; x_wconf 90' lang='lat' dir='ltr'><strong>et</strong></span> <span class='ocrx_word' id='word_1_75' title='bbox 1403 1368 1433 1440; x_wconf 91' lang='lat' dir='ltr'><strong>si</strong></span> <span class='ocrx_word' id='word_1_76' title='bbox 1449 1378 1599 1442; x_wconf 91' lang='lat' dir='ltr'><strong>nostram</strong></span> <span class='ocrx_word' id='word_1_77' title='bbox 1621 1368 1836 1443; x_wconf 79' lang='lat' dir='ltr'><strong>offenderent</strong></span> <span class='ocrx_word' id='word_1_78' title='bbox 1851 1392 1937 1464; x_wconf 79' lang='lat' dir='ltr'><strong>gra-</strong></span> 
     </span>
     <span class='ocr_line' id='line_1_9' title="bbox 521 1491 1939 1590; baseline 0.002 -26"><span class='ocrx_word' id='word_1_79' title='bbox 521 1493 603 1568; x_wconf 90' lang='lat' dir='ltr'><strong>tiam</strong></span> <span class='ocrx_word' id='word_1_80' title='bbox 629 1491 730 1566; x_wconf 82' lang='lat' dir='ltr'><strong>tacite</strong></span> <span class='ocrx_word' id='word_1_81' title='bbox 752 1500 951 1585; x_wconf 81' lang='lat' dir='ltr'><strong>repararent</strong></span> <span class='ocrx_word' id='word_1_82' title='bbox 973 1499 1008 1563; x_wconf 89' lang='lat' dir='ltr'><strong>et</strong></span> <span class='ocrx_word' id='word_1_83' title='bbox 1033 1491 1069 1563; x_wconf 92' lang='lat' dir='ltr'><strong>in</strong></span> <span class='ocrx_word' id='word_1_84' title='bbox 1090 1501 1288 1589; x_wconf 89' lang='lat' dir='ltr'><strong>oontemptu</strong></span> <span class='ocrx_word' id='word_1_85' title='bbox 1306 1492 1462 1566; x_wconf 86' lang='lat' dir='ltr'><strong>mandati</strong></span> <span class='ocrx_word' id='word_1_86' title='bbox 1488 1494 1593 1566; x_wconf 87' lang='lat' dir='ltr'><strong>nostri</strong></span> <span class='ocrx_word' id='word_1_87' title='bbox 1620 1515 1681 1567; x_wconf 87' lang='lat' dir='ltr'><strong>eos</strong></span> <span class='ocrx_word' id='word_1_88' title='bbox 1704 1495 1878 1590; x_wconf 77' lang='lat' dir='ltr'><strong>potandus</strong></span> <span class='ocrx_word' id='word_1_89' title='bbox 1903 1505 1939 1570; x_wconf 90' lang='lat' dir='ltr'><strong>et</strong></span> 
     </span>
     <span class='ocr_line' id='line_1_10' title="bbox 521 1613 1938 1715; baseline 0.002 -25"><span class='ocrx_word' id='word_1_90' title='bbox 521 1614 696 1714; x_wconf 87' lang='lat' dir='ltr'><strong>patentius</strong></span> <span class='ocrx_word' id='word_1_91' title='bbox 711 1620 929 1708; x_wconf 82' lang='lat' dir='ltr'><strong>agravarent.</strong></span> <span class='ocrx_word' id='word_1_92' title='bbox 949 1613 1172 1690; x_wconf 84' lang='lat' dir='ltr'><strong>Postmodum</strong></span> <span class='ocrx_word' id='word_1_93' title='bbox 1188 1637 1268 1690; x_wconf 84' lang='lat' dir='ltr'><strong>eum</strong></span> <span class='ocrx_word' id='word_1_94' title='bbox 1285 1615 1566 1715; x_wconf 85' lang='lat' dir='ltr'><strong>archiepisoopns</strong></span> <span class='ocrx_word' id='word_1_95' title='bbox 1580 1629 1790 1692; x_wconf 89' lang='lat' dir='ltr'><strong>memoratus</strong></span> <span class='ocrx_word' id='word_1_96' title='bbox 1805 1641 1865 1693; x_wconf 86' lang='lat' dir='ltr'><strong>eus</strong></span> <span class='ocrx_word' id='word_1_97' title='bbox 1878 1641 1938 1714; x_wconf 92' lang='lat' dir='ltr'><strong>per</strong></span> 
     </span>
     <span class='ocr_line' id='line_1_11' title="bbox 524 1739 1938 1840; baseline 0.004 -28"><span class='ocrx_word' id='word_1_98' title='bbox 524 1741 653 1814; x_wconf 88' lang='lat' dir='ltr'><strong>litteras</strong></span> <span class='ocrx_word' id='word_1_99' title='bbox 672 1749 707 1812; x_wconf 93' lang='lat' dir='ltr'><strong>et</strong></span> <span class='ocrx_word' id='word_1_100' title='bbox 725 1739 886 1810; x_wconf 90' lang='lat' dir='ltr'><strong>nuntium</strong></span> <span class='ocrx_word' id='word_1_101' title='bbox 904 1748 1032 1814; x_wconf 87' lang='lat' dir='ltr'><strong>attente</strong></span> <span class='ocrx_word' id='word_1_102' title='bbox 1051 1742 1226 1836; x_wconf 80' lang='lat' dir='ltr'><strong>rogaverit</strong></span> <span class='ocrx_word' id='word_1_103' title='bbox 1240 1742 1337 1837; x_wconf 90' lang='lat' dir='ltr'><strong>qnod</strong></span> <span class='ocrx_word' id='word_1_104' title='bbox 1353 1743 1400 1816; x_wconf 90' lang='lat' dir='ltr'><strong>ob</strong></span> <span class='ocrx_word' id='word_1_105' title='bbox 1417 1743 1647 1816; x_wconf 86' lang='lat' dir='ltr'><strong>reverentiam</strong></span> <span class='ocrx_word' id='word_1_106' title='bbox 1664 1745 1817 1840; x_wconf 78' lang='lat' dir='ltr'><strong>pronepti</strong></span> <span class='ocrx_word' id='word_1_107' title='bbox 1835 1743 1938 1818; x_wconf 79' lang='lat' dir='ltr'><strong>nostri</strong></span> 
     </span>
     <span class='ocr_line' id='line_1_12' title="bbox 525 1865 1939 1964; baseline 0.002 -25"><span class='ocrx_word' id='word_1_108' title='bbox 525 1876 560 1939; x_wconf 90' lang='lat' dir='ltr'><strong>et</strong></span> <span class='ocrx_word' id='word_1_109' title='bbox 583 1886 724 1938; x_wconf 90' lang='lat' dir='ltr'><strong>suarum</strong></span> <span class='ocrx_word' id='word_1_110' title='bbox 748 1885 890 1960; x_wconf 88' lang='lat' dir='ltr'><strong>prauum</strong></span> <span class='ocrx_word' id='word_1_111' title='bbox 917 1865 1110 1964; x_wconf 83' lang='lat' dir='ltr'><strong>supplicem</strong></span> <span class='ocrx_word' id='word_1_112' title='bbox 1128 1867 1363 1943; x_wconf 87' lang='lat' dir='ltr'><strong>interventum</strong></span> <span class='ocrx_word' id='word_1_113' title='bbox 1385 1890 1409 1942; x_wconf 88' lang='lat' dir='ltr'><strong>a</strong></span> <span class='ocrx_word' id='word_1_114' title='bbox 1431 1867 1562 1942; x_wconf 84' lang='lat' dir='ltr'><strong>lesione</strong></span> <span class='ocrx_word' id='word_1_115' title='bbox 1586 1867 1808 1942; x_wconf 88' lang='lat' dir='ltr'><strong>imolensium</strong></span> <span class='ocrx_word' id='word_1_116' title='bbox 1831 1890 1939 1964; x_wconf 85' lang='lat' dir='ltr'><strong>nsque</strong></span> 
     </span>
     <span class='ocr_line' id='line_1_13' title="bbox 528 1989 1940 2089; baseline -0.002 -22"><span class='ocrx_word' id='word_1_117' title='bbox 528 1991 617 2067; x_wconf 90' lang='lat' dir='ltr'><strong>adeo</strong></span> <span class='ocrx_word' id='word_1_118' title='bbox 642 1990 856 2064; x_wconf 86' lang='lat' dir='ltr'><strong>continerent</strong></span> <span class='ocrx_word' id='word_1_119' title='bbox 875 1989 987 2066; x_wconf 84' lang='lat' dir='ltr'><strong>donee</strong></span> <span class='ocrx_word' id='word_1_120' title='bbox 1015 2013 1119 2065; x_wconf 91' lang='lat' dir='ltr'><strong>suum</strong></span> <span class='ocrx_word' id='word_1_121' title='bbox 1146 1991 1194 2067; x_wconf 91' lang='lat' dir='ltr'><strong>ad</strong></span> <span class='ocrx_word' id='word_1_122' title='bbox 1217 2003 1333 2089; x_wconf 88' lang='lat' dir='ltr'><strong>partes</strong></span> <span class='ocrx_word' id='word_1_123' title='bbox 1357 1993 1452 2089; x_wconf 87' lang='lat' dir='ltr'><strong>ipsas</strong></span> <span class='ocrx_word' id='word_1_124' title='bbox 1478 2000 1676 2089; x_wconf 83' lang='lat' dir='ltr'><strong>properaret</strong></span> <span class='ocrx_word' id='word_1_125' title='bbox 1702 2015 1879 2068; x_wconf 70' lang='lat' dir='ltr'><strong>acooesum</strong></span> <span class='ocrx_word' id='word_1_126' title='bbox 1901 2000 1940 2065; x_wconf 94' lang='lat' dir='ltr'><strong>nt</strong></span> 
     </span>
     <span class='ocr_line' id='line_1_14' title="bbox 529 2112 1940 2214; baseline 0.001 -26"><span class='ocrx_word' id='word_1_127' title='bbox 529 2117 619 2190; x_wconf 89' lang='lat' dir='ltr'><strong>inter</strong></span> <span class='ocrx_word' id='word_1_128' title='bbox 633 2135 695 2188; x_wconf 87' lang='lat' dir='ltr'><strong>eos</strong></span> <span class='ocrx_word' id='word_1_129' title='bbox 708 2112 928 2188; x_wconf 87' lang='lat' dir='ltr'><strong>oonoordiam</strong></span> <span class='ocrx_word' id='word_1_130' title='bbox 946 2125 1161 2211; x_wconf 86' lang='lat' dir='ltr'><strong>procuraret,</strong></span> <span class='ocrx_word' id='word_1_131' title='bbox 1183 2115 1268 2213; x_wconf 90' lang='lat' dir='ltr'><strong>ipsi,</strong></span> <span class='ocrx_word' id='word_1_132' title='bbox 1287 2117 1368 2190; x_wconf 91' lang='lat' dir='ltr'><strong>lioet</strong></span> <span class='ocrx_word' id='word_1_133' title='bbox 1382 2117 1512 2190; x_wconf 85' lang='lat' dir='ltr'><strong>litteras</strong></span> <span class='ocrx_word' id='word_1_134' title='bbox 1526 2117 1753 2214; x_wconf 84' lang='lat' dir='ltr'><strong>reoepissent‚</strong></span> <span class='ocrx_word' id='word_1_135' title='bbox 1775 2117 1940 2190; x_wconf 83' lang='lat' dir='ltr'><strong>nuncium</strong></span> 
     </span>
     <span class='ocr_line' id='line_1_15' title="bbox 529 2239 1936 2338; baseline -0.001 -24"><span class='ocrx_word' id='word_1_136' title='bbox 529 2250 645 2314; x_wconf 89' lang='lat' dir='ltr'><strong>tamen</strong></span> <span class='ocrx_word' id='word_1_137' title='bbox 661 2239 806 2335; x_wconf 88' lang='lat' dir='ltr'><strong>turpiter</strong></span> <span class='ocrx_word' id='word_1_138' title='bbox 828 2239 1043 2314; x_wconf 82' lang='lat' dir='ltr'><strong>vinculatum</strong></span> <span class='ocrx_word' id='word_1_139' title='bbox 1063 2241 1181 2315; x_wconf 83' lang='lat' dir='ltr'><strong>verbis</strong></span> <span class='ocrx_word' id='word_1_140' title='bbox 1201 2250 1237 2315; x_wconf 90' lang='lat' dir='ltr'><strong>et</strong></span> <span class='ocrx_word' id='word_1_141' title='bbox 1257 2241 1355 2316; x_wconf 86' lang='lat' dir='ltr'><strong>factis</strong></span> <span class='ocrx_word' id='word_1_142' title='bbox 1376 2241 1676 2338; x_wconf 85' lang='lat' dir='ltr'><strong>oontemptibilitar</strong></span> <span class='ocrx_word' id='word_1_143' title='bbox 1696 2251 1936 2317; x_wconf 84' lang='lat' dir='ltr'><strong>tractaverunt.</strong></span> 
     </span>
     <span class='ocr_line' id='line_1_16' title="bbox 528 2363 1941 2461; baseline -0.001 -20"><span class='ocrx_word' id='word_1_144' title='bbox 528 2365 661 2442; x_wconf 88' lang='lat' dir='ltr'><strong>Deinde</strong></span> <span class='ocrx_word' id='word_1_145' title='bbox 685 2363 873 2461; x_wconf 89' lang='lat' dir='ltr'><strong>quemdam</strong></span> <span class='ocrx_word' id='word_1_146' title='bbox 898 2365 1061 2439; x_wconf 86' lang='lat' dir='ltr'><strong>olerieum</strong></span> <span class='ocrx_word' id='word_1_147' title='bbox 1087 2375 1123 2440; x_wconf 91' lang='lat' dir='ltr'><strong>et</strong></span> <span class='ocrx_word' id='word_1_148' title='bbox 1146 2365 1400 2441; x_wconf 86' lang='lat' dir='ltr'><strong>subdiaoonum</strong></span> <span class='ocrx_word' id='word_1_149' title='bbox 1427 2387 1531 2439; x_wconf 91' lang='lat' dir='ltr'><strong>sunm</strong></span> <span class='ocrx_word' id='word_1_150' title='bbox 1553 2387 1634 2439; x_wconf 88' lang='lat' dir='ltr'><strong>oum</strong></span> <span class='ocrx_word' id='word_1_151' title='bbox 1657 2367 1780 2440; x_wconf 87' lang='lat' dir='ltr'><strong>litteris</strong></span> <span class='ocrx_word' id='word_1_152' title='bbox 1802 2368 1876 2440; x_wconf 90' lang='lat' dir='ltr'><strong>suis</strong></span> <span class='ocrx_word' id='word_1_153' title='bbox 1895 2365 1941 2440; x_wconf 90' lang='lat' dir='ltr'><strong>ad</strong></span> 
     </span>
     <span class='ocr_line' id='line_1_17' title="bbox 528 2489 1940 2590; baseline 0.001 -26"><span class='ocrx_word' id='word_1_154' title='bbox 528 2492 622 2590; x_wconf 89' lang='lat' dir='ltr'><strong>ipsos</strong></span> <span class='ocrx_word' id='word_1_155' title='bbox 635 2489 871 2564; x_wconf 88' lang='lat' dir='ltr'><strong>Bononienses</strong></span> <span class='ocrx_word' id='word_1_156' title='bbox 885 2491 1113 2564; x_wconf 86' lang='lat' dir='ltr'><strong>transmittere</strong></span> <span class='ocrx_word' id='word_1_157' title='bbox 1133 2492 1352 2587; x_wconf 82' lang='lat' dir='ltr'><strong>procuravit3</strong></span> <span class='ocrx_word' id='word_1_158' title='bbox 1369 2513 1458 2586; x_wconf 90' lang='lat' dir='ltr'><strong>quas</strong></span> <span class='ocrx_word' id='word_1_159' title='bbox 1475 2513 1556 2564; x_wconf 87' lang='lat' dir='ltr'><strong>oum</strong></span> <span class='ocrx_word' id='word_1_160' title='bbox 1572 2500 1650 2588; x_wconf 88' lang='lat' dir='ltr'><strong>pust</strong></span> <span class='ocrx_word' id='word_1_161' title='bbox 1663 2492 1773 2565; x_wconf 86' lang='lat' dir='ltr'><strong>multa</strong></span> <span class='ocrx_word' id='word_1_162' title='bbox 1788 2491 1940 2590; x_wconf 89' lang='lat' dir='ltr'><strong>impedi-</strong></span> 
     </span>
     <span class='ocr_line' id='line_1_18' title="bbox 528 2615 1941 2714; baseline -0.001 -23"><span class='ocrx_word' id='word_1_163' title='bbox 528 2626 644 2691; x_wconf 91' lang='lat' dir='ltr'><strong>menta</strong></span> <span class='ocrx_word' id='word_1_164' title='bbox 657 2626 693 2690; x_wconf 91' lang='lat' dir='ltr'><strong>et</strong></span> <span class='ocrx_word' id='word_1_165' title='bbox 709 2615 888 2690; x_wconf 84' lang='lat' dir='ltr'><strong>obstacula</strong></span> <span class='ocrx_word' id='word_1_166' title='bbox 904 2617 994 2689; x_wconf 87' lang='lat' dir='ltr'><strong>serio</strong></span> <span class='ocrx_word' id='word_1_167' title='bbox 1012 2617 1191 2710; x_wconf 80' lang='lat' dir='ltr'><strong>interjecta</strong></span> <span class='ocrx_word' id='word_1_168' title='bbox 1209 2618 1366 2714; x_wconf 84' lang='lat' dir='ltr'><strong>potestati</strong></span> <span class='ocrx_word' id='word_1_169' title='bbox 1379 2617 1587 2692; x_wconf 89' lang='lat' dir='ltr'><strong>Bononiensi</strong></span> <span class='ocrx_word' id='word_1_170' title='bbox 1603 2617 1796 2714; x_wconf 87' lang='lat' dir='ltr'><strong>obtulisset,</strong></span> <span class='ocrx_word' id='word_1_171' title='bbox 1812 2639 1873 2691; x_wconf 89' lang='lat' dir='ltr'><strong>eas</strong></span> <span class='ocrx_word' id='word_1_172' title='bbox 1887 2617 1941 2690; x_wconf 88' lang='lat' dir='ltr'><strong>itte</strong></span> 
     </span>
     <span class='ocr_line' id='line_1_19' title="bbox 528 2741 1941 2839; baseline -0.002 -23"><span class='ocrx_word' id='word_1_173' title='bbox 528 2744 682 2839; x_wconf 82' lang='lat' dir='ltr'><strong>recipere</strong></span> <span class='ocrx_word' id='word_1_174' title='bbox 695 2762 765 2814; x_wconf 93' lang='lat' dir='ltr'><strong>non</strong></span> <span class='ocrx_word' id='word_1_175' title='bbox 781 2741 928 2833; x_wconf 84' lang='lat' dir='ltr'><strong>curavit,</strong></span> <span class='ocrx_word' id='word_1_176' title='bbox 946 2741 1010 2814; x_wconf 90' lang='lat' dir='ltr'><strong>sed</strong></span> <span class='ocrx_word' id='word_1_177' title='bbox 1024 2741 1141 2815; x_wconf 89' lang='lat' dir='ltr'><strong>verbis</strong></span> <span class='ocrx_word' id='word_1_178' title='bbox 1159 2742 1257 2814; x_wconf 84' lang='lat' dir='ltr'><strong>iilum</strong></span> <span class='ocrx_word' id='word_1_179' title='bbox 1275 2742 1491 2816; x_wconf 87' lang='lat' dir='ltr'><strong>contumeliis</strong></span> <span class='ocrx_word' id='word_1_180' title='bbox 1504 2741 1658 2816; x_wconf 87' lang='lat' dir='ltr'><strong>afficiens</strong></span> <span class='ocrx_word' id='word_1_181' title='bbox 1670 2741 1824 2837; x_wconf 88' lang='lat' dir='ltr'><strong>quedam</strong></span> <span class='ocrx_word' id='word_1_182' title='bbox 1839 2741 1941 2816; x_wconf 89' lang='lat' dir='ltr'><strong>verba</strong></span> 
     </span>
     <span class='ocr_line' id='line_1_20' title="bbox 530 2865 1940 2964; baseline -0.001 -24"><span class='ocrx_word' id='word_1_183' title='bbox 530 2867 760 2964; x_wconf 82' lang='lat' dir='ltr'><strong>ignominiose</strong></span> <span class='ocrx_word' id='word_1_184' title='bbox 783 2865 927 2961; x_wconf 84' lang='lat' dir='ltr'><strong>protulit</strong></span> <span class='ocrx_word' id='word_1_185' title='bbox 950 2865 987 2938; x_wconf 95' lang='lat' dir='ltr'><strong>in</strong></span> <span class='ocrx_word' id='word_1_186' title='bbox 1010 2866 1147 2961; x_wconf 78' lang='lat' dir='ltr'><strong>vulgari</strong></span> <span class='ocrx_word' id='word_1_187' title='bbox 1173 2888 1244 2963; x_wconf 91' lang='lat' dir='ltr'><strong>que</strong></span> <span class='ocrx_word' id='word_1_188' title='bbox 1267 2867 1343 2941; x_wconf 86' lang='lat' dir='ltr'><strong>sine</strong></span> <span class='ocrx_word' id='word_1_189' title='bbox 1367 2867 1575 2941; x_wconf 81' lang='lat' dir='ltr'><strong>contumelia</strong></span> <span class='ocrx_word' id='word_1_190' title='bbox 1601 2877 1637 2941; x_wconf 87' lang='lat' dir='ltr'><strong>ot</strong></span> <span class='ocrx_word' id='word_1_191' title='bbox 1658 2867 1784 2961; x_wconf 86' lang='lat' dir='ltr'><strong>injuria</strong></span> <span class='ocrx_word' id='word_1_192' title='bbox 1810 2865 1940 2964; x_wconf 88' lang='lat' dir='ltr'><strong>imperii</strong></span> 
     </span>
     <span class='ocr_line' id='line_1_21' title="bbox 529 2989 1941 3088; baseline -0.001 -22"><span class='ocrx_word' id='word_1_193' title='bbox 529 2992 637 3068; x_wconf 90' lang='lat' dir='ltr'><strong>nostri</strong></span> <span class='ocrx_word' id='word_1_194' title='bbox 660 3000 695 3065; x_wconf 89' lang='lat' dir='ltr'><strong>et</strong></span> <span class='ocrx_word' id='word_1_195' title='bbox 716 2991 829 3088; x_wconf 86' lang='lat' dir='ltr'><strong>ipsius</strong></span> <span class='ocrx_word' id='word_1_196' title='bbox 848 2989 1016 3086; x_wconf 89' lang='lat' dir='ltr'><strong>principis</strong></span> <span class='ocrx_word' id='word_1_197' title='bbox 1034 2999 1070 3064; x_wconf 89' lang='lat' dir='ltr'><strong>et</strong></span> <span class='ocrx_word' id='word_1_198' title='bbox 1085 2991 1190 3086; x_wconf 80' lang='lat' dir='ltr'><strong>legati</strong></span> <span class='ocrx_word' id='word_1_199' title='bbox 1208 2993 1315 3066; x_wconf 77' lang='lat' dir='ltr'><strong>nosui</strong></span> <span class='ocrx_word' id='word_1_200' title='bbox 1334 2991 1511 3088; x_wconf 87' lang='lat' dir='ltr'><strong>explicare</strong></span> <span class='ocrx_word' id='word_1_201' title='bbox 1531 2991 1748 3087; x_wconf 88' lang='lat' dir='ltr'><strong>aliquatenus</strong></span> <span class='ocrx_word' id='word_1_202' title='bbox 1770 3013 1841 3065; x_wconf 92' lang='lat' dir='ltr'><strong>non</strong></span> <span class='ocrx_word' id='word_1_203' title='bbox 1861 3012 1941 3088; x_wconf 88' lang='lat' dir='ltr'><strong>pos-</strong></span> 
     </span>
     <span class='ocr_line' id='line_1_22' title="bbox 531 3114 1941 3211; baseline -0.003 -19"><span class='ocrx_word' id='word_1_204' title='bbox 531 3139 659 3192; x_wconf 89' lang='lat' dir='ltr'><strong>semus.</strong></span> <span class='ocrx_word' id='word_1_205' title='bbox 671 3116 779 3188; x_wconf 75' lang='lat' dir='ltr'><strong>iiictis</strong></span> <span class='ocrx_word' id='word_1_206' title='bbox 793 3115 898 3210; x_wconf 80' lang='lat' dir='ltr'><strong>igitur</strong></span> <span class='ocrx_word' id='word_1_207' title='bbox 912 3115 1050 3188; x_wconf 82' lang='lat' dir='ltr'><strong>nunciis</strong></span> <span class='ocrx_word' id='word_1_208' title='bbox 1067 3116 1117 3188; x_wconf 91' lang='lat' dir='ltr'><strong>sio</strong></span> <span class='ocrx_word' id='word_1_209' title='bbox 1133 3114 1361 3211; x_wconf 82' lang='lat' dir='ltr'><strong>ignominiose</strong></span> <span class='ocrx_word' id='word_1_210' title='bbox 1375 3116 1541 3209; x_wconf 86' lang='lat' dir='ltr'><strong>tractatis,</strong></span> <span class='ocrx_word' id='word_1_211' title='bbox 1560 3114 1676 3190; x_wconf 86' lang='lat' dir='ltr'><strong>adhue</strong></span> <span class='ocrx_word' id='word_1_212' title='bbox 1687 3117 1773 3190; x_wconf 89' lang='lat' dir='ltr'><strong>alios</strong></span> <span class='ocrx_word' id='word_1_213' title='bbox 1790 3117 1941 3190; x_wconf 90' lang='lat' dir='ltr'><strong>meliores</strong></span> 
     </span>
     <span class='ocr_line' id='line_1_23' title="bbox 532 3238 1941 3339; baseline -0.002 -22"><span class='ocrx_word' id='word_1_214' title='bbox 532 3253 568 3318; x_wconf 90' lang='lat' dir='ltr'><strong>et</strong></span> <span class='ocrx_word' id='word_1_215' title='bbox 585 3240 799 3316; x_wconf 87' lang='lat' dir='ltr'><strong>honestiores</strong></span> <span class='ocrx_word' id='word_1_216' title='bbox 813 3261 901 3334; x_wconf 91' lang='lat' dir='ltr'><strong>quos</strong></span> <span class='ocrx_word' id='word_1_217' title='bbox 914 3238 1042 3313; x_wconf 90' lang='lat' dir='ltr'><strong>habere</strong></span> <span class='ocrx_word' id='word_1_218' title='bbox 1059 3239 1172 3337; x_wconf 90' lang='lat' dir='ltr'><strong>potuit</strong></span> <span class='ocrx_word' id='word_1_219' title='bbox 1186 3239 1290 3313; x_wconf 84' lang='lat' dir='ltr'><strong>duxit</strong></span> <span class='ocrx_word' id='word_1_220' title='bbox 1304 3240 1350 3315; x_wconf 92' lang='lat' dir='ltr'><strong>ad</strong></span> <span class='ocrx_word' id='word_1_221' title='bbox 1365 3261 1424 3314; x_wconf 90' lang='lat' dir='ltr'><strong>aus</strong></span> <span class='ocrx_word' id='word_1_222' title='bbox 1437 3240 1551 3314; x_wconf 85' lang='lat' dir='ltr'><strong>dictus</strong></span> <span class='ocrx_word' id='word_1_223' title='bbox 1565 3241 1844 3339; x_wconf 88' lang='lat' dir='ltr'><strong>arehiepisoopns</strong></span> <span class='ocrx_word' id='word_1_224' title='bbox 1860 3242 1941 3315; x_wconf 89' lang='lat' dir='ltr'><strong>dss-</strong></span> 
     </span>
     <span class='ocr_line' id='line_1_24' title="bbox 531 3364 1942 3463; baseline -0.002 -20"><span class='ocrx_word' id='word_1_225' title='bbox 531 3368 711 3460; x_wconf 87' lang='lat' dir='ltr'><strong>tinandus,</strong></span> <span class='ocrx_word' id='word_1_226' title='bbox 728 3365 892 3440; x_wconf 84' lang='lat' dir='ltr'><strong>videlieet</strong></span> <span class='ocrx_word' id='word_1_227' title='bbox 912 3365 1144 3440; x_wconf 86' lang='lat' dir='ltr'><strong>venerabilem</strong></span> <span class='ocrx_word' id='word_1_228' title='bbox 1161 3364 1460 3463; x_wconf 86' lang='lat' dir='ltr'><strong>arehiepiscopum</strong></span> <span class='ocrx_word' id='word_1_229' title='bbox 1475 3367 1708 3441; x_wconf 83' lang='lat' dir='ltr'><strong>Ravennatem</strong></span> <span class='ocrx_word' id='word_1_230' title='bbox 1717 3421 1728 3460; x_wconf 92' lang='lat'><strong><em>‚</em></strong></span> <span class='ocrx_word' id='word_1_231' title='bbox 1746 3366 1942 3463; x_wconf 85' lang='lat' dir='ltr'><strong>episeopum</strong></span> 
     </span>
     <span class='ocr_line' id='line_1_25' title="bbox 530 3480 1942 3590; baseline -0.004 -20"><span class='ocrx_word' id='word_1_232' title='bbox 530 3480 759 3570; x_wconf 83' lang='lat' dir='ltr'><strong>Faventiuum</strong></span> <span class='ocrx_word' id='word_1_233' title='bbox 779 3500 814 3566; x_wconf 89' lang='lat' dir='ltr'><strong>et</strong></span> <span class='ocrx_word' id='word_1_234' title='bbox 830 3491 969 3565; x_wconf 87' lang='lat' dir='ltr'><strong>Petrum</strong></span> <span class='ocrx_word' id='word_1_235' title='bbox 990 3492 1247 3566; x_wconf 84' lang='lat' dir='ltr'><strong>Traversarium</strong></span> <span class='ocrx_word' id='word_1_236' title='bbox 1271 3492 1392 3568; x_wconf 84' lang='lat' dir='ltr'><strong>fideles</strong></span> <span class='ocrx_word' id='word_1_237' title='bbox 1415 3501 1551 3568; x_wconf 91' lang='lat' dir='ltr'><strong>nostros</strong></span> <span class='ocrx_word' id='word_1_238' title='bbox 1572 3493 1634 3590; x_wconf 89' lang='lat' dir='ltr'><strong>qni</strong></span> <span class='ocrx_word' id='word_1_239' title='bbox 1654 3493 1716 3566; x_wconf 90' lang='lat' dir='ltr'><strong>uhi</strong></span> <span class='ocrx_word' id='word_1_240' title='bbox 1743 3493 1791 3567; x_wconf 90' lang='lat' dir='ltr'><strong>ad</strong></span> <span class='ocrx_word' id='word_1_241' title='bbox 1810 3492 1942 3568; x_wconf 80' lang='lat' dir='ltr'><strong>exerei-</strong></span> 
     </span>
     <span class='ocr_line' id='line_1_26' title="bbox 532 3617 1942 3716; baseline -0.001 -21"><span class='ocrx_word' id='word_1_242' title='bbox 532 3631 606 3695; x_wconf 92' lang='lat' dir='ltr'><strong>tum</strong></span> <span class='ocrx_word' id='word_1_243' title='bbox 631 3619 786 3716; x_wconf 88' lang='lat' dir='ltr'><strong>ipsornm</strong></span> <span class='ocrx_word' id='word_1_244' title='bbox 811 3617 1080 3691; x_wconf 88' lang='lat' dir='ltr'><strong>Bononiensium</strong></span> <span class='ocrx_word' id='word_1_245' title='bbox 1096 3617 1381 3714; x_wconf 83' lang='lat' dir='ltr'><strong>propinquarent,</strong></span> <span class='ocrx_word' id='word_1_246' title='bbox 1399 3640 1471 3694; x_wconf 93' lang='lat' dir='ltr'><strong>nun</strong></span> <span class='ocrx_word' id='word_1_247' title='bbox 1491 3627 1573 3693; x_wconf 89' lang='lat' dir='ltr'><strong>sunt</strong></span> <span class='ocrx_word' id='word_1_248' title='bbox 1592 3619 1670 3692; x_wconf 90' lang='lat' dir='ltr'><strong>ausi</strong></span> <span class='ocrx_word' id='word_1_249' title='bbox 1693 3617 1740 3693; x_wconf 87' lang='lat' dir='ltr'><strong>ad</strong></span> <span class='ocrx_word' id='word_1_250' title='bbox 1760 3639 1822 3693; x_wconf 90' lang='lat' dir='ltr'><strong>eos</strong></span> <span class='ocrx_word' id='word_1_251' title='bbox 1845 3640 1942 3693; x_wconf 83' lang='lat' dir='ltr'><strong>aoce-</strong></span> 
     </span>
     <span class='ocr_line' id='line_1_27' title="bbox 535 3739 1943 3838; baseline -0.003 -18"><span class='ocrx_word' id='word_1_252' title='bbox 535 3743 635 3838; x_wconf 90' lang='lat' dir='ltr'><strong>dere,</strong></span> <span class='ocrx_word' id='word_1_253' title='bbox 656 3751 750 3817; x_wconf 89' lang='lat' dir='ltr'><strong>certo</strong></span> <span class='ocrx_word' id='word_1_254' title='bbox 768 3742 891 3815; x_wconf 88' lang='lat' dir='ltr'><strong>timore</strong></span> <span class='ocrx_word' id='word_1_255' title='bbox 911 3741 1088 3834; x_wconf 87' lang='lat' dir='ltr'><strong>timentes,</strong></span> <span class='ocrx_word' id='word_1_256' title='bbox 1108 3741 1198 3815; x_wconf 85' lang='lat' dir='ltr'><strong>sicut</strong></span> <span class='ocrx_word' id='word_1_257' title='bbox 1216 3742 1359 3837; x_wconf 87' lang='lat' dir='ltr'><strong>qnidam</strong></span> <span class='ocrx_word' id='word_1_258' title='bbox 1379 3742 1483 3816; x_wconf 83' lang='lat' dir='ltr'><strong>amici</strong></span> <span class='ocrx_word' id='word_1_259' title='bbox 1501 3763 1620 3816; x_wconf 83' lang='lat' dir='ltr'><strong>eorum</strong></span> <span class='ocrx_word' id='word_1_260' title='bbox 1641 3739 1687 3815; x_wconf 90' lang='lat' dir='ltr'><strong>de</strong></span> <span class='ocrx_word' id='word_1_261' title='bbox 1705 3743 1861 3815; x_wconf 87' lang='lat' dir='ltr'><strong>exercitu</strong></span> <span class='ocrx_word' id='word_1_262' title='bbox 1881 3764 1943 3816; x_wconf 87' lang='lat' dir='ltr'><strong>ve-</strong></span> 
     </span>
     <span class='ocr_line' id='line_1_28' title="bbox 534 3866 1943 3962; baseline -0.006 -16"><span class='ocrx_word' id='word_1_263' title='bbox 534 3873 670 3946; x_wconf 89' lang='lat' dir='ltr'><strong>nientes</strong></span> <span class='ocrx_word' id='word_1_264' title='bbox 681 3869 733 3942; x_wconf 89' lang='lat' dir='ltr'><strong>eis</strong></span> <span class='ocrx_word' id='word_1_265' title='bbox 747 3867 919 3939; x_wconf 83' lang='lat' dir='ltr'><strong>veraciter</strong></span> <span class='ocrx_word' id='word_1_266' title='bbox 932 3877 1197 3961; x_wconf 74' lang='lat' dir='ltr'><strong>suggesserunt,</strong></span> <span class='ocrx_word' id='word_1_267' title='bbox 1213 3887 1338 3961; x_wconf 79' lang='lat' dir='ltr'><strong>graves</strong></span> <span class='ocrx_word' id='word_1_268' title='bbox 1348 3866 1497 3940; x_wconf 82' lang='lat' dir='ltr'><strong>offensas</strong></span> <span class='ocrx_word' id='word_1_269' title='bbox 1511 3874 1545 3940; x_wconf 90' lang='lat' dir='ltr'><strong>at</strong></span> <span class='ocrx_word' id='word_1_270' title='bbox 1558 3876 1782 3962; x_wconf 89' lang='lat' dir='ltr'><strong>personarum</strong></span> <span class='ocrx_word' id='word_1_271' title='bbox 1796 3866 1943 3962; x_wconf 68' lang='lat' dir='ltr'><strong>pesona</strong></span> 
     </span>
     <span class='ocr_line' id='line_1_29' title="bbox 533 3989 1944 4088; baseline -0.008 -16"><span class='ocrx_word' id='word_1_272' title='bbox 533 3994 770 4072; x_wconf 77' lang='lat' dir='ltr'><strong>formidantes.</strong></span> <span class='ocrx_word' id='word_1_273' title='bbox 786 3993 932 4065; x_wconf 88' lang='lat' dir='ltr'><strong>Demum</strong></span> <span class='ocrx_word' id='word_1_274' title='bbox 948 4011 1032 4064; x_wconf 83' lang='lat' dir='ltr'><strong>vero</strong></span> <span class='ocrx_word' id='word_1_275' title='bbox 1045 3991 1204 4064; x_wconf 81' lang='lat' dir='ltr'><strong>comitem</strong></span> <span class='ocrx_word' id='word_1_276' title='bbox 1223 3989 1452 4064; x_wconf 85' lang='lat' dir='ltr'><strong>Gottifrednm</strong></span> <span class='ocrx_word' id='word_1_277' title='bbox 1469 3991 1515 4065; x_wconf 92' lang='lat' dir='ltr'><strong>de</strong></span> <span class='ocrx_word' id='word_1_278' title='bbox 1528 3989 1712 4065; x_wconf 86' lang='lat' dir='ltr'><strong>Blaudrato</strong></span> <span class='ocrx_word' id='word_1_279' title='bbox 1729 3990 1781 4064; x_wconf 86' lang='lat' dir='ltr'><strong>ire</strong></span> <span class='ocrx_word' id='word_1_280' title='bbox 1795 3989 1944 4088; x_wconf 90' lang='lat' dir='ltr'><strong>permisit</strong></span> 
     </span>
     <span class='ocr_line' id='line_1_30' title="bbox 533 4115 1943 4215; baseline -0.006 -18"><span class='ocrx_word' id='word_1_281' title='bbox 533 4121 580 4198; x_wconf 91' lang='lat' dir='ltr'><strong>ad</strong></span> <span class='ocrx_word' id='word_1_282' title='bbox 596 4143 656 4196; x_wconf 88' lang='lat' dir='ltr'><strong>eos</strong></span> <span class='ocrx_word' id='word_1_283' title='bbox 671 4117 734 4215; x_wconf 92' lang='lat' dir='ltr'><strong>qui</strong></span> <span class='ocrx_word' id='word_1_284' title='bbox 747 4117 831 4192; x_wconf 89' lang='lat' dir='ltr'><strong>satis</strong></span> <span class='ocrx_word' id='word_1_285' title='bbox 846 4117 935 4190; x_wconf 88' lang='lat' dir='ltr'><strong>nitra</strong></span> <span class='ocrx_word' id='word_1_286' title='bbox 951 4115 1378 4213; x_wconf 81' lang='lat' dir='ltr'><strong>terminumexpeotatum</strong></span> <span class='ocrx_word' id='word_1_287' title='bbox 1391 4125 1541 4211; x_wconf 89' lang='lat' dir='ltr'><strong>quatuor</strong></span> <span class='ocrx_word' id='word_1_288' title='bbox 1560 4115 1793 4190; x_wconf 87' lang='lat' dir='ltr'><strong>Bononienses</strong></span> <span class='ocrx_word' id='word_1_289' title='bbox 1811 4116 1943 4189; x_wconf 85' lang='lat' dir='ltr'><strong>ambas·</strong></span> 
     </span>
     <span class='ocr_line' id='line_1_31' title="bbox 531 4239 1943 4336; baseline -0.008 -15"><span class='ocrx_word' id='word_1_290' title='bbox 531 4249 681 4322; x_wconf 42' lang='lat' dir='ltr'><strong>wuiatores</strong></span> <span class='ocrx_word' id='word_1_291' title='bbox 699 4253 734 4318; x_wconf 92' lang='lat' dir='ltr'><strong>et</strong></span> <span class='ocrx_word' id='word_1_292' title='bbox 750 4244 840 4318; x_wconf 87' lang='lat' dir='ltr'><strong>dnus</strong></span> <span class='ocrx_word' id='word_1_293' title='bbox 855 4241 1063 4316; x_wconf 84' lang='lat' dir='ltr'><strong>Faventinus</strong></span> <span class='ocrx_word' id='word_1_294' title='bbox 1082 4263 1201 4315; x_wconf 85' lang='lat' dir='ltr'><strong>seeum</strong></span> <span class='ocrx_word' id='word_1_295' title='bbox 1214 4239 1366 4315; x_wconf 87' lang='lat' dir='ltr'><strong>adduxit</strong></span> <span class='ocrx_word' id='word_1_296' title='bbox 1386 4241 1449 4336; x_wconf 92' lang='lat' dir='ltr'><strong>qui</strong></span> <span class='ocrx_word' id='word_1_297' title='bbox 1468 4261 1564 4313; x_wconf 86' lang='lat' dir='ltr'><strong>mora</strong></span> <span class='ocrx_word' id='word_1_298' title='bbox 1585 4260 1650 4314; x_wconf 87' lang='lat' dir='ltr'><strong>suo</strong></span> <span class='ocrx_word' id='word_1_299' title='bbox 1665 4260 1783 4313; x_wconf 86' lang='lat' dir='ltr'><strong>eoram</strong></span> <span class='ocrx_word' id='word_1_300' title='bbox 1801 4261 1845 4313; x_wconf 92' lang='lat' dir='ltr'><strong>eo</strong></span> <span class='ocrx_word' id='word_1_301' title='bbox 1867 4240 1943 4334; x_wconf 92' lang='lat' dir='ltr'><strong>plu-</strong></span> 
     </span>
     <span class='ocr_line' id='line_1_32' title="bbox 535 4363 1939 4467; baseline -0.009 -21"><span class='ocrx_word' id='word_1_302' title='bbox 535 4373 623 4446; x_wconf 87' lang='lat' dir='ltr'><strong>rima</strong></span> <span class='ocrx_word' id='word_1_303' title='bbox 642 4376 873 4467; x_wconf 85' lang='lat' dir='ltr'><strong>proponentes</strong></span> <span class='ocrx_word' id='word_1_304' title='bbox 891 4365 980 4440; x_wconf 92' lang='lat' dir='ltr'><strong>nihil</strong></span> <span class='ocrx_word' id='word_1_305' title='bbox 1002 4366 1201 4440; x_wconf 87' lang='lat' dir='ltr'><strong>obtulerunt</strong></span> <span class='ocrx_word' id='word_1_306' title='bbox 1218 4363 1315 4460; x_wconf 90' lang='lat' dir='ltr'><strong>qnod</strong></span> <span class='ocrx_word' id='word_1_307' title='bbox 1337 4363 1383 4438; x_wconf 91' lang='lat' dir='ltr'><strong>ad</strong></span> <span class='ocrx_word' id='word_1_308' title='bbox 1404 4363 1571 4437; x_wconf 90' lang='lat' dir='ltr'><strong>honorem</strong></span> <span class='ocrx_word' id='word_1_309' title='bbox 1594 4363 1730 4460; x_wconf 90' lang='lat' dir='ltr'><strong>imperii</strong></span> <span class='ocrx_word' id='word_1_310' title='bbox 1748 4363 1939 4459; x_wconf 85' lang='lat' dir='ltr'><strong>pertineret</strong></span> 
     </span>
     <span class='ocr_line' id='line_1_33' title="bbox 535 4485 1941 4592; baseline -0.006 -24"><span class='ocrx_word' id='word_1_311' title='bbox 535 4497 608 4570; x_wconf 82' lang='lat' dir='ltr'><strong>iliis</strong></span> <span class='ocrx_word' id='word_1_312' title='bbox 631 4495 737 4592; x_wconf 81' lang='lat' dir='ltr'><strong>igitur</strong></span> <span class='ocrx_word' id='word_1_313' title='bbox 761 4493 811 4567; x_wconf 85' lang='lat' dir='ltr'><strong>sio</strong></span> <span class='ocrx_word' id='word_1_314' title='bbox 836 4493 997 4589; x_wconf 87' lang='lat' dir='ltr'><strong>peractis,</strong></span> <span class='ocrx_word' id='word_1_315' title='bbox 1021 4492 1174 4589; x_wconf 86' lang='lat' dir='ltr'><strong>ipsorum</strong></span> <span class='ocrx_word' id='word_1_316' title='bbox 1198 4487 1469 4564; x_wconf 89' lang='lat' dir='ltr'><strong>Bononiensium</strong></span> <span class='ocrx_word' id='word_1_317' title='bbox 1492 4502 1729 4562; x_wconf 76' lang='lat' dir='ltr'><strong>contumacem</strong></span> <span class='ocrx_word' id='word_1_318' title='bbox 1750 4485 1941 4584; x_wconf 87' lang='lat' dir='ltr'><strong>superbiam</strong></span> 
     </span>
    </p>
   </div>
   <div class='ocr_carea' id='block_1_3' title="bbox 536 4611 1941 4720">
    <p class='ocr_par' dir='ltr' id='par_1_3' title="bbox 536 4611 1941 4720">
     <span class='ocr_line' id='line_1_34' title="bbox 536 4611 1941 4720; baseline -0.01 -23"><span class='ocrx_word' id='word_1_319' title='bbox 536 4623 690 4720; x_wconf 82' lang='lat' dir='ltr'><strong>prefatus</strong></span> <span class='ocrx_word' id='word_1_320' title='bbox 712 4621 848 4715; x_wconf 81' lang='lat' dir='ltr'><strong>legatus</strong></span> <span class='ocrx_word' id='word_1_321' title='bbox 868 4620 977 4694; x_wconf 89' lang='lat' dir='ltr'><strong>multa</strong></span> <span class='ocrx_word' id='word_1_322' title='bbox 1001 4617 1166 4715; x_wconf 88' lang='lat' dir='ltr'><strong>patientia</strong></span> <span class='ocrx_word' id='word_1_323' title='bbox 1187 4624 1391 4715; x_wconf 84' lang='lat' dir='ltr'><strong>prosecutus</strong></span> <span class='ocrx_word' id='word_1_324' title='bbox 1409 4614 1455 4688; x_wconf 90' lang='lat' dir='ltr'><strong>de</strong></span> <span class='ocrx_word' id='word_1_325' title='bbox 1475 4613 1620 4689; x_wconf 88' lang='lat' dir='ltr'><strong>oonsilio</strong></span> <span class='ocrx_word' id='word_1_326' title='bbox 1635 4611 1794 4688; x_wconf 86' lang='lat' dir='ltr'><strong>fidelium</strong></span> <span class='ocrx_word' id='word_1_327' title='bbox 1816 4620 1941 4686; x_wconf 86' lang='lat' dir='ltr'><strong>nostro·</strong></span> 
     </span>
    </p>
   </div>
   <div class='ocr_carea' id='block_1_4' title="bbox 0 0 2166 5892">
    <p class='ocr_par' dir='ltr' id='par_1_4' title="bbox 0 0 2166 5892">
     <span class='ocr_line' id='line_1_35' title="bbox 0 0 2166 5892; baseline 0 0"><span class='ocrx_word' id='word_1_328' title='bbox 0 0 2166 5892; x_wconf 95' lang='lat' dir='ltr'><strong> </strong></span> 
     </span>
    </p>
   </div>
  </div>
 </body>
</html>
