4368 5876
237 580 338 641 lantcr.
354 575 398 662 9.]
688 575 887 637 HISTORIA
914 574 1209 637 oratonnrlcn.
1601 571 1654 632 161

237 715 425 790 liberalitas
447 713 581 787 obtinet
600 711 852 808 principatum,
875 713 1126 808 illa‘precipue
1144 735 1215 809 que
1234 712 1282 785 ad
1302 711 1481 784 utilitatem
1504 719 1540 782 et
1564 730 1657 781 com·

236 841 380 915 modum
406 841 561 913 locorum
579 837 826 910 venerabilium
847 849 1039 912 exercetur.
1059 838 1145 910 Nam
1165 839 1196 910 si
1214 861 1236 911 a
1251 846 1386 910 terrem
1403 834 1559 932 principe
1577 856 1657 930 par·

238 967 343 1039 ticula
362 966 478 1054 datur,
495 963 589 1036 illius
605 963 802 1035 interventu
818 964 880 1058 qui
898 964 1079 1037 affluenter
1098 963 1218 1036 tribuit
1235 963 1399 1035 universa
1417 961 1514 1054 quod
1530 959 1592 1031 dat
1611 958 1657 1036 ad

237 1113 319 1164 eum
334 1113 415 1164 cum
430 1091 547 1163 lenone
560 1088 668 1160 multo
686 1088 881 1179 revertitur,
899 1090 1051 1162 maxime
1061 1111 1142 1162 cum
1161 1111 1222 1184 per
1240 1089 1306 1161 hoe
1323 1087 1463 1160 videtur
1476 1086 1574 1181 quod
1595 1107 1658 1180 pro

240 1215 384 1288 terrenis
407 1224 525 1287 eterna
547 1211 695 1308 provida
717 1212 940 1287 meditatione
959 1223 1142 1288 mereatur.
1162 1215 1352 1310 Eapropter
1373 1221 1492 1284 notum
1514 1211 1660 1284 iacimus

241 1341 414 1414 universis
436 1337 571 1434 imperii
594 1336 758 1410 fidelibus
781 1347 851 1412 tam
871 1341 1089 1434 presentibus
1106 1362 1212 1433 quam
1233 1340 1358 1411 futuris
1380 1337 1476 1432 quod
1498 1358 1562 1410 nos
1587 1357 1659 1408 me·

242 1464 408 1538 ditatione
438 1462 592 1558 piissima
621 1461 837 1535 attendentes
866 1464 1014 1557 qualiter
1045 1485 1142 1536 sacra
1172 1463 1297 1537 domus
1327 1461 1505 1558 hospitalis
1537 1462 1661 1532 Sancte

242 1589 349 1660 Maris
368 1587 653 1660 Theotonicorum
675 1587 712 1658 in
733 1587 922 1660 Jerusalem
942 1609 963 1660 a
982 1589 1283 1684 predecessoribus
1305 1589 1429 1660 uostris
1450 1587 1586 1684 pictatis
1604 1585 1659 1656 in-

244 1714 333 1784 tuitu
358 1721 548 1808 propagata
575 1711 611 1783 in
639 1712 847 1808 multiplices
873 1715 1006 1786 fructus
1034 1714 1162 1808 prodiit
1188 1711 1292 1786 laude
1319 1711 1444 1806 dignos
1470 1722 1504 1782 et
1531 1734 1551 1783 a
1577 1710 1661 1783 divo

242 1836 418 1932 quondam
439 1837 643 1930 imperatore
661 1837 808 1908 Henrioo
827 1837 945 1910 inclite
964 1837 1210 1911 recordationis
1232 1844 1329 1931 patre
1354 1844 1471 1909 nostro
1493 1835 1598 1906 rebus
1620 1855 1661 1906 ac

244 1961 459 2034 libertatibus
489 1961 684 2060 premonita
714 1963 966 2035 incrementum
1002 1963 1155 2058 suscepit
1193 1961 1416 2057 spiritualiter
1454 1968 1489 2032 et
1526 1969 1664 2053 tempo-

244 2087 359 2159 raliter
377 2086 523 2160 Domino
543 2085 745 2160 famulando
759 2095 795 2160 et
811 2108 894 2182 erga
909 2096 1060 2162 nostram
1081 2087 1370 2181 magnificentiam
1389 2088 1531 2158 fratrum
1556 2084 1664 2160 dedi-

245 2221 400 2286 catorum
417 2211 547 2286 ibidem
569 2210 616 2284 ad
637 2210 757 2285 divina
780 2213 926 2287 servicia
943 2235 1023 2286 oum
1041 2211 1112 2286 fide
1129 2213 1267 2286 devotio
1289 2231 1425 2306 semper
1442 2211 1567 2299 crevit,
1587 2230 1665 2283 nec·

246 2357 317 2409 uon
339 2337 510 2410 celebrem
531 2337 640 2408 vitam
660 2347 696 2410 et
719 2336 861 2410 honeste
886 2338 1062 2432 religionis
1086 2339 1218 2410 cultum
1239 2336 1369 2432 quibus
1394 2335 1541 2409 dilectus
1565 2335 1665 2408 nobis

248 2462 284 2532 in
297 2461 446 2534 Domino
461 2462 564 2533 irater
579 2461 798 2534 Hermaunus
812 2463 974 2556 magister
990 2462 1115 2536 domus
1130 2462 1309 2558 hospitalis
1325 2460 1481 2553 ejusdem
1498 2469 1533 2532 et
1546 2461 1666 2532 iratres

248 2587 303 2659 sui
326 2587 454 2660 clarere
480 2596 682 2678 noscuntur,
708 2587 843 2660 labores
863 2589 966 2661 etiam
987 2597 1022 2660 et
1042 2586 1188 2660 sudores
1211 2586 1372 2660 assiduos
1394 2607 1482 2680 quos
1507 2608 1570 2682 pro
1597 2584 1666 2659 lide

248 2710 513 2784 christianorum
535 2721 570 2784 et
587 2713 696 2806 gloria
717 2713 887 2786 sustinent
908 2714 1131 2802 incessanter,
1149 2721 1266 2785 eterne
1283 2709 1517 2784 retributionis
1537 2710 1665 2782 intuitu

249 2844 283 2906 et
300 2855 362 2929 pro
381 2834 535 2908 remedio
555 2837 748 2910 animarum
766 2839 1024 2932 progenitorum
1039 2847 1234 2910 nostmrum
1251 2835 1433 2908 recolende
1448 2834 1613 2908 memorie
1632 2843 1668 2906 et

250 2979 313 3053 pro
331 2967 447 3032 nostre
461 2959 583 3032 salutis
600 2981 641 3032 ac
660 2959 768 3055 glorie
787 2961 999 3036 incremento
1018 2962 1170 3059 ipsorum
1189 2961 1299 3034 larori
1315 2969 1350 3034 et
1368 2960 1536 3055 profectui
1555 2959 1669 3032 inten-

251 3082 392 3175 dentes,
408 3083 567 3158 eamdem
585 3105 718 3158 sacram
735 3085 878 3159 domum
897 3096 932 3159 et
949 3087 1084 3182 abipsa
1101 3087 1274 3182 quaslibet
1290 3085 1481 3176 derivatas,
1501 3087 1620 3158 fratres
1633 3093 1668 3156 et

251 3209 438 3281 confratres
459 3209 613 3304 ipsarum
636 3231 716 3282 eum
737 3211 900 3284 omnibus
923 3212 1025 3285 bonis
1048 3213 1228 3286 stabilibus
1249 3222 1284 3284 ct
1306 3211 1584 3305 mobilibusque
1607 3231 1669 3305 per

252 3340 361 3404 totum
389 3332 571 3426 imperium
596 3344 753 3407 nostrum
779 3336 1025 3410 rationabiliter
1048 3336 1226 3432 possident
1248 3336 1283 3407 in
1307 3337 1456 3431 presenti
1486 3345 1521 3408 et
1544 3353 1614 3429 que
1632 3335 1669 3404 iu

252 3465 352 3527 antea
368 3455 473 3528 dante
488 3457 634 3530 Domino
647 3459 741 3550 justo
755 3458 854 3532 titulo
869 3469 1030 3556 poterunt
1046 3461 1210 3557 adipisci,
1227 3482 1360 3533 necnon
1375 3461 1533 3534 subditos
1550 3479 1669 3533 earum

247 3579 409 3672 ¹ejusdem
432 3581 638 3675 legationem
656 3591 761 3677 atque
777 3585 915 3678 negotia
931 3597 1133 3660 exercentes
1155 3585 1222 3659 sub
1241 3586 1383 3682 speciali
1403 3585 1613 3681 protectione
1630 3605 1671 3658 ac

254 3702 455 3776 defensione
470 3714 585 3780 nostra
599 3707 799 3803 recipimus,
809 3719 844 3783 et
856 3710 970 3784 eidem
986 3711 1105 3784 domui
1122 3721 1287 3808 perpetuo
1301 3710 1545 3784 confirmamus
1555 3710 1672 3784 omnia

253 3827 436 3922 privilegia
458 3841 494 3902 et
513 3831 640 3926 scripta
653 3834 807 3926 quelibet
823 3844 893 3907 tam
916 3855 935 3908 a
958 3837 1158 3932 parentibus
1178 3837 1303 3910 nostris
1318 3859 1424 3931 quam
1446 3835 1586 3909 anobis
1605 3835 1672 3907 sihi

254 3952 312 4047 pia
322 3952 525 4026 liberalitate
537 3976 712 4047 concessa,
732 3979 865 4032 necnon
885 3961 989 4033 etiam
1007 3974 1137 4051 cestra,
1152 3963 1297 4053 casalia,
1314 3961 1472 4033 homines
1487 3970 1523 4032 ct
1537 3981 1672 4056 posses·

254 4076 371 4149 siones
384 4099 453 4171 que
469 4079 656 4153 donatione
671 4103 810 4176 regum,
829 4085 1050 4159 concessione
1067 4086 1263 4183 principum
1276 4096 1311 4159 et
1321 4086 1496 4158 oblatione
1515 4083 1671 4158 fidelium

255 4200 332 4274 sive
347 4203 500 4296 quolibet
520 4205 588 4278 alio
609 4207 703 4299 justo
721 4207 820 4280 titulo
839 4219 893 4281 est
910 4209 1036 4305 adepta
1056 4211 1112 4284 vel
1131 4211 1168 4282 in
1186 4212 1341 4284 luturum
1357 4211 1482 4307 poterit
1502 4209 1669 4304 adipisci,

256 4327 449 4400 eximentes
466 4329 560 4424 ipsas
574 4331 619 4404 ab
633 4333 728 4405 omni
743 4331 836 4422 data,
854 4334 995 4408 collecte
1010 4355 1072 4407 seu
1090 4335 1286 4420 exactione,
1305 4335 1351 4410 ab
1366 4336 1459 4408 omni
1476 4335 1618 4430 angaria
1637 4343 1672 4407 et

256 4450 303 4522 ab
322 4451 417 4522 omui
436 4473 540 4526 onere
558 4457 741 4548 cujuslibet
763 4459 950 4530 servitutis.
976 4459 1203 4534 Concedimus
1229 4461 1331 4533 etiam
1355 4459 1469 4533 eidem
1494 4481 1591 4534 sacre
1608 4460 1673 4535 do·

257 4575 331 4646 mui
354 4574 398 4648 de
419 4577 655 4653 munificentia
682 4583 815 4655 liberali
838 4582 1029 4657 libertatem
1060 4607 1246 4678 aquarum,
1272 4588 1479 4679 herbarum,
1499 4587 1671 4680 lignorum

259 4699 392 4794 ubique
414 4724 477 4798 per
495 4706 652 4801 proprias
673 4707 810 4803 imperii
831 4709 936 4782 nostri
959 4718 1067 4784 terras
1085 4710 1131 4784 ad
1150 4734 1292 4786 suarum
1311 4713 1494 4788 domorum
1516 4735 1619 4786 usum
1640 4722 1674 4786 et

360 4825 403 4888 ll.
1487 4847 1521 4899 ar
