4296 5898
358 4343 386 4387 In
395 4344 484 4388 elrltste

356 4397 487 4452 itanum,

384 4452 457 4506 Jnnlc.

546 656 606 720 194
1041 659 1256 721 scintillet
1280 658 1456 720 sectant
1770 663 1850 744 [Ass.
1868 665 1953 728 1221.

544 802 724 891 pretaxate
739 795 909 870 Penuensi
922 795 1067 870 ecclesie
1081 805 1187 890 atquc
1201 795 1340 870 Oddoni
1353 797 1517 894 episcopo
1531 807 1566 872 et
1577 799 1754 874 canonicis
1767 821 1956 898 eorumque

544 921 813 1034 suoeessuribus.
832 919 936 1007 Quod
953 929 993 994 nt
1013 921 1132 994 verius
1146 919 1306 995 cedatur
1324 919 1577 1020 diligenterque
1596 925 1642 998 ab
1656 925 1821 1000 omnibus
1837 927 1954 1003 obser·

542 1053 658 1135 seur,
681 1067 825 1143 presens
845 1044 977 1121 exinde
999 1045 1220 1142 privilegium
1243 1047 1416 1120 conscribi
1435 1056 1471 1122 et
1495 1048 1682 1143 majestatis
1708 1059 1822 1126 nostru
1843 1051 1955 1146 sigillo

532 1169 707 1264 jussimus
722 1171 942 1244 communiri.
956 1211 1007 1225 —
1022 1173 1134 1265 Hujus
1143 1169 1194 1244 rei
1207 1177 1313 1245 testes
1323 1179 1405 1244 sunt
1413 1171 1582 1246 llcnricus
1599 1173 1844 1252 Vormatiensis
1858 1176 1955 1272 epis-

541 1315 668 1392 copus,
688 1296 901 1392 Coliogerius
924 1295 1139 1371 Pataviensis
1165 1295 1351 1392 episcopus
1371 1295 1422 1394 (o)
1445 1305 1481 1371 et
1499 1297 1681 1396 Philippus
1702 1299 1806 1374 irater
1825 1309 1951 1392 nostem

540 1419 755 1518 Gnglielmus
771 1420 1008 1498 Ravenmnsis
1024 1421 1320 1519 archiepiscopus,
1337 1421 1509 1495 Mattheus
1526 1423 1712 1520 Capuanus
1727 1424 1954 1522 archiepisco-

540 1567 626 1642 pus,
647 1548 729 1621 Atto
751 1547 944 1644 Aprutincs
963 1548 1165 1644 episcopus,
1190 1543 1406 1640 Gnglielmns
1425 1547 1607 1622 valvensis
1629 1548 1813 1646 episcopus
1838 1559 1873 1624 et
1893 1549 1953 1624 elii

539 1673 778 1768 quamplures.
808 1713 859 1726 -
878 1673 952 1766 ligo
979 1671 1158 1746 Conradus
1185 1671 1374 1768 imperialis
1406 1673 1486 1746 aule
1512 1672 1739 1748 cancellarius
1770 1697 1841 1748 nus
1872 1697 1953 1747 cum

539 1795 714 1870 Gnalterio
729 1799 876 1889 Trojano
898 1797 1061 1894 episcopo
1078 1797 1178 1890 regni
1200 1797 1317 1871 Sicilie
1334 1805 1370 1870 et
1383 1793 1510 1896 Apolie
1532 1797 1737 1874 cancellario
1752 1800 1954 1892 recognovi·

540 1943 632 1994 mus.
654 1921 858 2016 -signum
874 1922 1007 1997 domini
1023 1923 1160 1996 ilenrici
1174 1924 1233 2012 Vl,
1249 1923 1483 1998 Romanorum
1493 1923 1708 2020 imperatoris
1721 1923 1951 2016 invictissimi,

540 2067 677 2143 semper
693 2047 883 2142 angustiat
898 2047 1132 2142 regisSicilie.
1147 2049 1293 2121 -Acta
1311 2057 1394 2120 sunt
1410 2047 1476 2122 bec
1495 2069 1587 2122 anno
1605 2047 1777 2122 dominice
1794 2049 1953 2122 incarna-

540 2172 643 2246 tionis
656 2173 703 2248 tt.
720 2172 757 2246 C.
777 2173 878 2266 XCV,
899 2172 1088 2248 indictione
1104 2173 1196 2266 Xlll,
1214 2183 1381 2269 regnante
1399 2171 1542 2248 domino
1559 2173 1707 2248 ilenrico
1723 2175 1768 2248 Vl
1783 2175 1953 2248 Romano-

539 2320 619 2372 rum
635 2298 838 2395 imperatore
850 2299 1110 2392 gloriosissimo,
1128 2319 1263 2394 semper
1277 2306 1427 2394 auguste
1447 2307 1482 2372 et
1498 2319 1580 2394 rege
1598 2297 1733 2386 Sicilie,
1749 2319 1839 2372 anno
1854 2297 1951 2392 regni

540 2425 619 2518 ejus
635 2423 743 2515 XXV,
765 2425 902 2522 imperii
918 2446 1002 2498 veru
1019 2425 1079 2515 tv,
1094 2433 1129 2497 ct
1151 2423 1248 2519 regni
1264 2423 1379 2500 Sicilie
1395 2425 1423 2496 l.
1442 2463 1494 2478 --
1510 2425 1636 2498 Datum
1657 2423 1736 2497 Bari
1753 2445 1815 2520 per
1827 2443 1954 2496 manus

539 2549 670 2624 Alberti
688 2549 876 2647 imperialis
896 2552 976 2625 aule
995 2549 1257 2647 prothonotarii,
1275 2549 1388 2646 pridie
1403 2570 1513 2634 nonas
1528 2549 1661 2646 aprilis,
1687 2549 1873 2646 prescriptc
1898 2547 1953 2620 in·

540 2673 715 2748 dictionis.

587 2799 643 2874 Ad
657 2801 764 2894 bnjns
776 2809 893 2876 autem
908 2809 1024 2876 nosne
1041 2799 1311 2876 confirmationis
1323 2809 1359 2874 et
1370 2798 1595 2898 suprascripti
1613 2798 1787 2896 privilegii
1807 2819 1954 2873 renova·

537 2924 641 2998 donis
656 2924 851 3000 firmitatem
867 2947 1009 3022 presens
1023 2927 1245 3023 privilegium
1260 2947 1323 3024 per
1338 2947 1463 3000 manus
1485 2923 1670 3019 Gnglielmi
1694 2923 1738 3000 de
1743 2977 1949 3015 ......

537 3051 662 3125 neorii
683 3060 718 3125 et
735 3050 849 3126 fidelis
870 3053 1000 3146 nostri,
1027 3053 1132 3126 scribi
1145 3063 1180 3128 et
1195 3053 1310 3145 sigillo
1327 3051 1514 3146 majestatis
1536 3059 1653 3126 nosue
1664 3049 1835 3144 jussimus
1857 3071 1952 3124 com-

537 3176 681 3267 muniri,
696 3199 802 3267 anno,
821 3199 941 3253 mense
956 3187 990 3252 et
1007 3177 1196 3252 indictione
1209 3177 1425 3274 subscriptis.

584 3303 711 3376 Datum
727 3303 884 3378 Messene
897 3313 975 3401 post
987 3305 1117 3380 curiam
1130 3305 1251 3402 Gapue
1262 3303 1482 3394 celebratam,
1499 3321 1592 3376 anno
1607 3298 1781 3374 dominice
1794 3300 1953 3374 iucarna-

536 3427 641 3501 tionis
655 3427 835 3521 cccxxi,
853 3449 971 3504 mense
980 3431 1085 3524 junii,
1104 3450 1196 3504 none
1218 3427 1427 3514 indictionis,
1444 3425 1583 3523 imperii
1595 3446 1679 3499 vero
1694 3422 1827 3498 domiui
1843 3427 1951 3498 nostri

535 3551 692 3627 Federici
714 3554 776 3629 Dei
798 3555 911 3651 gratia
938 3554 1154 3629 invictissimi
1167 3555 1400 3628 Romanorum
1414 3549 1643 3648 imperatoris,
1659 3571 1794 3646 sempe
1810 3551 1950 3646 augusti

537 3688 573 3754 et
586 3680 679 3776 regis
691 3681 809 3755 Sicilie
822 3701 915 3755 cuno
929 3682 962 3774 l,
983 3681 1081 3777 regni
1098 3680 1214 3754 Sicilie
1229 3700 1321 3754 enno
1335 3679 1458 3770 XXlV,
1475 3677 1628 3751 feliciter.
1646 3673 1771 3748 Amen.

1511 4011 1720 4026 *ᾑ-

592 4332 825 4440 Fridericus,
849 4331 1111 4416 Romanorum
1136 4327 1361 4438 imperator,
1381 4321 1610 4408 monasterio
1629 4321 1757 4404 Sancti
1769 4319 1951 4403 lobannis

539 4467 587 4552 de
613 4467 722 4551 Flore
747 4465 921 4551 concedit
943 4489 992 4548 ne
1019 4455 1213 4573 subjaccat
1239 4459 1362 4544 edicto
1389 4456 1556 4569 generali
1583 4456 1623 4538 in
1646 4455 1752 4540 curia
1771 4453 1949 4564 Capuana

538 4601 782 4713 promulgato
794 4602 844 4685 de
856 4598 1096 4710 resignandis
1114 4596 1187 4681 sibi
1203 4594 1424 4706 privilegiis.

576 4819 620 4902 (c)
640 4819 730 4882 Deest
742 4821 798 4880 lste
811 4819 895 4880 testis
907 4819 939 4878 ln
952 4817 1045 4879 altera
1057 4815 1193 4878 odttloue.
1211 4813 1292 4876 Atlas
1305 4828 1423 4892 proque
1436 4806 1617 4890 deleberis.
