4326 5896
200 578 299 639 lamet.
318 573 378 658 14]
654 567 852 632 HISTORIA
877 565 1169 630 nlsuouarlca

257 1063 485 1172 Fridericus,
500 1066 760 1152 Romanorum
777 1066 997 1176 imperator,
1014 1075 1164 1176 petente
1176 1065 1365 1150 Friderico
1383 1064 1520 1148 abbate
1538 1065 1619 1148 llo-

204 1200 581 1312 tensi,p1ivilegium
608 1201 663 1282 illi
690 1200 922 1284 monasterio
947 1226 1016 1309 per
1041 1199 1284 1283 fundatorem
1306 1199 1390 1310 ejus
1416 1197 1466 1280 ab
1492 1198 1617 1280 Hein-

203 1333 282 1416 ricc
309 1333 360 1417 IV
380 1335 608 1445 imperatore
635 1359 737 1417 anno
769 1335 894 1442 1075,
918 1337 944 1416 5
967 1334 1152 1445 septemb.
1182 1332 1341 1442 (rectius
1367 1333 1488 1438 1086,
1517 1332 1618 1414 circa

204 1491 376 1552 mensem
394 1469 591 1582 aprilem),
621 1468 841 1577 obtentum,
865 1469 997 1553 inserit
1019 1480 1056 1553 et
1082 1470 1299 1574 confirmat,
1329 1479 1478 1578 praeter
1499 1467 1615 1550 clau-

206 1601 333 1685 sulam
350 1603 417 1689 ubi
436 1614 518 1687 erat
534 1629 684 1688 rasura.

287 1789 385 1870 (butt.
401 1793 433 1853 ln
446 1793 574 1852 nonunt
589 1792 683 1864 Boia,
696 1797 721 1854 t.
732 1793 759 1866 Ι,
769 1808 799 1871 p·
812 1801 869 1854 272
879 1799 909 1854 et
924 1801 981 1854 352
997 1799 1027 1854 et
1037 1807 1087 1870 ap.
1101 1792 1205 1865 noan,
1220 1786 1384 1872 Metropck
1394 1797 1416 1851 t.
1432 1791 1488 1864 lll,
1500 1806 1527 1867 p.
1542 1799 1615 1862 22ος

324 1897 655 1976 Mmcaaaascs,l¹1itt.
673 1900 821 1983 marna,
837 1906 862 1962 t.
882 1902 913 1980 1,
934 1917 966 1979 p.
983 1910 1058 1974 ²6⁴3
1074 1901 1197 1973 Naana,
1219 1901 1310 1962 Notit.
1335 1900 1410 1980 erip.
1431 1897 1505 1958 dom.
1521 1897 1619 1977 Boia,

327 2023 356 2084 p.
382 2015 457 2083 286,
477 2025 546 2069 cnm
568 2011 647 2069 notis
666 2014 697 2070 ct
717 2011 778 2069 acrl
800 2023 936 2071 censura.
958 2007 1005 2070 Cl.
1026 2008 1295 2070 animadversiones
1317 2008 1348 2068 lu
1370 2007 1501 2067 Monam.
1528 2005 1619 2080 Boia,

326 2119 351 2174 t.
365 2113 461 2187 XXX,
475 2131 508 2193 p.
525 2123 580 2177 tao
595 2120 625 2176 et
638 2121 662 2177 t.
677 2114 790 2194 XXXI,
803 2131 834 2193 p.
852 2123 908 2176 aaa
923 2121 954 2177 et
963 2115 1062 2194 seqq.)

255 2273 451 2349 Fridericus
471 2275 534 2350 Dai
550 2276 660 2371 gratia
680 2277 911 2349 Romanorum
934 2277 1139 2373 imperator,
1162 2297 1298 2370 semper
1315 2285 1501 2370 augustus,
1521 2277 1621 2347 laru-

207 2402 314 2474 salam
331 2411 366 2474 et
381 2401 496 2474 Sicilie
516 2423 592 2474 rex.
616 2401 708 2474 lntar
727 2411 827 2475 actus
845 2411 978 2476 nostros
998 2402 1204 2498 multiplices
1224 2401 1354 2497 quibus
1374 2411 1489 2473 noster
1506 2402 1620 2496 digui-

206 2527 286 2600 tatis
303 2527 424 2599 titulus
438 2527 621 2615 exaltatur,
642 2525 730 2599 illud
745 2527 846 2599 nobis
866 2536 919 2602 ost
935 2536 1100 2624 perpetuo
1116 2527 1302 2621 gloriosum
1324 2525 1360 2597 in
1378 2525 1476 2599 larris
1492 2535 1526 2599 et
1541 2548 1620 2621 per-

206 2661 311 2747 petuo
331 2652 589 2725 retributoriam
608 2653 644 2724 iu
669 2652 753 2725 calis
775 2652 870 2748 quod
896 2651 943 2725 ad
974 2651 1153 2724 utilitatem
1175 2660 1373 2724 sanctarum
1398 2651 1620 2724 ecclesiarum

208 2777 269 2850 llei
294 2778 419 2851 nostris
437 2778 595 2851 felicibus
615 2778 828 2874 temporibus
851 2799 1047 2873 operamur.
1073 2777 1160 2849 Hinc
1182 2787 1234 2850 est
1253 2777 1359 2872 igitur
1379 2778 1476 2872 quod
1500 2787 1620 2850 notum

207 2903 470 2976 essevolumus
498 2902 672 2976 universis
696 2901 860 2975 fidelibus
883 2903 1008 2975 nostris
1035 2923 1097 2998 per
1117 2901 1302 2999 imperium
1328 2903 1521 2974 constitutis
1551 2907 1621 2974 mni

207 3027 424 3122 presentibus
449 3051 556 3123 quam
586 3028 711 3101 tuturis
744 3025 840 3122 quod
867 3026 1063 3101 Fridericus
1090 3026 1298 3100 venerabilis
1329 3027 1438 3100 abbas
1465 3028 1621 3101 llotensis

208 3153 422 3246 monasterii,
439 3151 551 3226 fidelis
565 3161 693 3244 noster,
708 3152 755 3226 ad
768 3152 974 3247 presentiam
990 3161 1140 3225 nostram
1155 3152 1336 3243 accedens,
1352 3150 1503 3225 ostendit
1521 3152 1621 3226 nobis

206 3276 385 3372 quoddam
409 3278 653 3374 privilegium,
682 3277 853 3371 majestati
875 3287 990 3350 nostre
1010 3278 1210 3374 supplicans
1235 3275 1410 3350 humiliter
1434 3287 1468 3348 et
1495 3277 1621 3352 devote

208 3409 247 3472 ut
263 3400 484 3497 privilegium
506 3401 621 3499 ipsum
642 3399 758 3474 eidem
779 3403 986 3476 monasterio
1010 3423 1074 3476 suo
1095 3399 1298 3475 confirmare
1315 3400 1361 3475 de
1374 3414 1491 3474 nostra
1509 3402 1619 3497 gratia

208 3524 450 3621 dignaremur3
474 3529 575 3621 cujus
590 3536 687 3600 tenor
703 3526 780 3599 talis
796 3535 848 3599 est
867 3553 876 3598 ι

256 3652 294 3723 ln
314 3651 454 3725 nomine
470 3660 587 3726 sancte
605 3659 640 3724 at
656 3649 840 3724 individue
858 3650 1046 3724 Trinitatis.
1066 3652 1234 3725 ilenricus
1253 3649 1374 3725 divina
1396 3652 1534 3726 lavante
1549 3651 1620 3724 cle·

208 3774 337 3849 mentia
351 3785 509 3871 quartus,
525 3777 755 3849 Romanorum
776 3775 960 3870 imperator
977 3785 1158 3868 augustus.
1181 3776 1319 3870 Regalis
1334 3775 1485 3870 dignitas
1501 3786 1535 3848 et
1553 3775 1620 3847 im·

208 3901 347 3996 perialis
362 3903 523 3995 majestas
535 3899 582 3975 ad
594 3902 661 3973 boc
675 3899 845 3974 divinitus
857 3901 1015 3974 ordinata
1033 3909 1085 3974 est
1100 3910 1140 3973 nt
1156 3901 1384 3997 superborum
1400 3900 1622 3973 temeritatem

209 4025 431 4121 comprimat,
452 4025 608 4099 fidelium
623 4047 707 4099 vero
724 4025 943 4099 devotionem
960 4025 1183 4120 maximeque
1205 4026 1277 4098 Deo
1297 4023 1537 4098 famulantium
1556 4024 1622 4096 hu·

209 4149 388 4224 militatem
413 4152 472 4248 pia
500 4151 684 4226 devotione
710 4151 866 4244 muniat,
891 4151 1028 4224 roboret
1054 4159 1160 4246 atque
1183 4149 1373 4224 confirmet.
1399 4149 1482 4223 Ideo
1509 4147 1622 4222 fidelis

209 4274 315 4346 nostri
335 4273 483 4350 Cenoma
495 4275 638 4372 palatini
656 4275 857 4350 memoriam
873 4274 1019 4372 posteris
1034 4275 1163 4372 scripto
1179 4274 1438 4347 transmittimus
1454 4273 1485 4368 (l
1494 4272 1520 4370 ),
1538 4275 1622 4369 quia

248 4526 285 4600 (l)
303 4527 381 4585 Unda
401 4533 477 4602 patet
494 4529 631 4588 &nonem
644 4529 794 4604 palatinum
811 4529 868 4602 jam
883 4529 939 4588 vita
956 4529 1093 4601 iunctum,
1112 4530 1191 4603 cujus
1203 4543 1277 4585 mors
1294 4543 1364 4586 anno
1378 4530 1463 4598 4086,
1477 4529 1513 4585 27
1532 4529 1622 4586 martii

210 4623 319 4682 accidit.
330 4625 393 4684 vid.
408 4629 534 4688 Monam.
549 4629 640 4700 Boia,
655 4633 675 4685 t.
690 4627 794 4698 xxxl,
809 4642 838 4700 p.
854 4629 917 4687 ael.
930 4626 1158 4685 anachronismus
1169 4625 1198 4683 in
1210 4625 1282 4684 notis
1301 4625 1495 4702 chronologicis
1506 4626 1623 4686 insertos

210 4719 298 4780 lusius
308 4721 343 4780 ad
355 4723 457 4784 calcem
466 4725 621 4784 documenti
634 4724 828 4784 dsacmbamus.

1700 1071 1718 1116 Δ

1718 1071 1764 1128 pud

1667 1127 1800 1226 Phffi'
