4436 5870
1014 545 1229 612 rainucio!
1256 549 1430 612 securint
1738 544 1817 622 [eiuro
1837 541 1922 604 im

884 837 901 844 ι-
912 837 1049 846 --μ--ι-..ι-
1064 841 1070 846 .
1080 839 1180 848 ...a-...—
1187 839 1420 848 ,.-..-....-......-
1432 839 1488 848 qn...
1500 834 1696 846 ..ua-m·-

315 1108 470 1214 ngffl,
563 1097 775 1181 Fridericus
809 1097 1072 1182 Romanorum
1104 1099 1310 1210 imperator
1342 1099 1564 1184 Gratianum
1601 1093 1775 1178 abbatem
1812 1089 1924 1201 burgi

301 1215 482 1266 mmmm
510 1227 637 1312 Sancti
661 1229 832 1340 Sepulcri
850 1231 891 1311 in
916 1232 1099 1314 comitatu
1126 1231 1301 1340 Castelii,
1315 1231 1485 1342 burgum
1506 1231 1633 1339 ipsum
1654 1237 1692 1310 et
1716 1225 1927 1336 burgenses

508 1363 547 1444 in
576 1390 647 1446 sua
669 1364 902 1473 protectione
930 1374 968 1447 et
987 1364 1159 1448 dominio
1181 1365 1334 1475 recipit,
1356 1389 1490 1448 omues
1512 1387 1646 1448 corum
1671 1359 1864 1444 libertates
1888 1363 1925 1439 et

503 1496 594 1604 jura
608 1495 865 1604 confirmans,
885 1497 1143 1608 praecipitque
1164 1496 1386 1582 oonsulibus
1417 1506 1454 1582 et
1474 1496 1615 1606 populo
1641 1491 1757 1576 Aretii
1778 1500 1816 1574 et
1835 1490 1926 1572 Ges

507 1627 585 1711 teiii
600 1637 644 1712 ut
663 1627 837 1712 abbatiae
854 1639 892 1712 et
907 1627 1033 1740 burgo
1046 1629 1249 1714 eonsilium
1264 1639 1302 1713 et
1320 1628 1552 1740 adjuterium
1569 1625 1751 1710 tribuant.

612 1843 750 1921 (Edider.
765 1842 961 1903 Mmranrnnr
979 1850 1009 1904 et
1022 1843 1208 1917 Cosrnnom,
1224 1841 1337 1905 Annei.
1354 1839 1529 1916 Concidet,
1543 1849 1567 1903 t.
1583 1841 1636 1915 iv,
1651 1839 1787 1918 Append.
1803 1854 1836 1915 p.
1853 1843 1926 1896 tos-

650 1955 721 2022 41⁰,
736 1965 775 2010 ex
790 1951 885 2010 veteri
899 1949 1036 2027 exemplo
1050 1951 1195 2029 burgensi
1209 1953 1278 2012 anni
1294 1959 1382 2025 ¹2⁴³,
1399 1960 1417 2012 a
1433 1948 1567 2027 aprilis.)

560 2138 599 2208 in
626 2136 766 2208 nomine
788 2146 908 2210 sauma
932 2145 966 2210 et
989 2137 1174 2212 individue
1194 2137 1377 2211 Trinitatis.
1403 2136 1596 2210 Friderious
1613 2132 1789 2208 secundus
1808 2128 1927 2203 drino

513 2262 650 2332 favente
667 2261 849 2335 clementia
866 2263 1099 2334 Romanorum
1121 2262 1307 2358 imperator
1325 2271 1360 2335 et
1384 2281 1520 2356 semper
1535 2267 1707 2352 augustus
1730 2264 1767 2326 et
1788 2274 1854 2324 rex
1874 2249 1928 2321 Si-

512 2383 601 2456 ciiie.
623 2384 837 2479 imperialem
863 2383 965 2458 decet
986 2386 1159 2459 solertiam
1180 2385 1359 2458 eeclesiam
1382 2393 1417 2456 et
1441 2383 1619 2477 religiosos
1640 2390 1677 2452 et
1699 2379 1775 2450 ioca
1795 2373 1930 2472 specia-

512 2507 590 2580 liter
609 2507 753 2603 imperio
775 2509 983 2603 pertinentia
1006 2510 1043 2580 in
1061 2529 1125 2581 sua
1139 2507 1271 2602 justitia
1297 2519 1519 2580 manutenere
1539 2527 1581 2579 ac
1600 2499 1787 2577 defendere
1811 2497 1930 2590 eisque

513 2631 603 2705 bona
624 2632 778 2727 ipsomm
801 2654 844 2705 ac
867 2633 1195 2728 possessionesque
1220 2654 1241 2704 a
1266 2631 1435 2720 ducibus,
1453 2625 1718 2724 imperatoribus
1739 2633 1777 2696 et
1789 2619 1930 2714 regibus

515 2754 818 2850 predecessoribus
833 2757 960 2828 nostris
971 2755 1048 2827 sive
1061 2777 1083 2827 a
1097 2754 1311 2847 quibuslibet
1323 2755 1400 2826 aitis
1412 2755 1568 2848 personis
1580 2751 1631 2824 eie
1649 2747 1774 2822 tradite
1791 2753 1826 2820 et
1840 2763 1929 2816 eon-

514 2877 647 2948 firmate
665 2876 761 2949 luere
780 2885 816 2949 et
832 2877 1020 2950 liberaliter
1040 2885 1263 2970 augmentare
1283 2897 1325 2948 ao
1347 2876 1529 2972 privilegia
1549 2873 1687 2946 ilunare
1706 2876 1874 2967 perpetuo
1889 2885 1931 2937 ac

517 2996 749 3069 corroborare.
773 2997 847 3067 Hoc
866 2996 959 3068 enim
983 2995 1029 3069 ad
1050 2997 1216 3091 presentis
1238 2997 1310 3070 vite
1330 3018 1470 3069 cursum
1490 2995 1677 3069 feliciorem
1695 2989 1795 3064 etad
1814 2999 1931 3062 eterne

519 3119 591 3190 vite
608 3117 867 3192 retributionem
887 3119 989 3192 nobis
1012 3121 1228 3214 profuturum
1246 3141 1315 3192 non
1336 3119 1546 3194 dubitemus.
1565 3116 1622 3191 Ad
1639 3115 1796 3190 notitiam
1815 3112 1932 3204 itaque

518 3241 760 3312 universorum
783 3241 919 3337 imperii
945 3251 1140 3315 nostrorum
1159 3241 1312 3315 iideiium
1329 3251 1398 3314 mm
1419 3241 1586 3338 presentia
1602 3240 1702 3312 etatis
1717 3257 1826 3332 quam
1848 3253 1933 3306 snc-

520 3384 659 3436 cessure
678 3364 886 3457 posteritatis
908 3365 1087 3458 pervenire
1108 3366 1270 3437 volumus
1294 3365 1391 3459 quod
1411 3387 1474 3438 nos
1496 3365 1646 3459 burgum
1665 3360 1782 3434 Sancti
1808 3357 1933 3452 Sepul-

522 3486 596 3558 obri
615 3485 719 3557 situm
738 3486 774 3555 in
790 3485 956 3558 mmiutu
970 3487 1107 3559 CasteiIi
1122 3497 1156 3560 et
1171 3488 1359 3581 burgenses
1373 3507 1506 3560 necnon
1522 3497 1634 3559 cetera
1648 3481 1808 3578 ejusdem
1820 3480 1887 3554 ioci
1900 3487 1935 3550 et

523 3609 682 3680 abbatem
691 3608 891 3680 Gratianum
902 3630 1056 3702 suosque
1069 3629 1305 3694 successores,
1323 3629 1442 3682 omnes
1457 3629 1598 3702 quoque
1616 3609 1738 3679 iratres
1759 3612 1795 3676 et
1817 3623 1875 3674 res
1893 3620 1936 3671 ac

523 3729 756 3824 possessiones
764 3729 918 3824 predicto
928 3731 1006 3802 ioco
1016 3731 1223 3825 pertinentes
1234 3731 1300 3802 snb
1311 3731 1487 3804 tuitionem
1499 3730 1764 3823 dominiumque
1776 3734 1935 3799 nostrum

522 3852 716 3947 specialiter
724 3851 933 3946 accepimns,
944 3849 1187 3924 confirmantes
1194 3853 1307 3923 omnia
1314 3849 1841 3948 privilegiaapredeeessoribus
1855 3868 1937 3920 nos-

524 3973 724 4047 triseisdem
739 3975 872 4066 coliata,
890 3975 1121 4070 precipientes
1134 3994 1272 4065 quoqne
1283 3973 1476 4048 firmissime
1491 3999 1532 4049 ac
1551 3975 1694 4070 perenni
1715 3972 1832 4047 edicto
1850 3972 1936 4044 irre·

525 4097 733 4188 fragabiliter
744 4097 936 4170 sancientes
948 4105 987 4166 nt
1000 4096 1118 4166 nulius
1127 4115 1279 4186 unquam
1293 4095 1568 4193 archiepiscopus
1579 4100 1635 4170 vei
1648 4097 1849 4192 episcopus,
1861 4093 1938 4166 dux

526 4216 583 4300 vei
603 4217 754 4288 marchio
775 4227 810 4290 et
832 4219 926 4291 nulla
952 4237 1109 4310 unquam
1134 4215 1242 4307 major
1269 4217 1422 4290 minorve
1441 4241 1587 4314 persona
1608 4221 1647 4291 in
1666 4217 1808 4291 abbatia
1828 4217 1888 4290 iiia
1905 4223 1940 4285 et

525 4337 637 4426 burgo
653 4339 805 4429 predicto
824 4349 885 4412 aut
907 4341 943 4410 in
964 4337 1141 4433 aliquibus
1158 4358 1277 4409 eornm
1300 4341 1453 4434 personis
1475 4363 1537 4414 sen
1558 4340 1777 4437 pertinentiis
1800 4335 1938 4434 aliquid

525 4456 592 4526 sibi
606 4457 693 4548 juris
711 4458 837 4532 audeat
854 4459 1027 4532 ascribere
1042 4457 1094 4553 (a)
1111 4458 1169 4530 vei
1195 4456 1329 4531 iodrum
1351 4461 1492 4555 aliquod
1511 4484 1573 4536 seu
1595 4463 1770 4536 dationem
1789 4471 1854 4536 ant
1876 4461 1941 4546 aii·

567 4624 608 4702 (a)
630 4627 666 4686 in
678 4630 817 4705 impresso
832 4637 860 4692 et
873 4629 1006 4704 entim,
1020 4631 1110 4691 maie.
