4298 5898
554 580 619 643 tlt
1067 581 1279 644 rnlbnulcl
1305 582 1479 644 SECUNDI
1789 589 1870 668 [An.
1888 591 1979 656 1225.

561 718 756 792 censoribus
779 717 1012 792 concessimus
1036 719 1139 813 eique
1167 717 1271 810 hujus
1302 728 1417 792 nostre
1445 719 1677 793 mucessicnis
1706 721 1839 796 donum
1865 725 1980 822 impc-

563 843 640 916 riali
664 843 866 918 auctoritate
891 853 1008 917 nostra
1032 843 1294 933 confirmamus,
1313 853 1351 914 ιιι
1376 844 1472 917 nulla
1496 844 1542 918 da
1563 853 1676 919 cetero
1699 869 1846 943 persona
1874 851 1980 924 cleri-

564 969 647 1042 calis
662 970 717 1041 vel
732 968 914 1060 secularis,
935 969 1186 1063 cujuscumque
1204 967 1383 1063 diguitatis
1398 991 1460 1042 seu
1475 971 1651 1066 poteentia
1668 973 1784 1066 inerit,
1805 975 1923 1071 ipsum
1938 977 1976 1048 iu

564 1093 750 1190 capellanie
761 1093 846 1181 suis,
862 1093 1007 1184 clericis,
1019 1094 1209 1185 monacbis,
1224 1094 1544 1168 sancdmouialibus
1553 1097 1695 1190 nugaria
1707 1098 1763 1170 vcl
1771 1101 1977 1195 perangaria

564 1230 625 1292 ant
642 1219 760 1315 aliquo
777 1240 903 1312 genere
919 1219 1110 1292 exactionis
1126 1240 1272 1313 gravare
1288 1229 1349 1292 aut
1362 1222 1543 1294 molestare
1558 1231 1743 1318 presumat.
1755 1223 1858 1308 Quod
1871 1225 1977 1298 ctiam

563 1353 679 1418 nostre
705 1343 928 1438 benignitatis
953 1365 1083 1416 munus
1107 1343 1172 1439 ipsi
1200 1345 1345 1440 suisque
1369 1345 1626 1418 successoribus
1650 1347 1687 1418 in
1710 1347 1830 1421 Judeis
1853 1350 1977 1444 quiin

563 1469 703 1544 civitate
734 1469 926 1543 A'relateusi
957 1479 1213 1542 commorantur
1246 1471 1430 1544 clementer
1460 1470 1687 1566 ampliamus,
1721 1493 1810 1568 quos
1843 1495 1979 1548 mmcrc

527 1571 532 1581 ¹
562 1601 676 1666 nostra
691 1593 899 1687 pertinentes
918 1592 995 1684 ejus
1014 1590 1169 1664 dominio
1184 1593 1431 1689 supponimus,
1447 1592 1589 1666 firmiter
1606 1603 1794 1668 statuentes
1816 1606 1859 1668 ut
1880 1599 1975 1670 nulla

563 1717 695 1791 radone
717 1716 843 1811 aliquis
865 1716 1044 1790 bominum
1066 1717 1183 1812 aliqua
1207 1717 1388 1792 exactione
1418 1718 1550 1814 absque
1580 1740 1750 1794 consensu
1772 1729 1807 1793 et
1832 1723 1977 1796 consilio

565 1841 675 1936 ipsius
693 1841 730 1911 in
752 1861 812 1914 eos
830 1839 1023 1914 dominium
1047 1852 1196 1938 apponat
1222 1862 1396 1915 exercere.
1419 1841 1553 1938 Siquis
1574 1852 1690 1916 autem
1716 1852 1835 1918 contra
1849 1845 1976 1938 hujus·

564 1965 660 2040 modi
688 1975 803 2038 nostre
833 1965 1019 2058 mejestatis
1046 1975 1173 2039 statuta
1201 1975 1306 2062 atine
1332 1965 1494 2040 mandata
1518 1967 1570 2040 ire
1594 1969 1829 2066 temptaverit,
1860 1971 1975 2044 banno

564 2102 682 2165 nostro
710 2090 945 2164 indubitanter
968 2113 1006 2164 se
1031 2091 1117 2164 sciat
1142 2114 1219 2165 esse
1243 2091 1433 2188 obligatum
1456 2100 1491 2164 et
1515 2114 1538 2165 a
1562 2093 1670 2187 gratia
1695 2105 1812 2168 nostra
1838 2097 1977 2191 penitus

564 2216 764 2307 exclusum,
784 2224 819 2287 et
836 2235 925 2310 pene
941 2215 1000 2286 XL
1017 2214 1184 2288 librarum
1207 2215 1438 2310 probatissimi
1456 2217 1534 2289 auri
1548 2217 1744 2310 subjaceat,
1761 2241 1912 2314 quarum
1930 2219 1973 2290 li-

563 2341 703 2414 brarum
718 2341 784 2413 XX
800 2340 883 2412 lisco
903 2348 1033 2430 nostro,
1052 2342 1159 2415 altera
1176 2341 1344 2415 medietas
1361 2341 1620 2437 archiepiscopo
1634 2351 1668 2414 et
1686 2342 1850 2434 iujuriam
1865 2345 1976 2440 passis

563 2467 791 2564 persolvatur.
815 2467 997 2539 —Testes
1028 2466 1173 2540 aderant
1197 2467 1381 2564 episcopus
1409 2466 1760 2564 carpentoractensis,
1793 2470 1977 2566 episcopus

561 2591 833 2680 bremonensis,
855 2592 1040 2688 episcopus
1061 2593 1295 2681 vasionensis,
1318 2592 1447 2666 electus
1469 2591 1727 2684 durasicensis,
1752 2593 1872 2668 Petrus
1895 2596 1975 2668 Bar·

560 2715 684 2790 mnndi
707 2715 912 2809 canonicus,
930 2718 1050 2789 Petrus
1078 2716 1122 2790 de
1146 2719 1272 2791 Sancto
1295 2719 1457 2806 Martiae,
1486 2717 1607 2790 Petrus
1629 2719 1844 2811 Willelmus,
1869 2720 1974 2794 Rem·

561 2842 688 2918 baldus
715 2841 930 2933 Nazarcuus,
947 2841 1094 2914 Poncius
1116 2842 1310 2916 Willelmns
1330 2840 1378 2914 de
1397 2842 1511 2914 llcsou
1534 2841 1721 2915 canonicus
1744 2839 1970 2936 Arelatensis,

562 2967 683 3040 Petrus
703 2966 883 3039 villelmus
900 2967 945 3040 de
963 2967 1104 3054 Cannis,
1129 2965 1297 3040 Geraldus
1314 2966 1360 3041 de
1376 2967 1557 3059 Burrieno,
1580 2968 1751 3042 lmbertus
1770 2968 1817 3043 de
1837 2969 1970 3062 Sallen,

563 3089 684 3164 Petrus
709 3089 754 3163 dc
776 3089 935 3185 Aurong,
954 3091 1158 3165 Guillelmus
1175 3092 1221 3166 de
1239 3090 1484 3188 Petragrossa(
1508 3091 1535 3187 ).

613 3216 738 3289 Datum
753 3215 848 3313 apud
865 3213 1067 3309 Aurasiam,
1091 3239 1182 3290 auno
1195 3217 1335 3291 Domini
1350 3217 1579 3310 MCLXXVll,
1597 3218 1626 3289 il
1641 3239 1751 3292 nonas
1767 3219 1893 3292 mcmis
1911 3240 1974 3292 au·

566 3342 673 3436 gusti,
690 3341 878 3415 indictione
894 3342 1092 3415 undecima.

614 3469 684 3540 Nos
703 3476 817 3541 autem
845 3467 950 3541 iidem
972 3489 1094 3564 puram
1118 3477 1152 3540 et
1173 3465 1400 3542 devocionem
1424 3467 1594 3541 sinceram
1620 3467 1706 3544 dicti
1727 3467 1976 3565 archiepiscopi

565 3593 781 3668 attendentes
796 3615 902 3688 quam
921 3592 967 3667 ad
990 3613 1171 3689 personam
1195 3603 1347 3667 noemam
1370 3602 1406 3666 et
1429 3594 1612 3690 imperium
1630 3593 1736 3688 gessit
1753 3594 1920 3667 hactenus
1943 3603 1976 3667 ct

566 3741 685 3816 gerere
700 3741 769 3792 nou
786 3717 937 3812 desistit,
957 3719 1227 3815 supplicationes
1242 3729 1277 3791 et
1294 3740 1414 3815 preces
1426 3741 1508 3791 suas
1521 3728 1692 3816 pomectas
1709 3718 1810 3792 nobis
1829 3741 1893 3815 per
1915 3739 1975 3793 ve

567 3844 755 3918 ucrabilem
781 3845 981 3942 episcopum
1007 3854 1042 3916 ct
1063 3843 1343 3918 archidiaconum
1365 3845 1560 3918 nominatos
1578 3844 1626 3919 ad
1649 3853 1798 3918 nostram
1824 3865 1974 3940 presen-

566 3970 649 4044 tiam
661 3971 841 4044 venientes
851 3969 1082 4042 tavomhilitar
1095 3967 1301 4043 admisimus
1315 3979 1350 4042 et
1363 3968 1523 4064 benigne,
1536 3977 1571 4041 st
1581 3969 1795 4042 nominatum
1809 3969 1974 4066 scriptum

566 4095 612 4171 de
628 4097 734 4169 verbo
749 4094 795 4168 ad
810 4094 955 4168 verbum
970 4095 1061 4166 sicut
1075 4115 1179 4190 snpra
1194 4095 1318 4188 legitur
1333 4093 1513 4166 transcribi
1528 4092 1744 4182 mandantes,
1762 4093 1848 4168 illud
1864 4094 1975 4168 eidem

565 4221 756 4296 venerabili
777 4219 1035 4315 archiepiscopo
1054 4218 1178 4292 dilecto
1202 4219 1349 4314 principi
1371 4227 1488 4291 nostm
1512 4227 1547 4290 et
1569 4218 1827 4292 successoribus
1850 4219 1924 4292 suis
1945 4227 1977 4291 et

556 4345 756 4420 ltrelateusi
774 4347 917 4419 ecclesie
935 4365 999 4418 sne
1015 4344 1060 4418 de
1073 4345 1172 4417 solita
1185 4343 1406 4435 benignitatis
1421 4351 1537 4417 nostre
1557 4344 1667 4437 gratia
1684 4344 1904 4417 innovamus.
1923 4341 1976 4415 Ad

567 4471 673 4565 hujus
692 4480 808 4545 autem
831 4469 1065 4544 innovationis
1084 4479 1199 4543 nostre
1222 4469 1422 4543 memoriam
1447 4477 1483 4542 ct
1506 4467 1611 4540 robur
1633 4468 1670 4540 in
1688 4477 1894 4565 perpetuum
1917 4489 1977 4542 va-

598 4740 633 4842 ll)
652 4765 726 4822 llaec
735 4735 826 4822 omnia
838 4763 946 4822 nomina
958 4763 1033 4823 viros
1043 4761 1183 4822 nouum
1196 4761 1325 4820 oriundos
1339 4761 1458 4820 indicate
1468 4761 1602 4822 videatur.
