4272 5886
204 509 306 586 unta.
324 521 384 606 ra]
654 521 853 584 rtrsronm
877 521 1169 586 otruouartca.
1560 524 1621 586 ste

204 661 320 752 castri,
340 658 475 732 decimo
489 655 706 754 septembris,
725 657 983 754 quartadecima
1000 659 1198 733 indictionis
1214 655 1279 754 (l).
1290 659 1417 732 -Nos
1433 658 1540 754 igitur
1556 682 1620 733 vo-

204 786 313 858 lentes
332 783 509 880 imperiale
526 781 730 856 mandatum
752 785 948 856 executioni
972 784 1152 875 mandare,
1176 783 1331 879 predicto
1351 783 1462 875 judici
1486 785 1621 858 hiarino

203 931 268 1006 per
283 917 417 981 nostras
434 909 564 980 litteras
582 907 740 980 misimus
761 917 800 980 nt
817 929 931 981 coram
951 909 1051 982 nobis
1065 929 1103 982 se
1118 909 1154 979 in
1173 907 1345 1004 imperiali
1363 908 1461 979 ouria
1478 929 1620 1004 presen-

204 1042 309 1121 taret‚
327 1053 390 1129 pro
405 1030 648 1105 contendendo
667 1053 773 1128 super
790 1033 865 1128 ipso
882 1033 1080 1106 molendino
1096 1051 1159 1128 pro
1175 1041 1272 1128 parte
1289 1031 1421 1104 domini
1439 1033 1545 1104 nostri
1565 1054 1620 1105 se·

204 1158 377 1230 renissimi
400 1157 535 1230 Cesaris
555 1179 635 1230 cum
658 1157 944 1254 archipresbitero
965 1165 1165 1229 memorato.
1192 1156 1260 1242 Qui
1282 1156 1398 1248 judex
1422 1155 1620 1230 infirmitate

204 1283 366 1356 detentus
384 1283 468 1377 quia
486 1304 598 1356 coram
621 1283 722 1355 uobis
740 1304 809 1355 non
828 1283 939 1378 potuit
955 1303 1166 1377 comparere,
1193 1302 1298 1377 super
1313 1281 1404 1354 laeto
1418 1281 1530 1376 ipsius
1545 1303 1619 1354 mo-

202 1409 335 1483 lendini
358 1411 431 1482 suis
451 1409 573 1481 litteris
589 1429 652 1480 nos
669 1407 854 1499 instruxit;
875 1417 909 1480 et
934 1408 984 1480 sio
1008 1407 1192 1480 constituto
1208 1415 1429 1502 procuratore
1445 1428 1507 1501 pro
1522 1417 1619 1501 parta

202 1532 391 1628 imperialis
411 1531 506 1604 curie
521 1533 686 1625 magistro
702 1531 885 1604 Guilialmo
901 1532 1074 1605 Francisio
1096 1532 1307 1627 superiacto
1329 1530 1424 1626 ipso,
1447 1531 1617 1603 Martinus

202 1657 468 1752 archipresbiter
483 1655 705 1752 supradictus
721 1658 902 1754 proposuit
920 1669 1038 1731 contra
1055 1656 1248 1753 predictum
1264 1665 1533 1751 procuratorem,
1548 1667 1613 1728 cte.

204 1783 426 1876 [Sequuntur
454 1781 626 1876 expositio
653 1783 733 1856 iacti
770 1784 816 1856 ah
845 1783 969 1857 eodem
1003 1783 1288 1878 archipresbitero
1320 1789 1355 1853 et
1385 1779 1617 1876 depositiones

201 1907 341 1978 testium
357 1907 417 2000 qui
434 1905 640 1980 confitentur
654 1908 713 1999 jus
730 1909 897 1982 ecclesiae
915 1908 1107 1982 Nucerinae
1124 1929 1228 2004 super
1246 1906 1447 1979 molendino
1464 1906 1613 2001 pretato,

203 2033 302 2124 cujus
325 2031 573 2103 restitutionem
591 2032 803 2124 justiciarius
817 2031 919 2124 jubet
939 2031 1029 2124 fieri3
1049 2041 1085 2104 et
1104 2031 1149 2104 ad
1168 2031 1407 2105 executionem
1428 2029 1617 2102 sententiae

203 2155 319 2227 curiae
335 2155 523 2250 imperialis
538 2157 737 2251 stratigotus
750 2157 920 2231 Nuceriae
938 2155 1263 2253 archipresbiterum
1284 2153 1498 2251 praedictum
1520 2153 1618 2226 saisit

198 2288 236 2351 et
251 2280 435 2368 investit.].

253 2777 467 2862 Alexander
484 2778 533 2860 de
546 2776 777 2882 Policastro,
796 2773 1002 2884 imperialis
1023 2775 1220 2859 Calabriae
1236 2784 1275 2859 et
1290 2786 1413 2859 terrae
1430 2777 1616 2861 Jordanae

195 2909 444 3021 justitiarius,
467 2911 594 3021 vigore
619 2907 790 2991 mandati
816 2909 1022 3019 imperialis
1046 2909 1155 3018 cujus
1176 2921 1286 2994 tenor
1305 2911 1484 2995 inseritur
1502 2939 1616 3022 super

198 3045 354 3156 querela
372 3045 520 3129 abbatis
538 3053 576 3127 et
590 3053 798 3127 conventus
821 3043 951 3125 Sancti
969 3043 1150 3151 Stephani
1168 3044 1217 3127 de
1229 3043 1350 3127 bosco
1368 3057 1502 3128 contra
1518 3047 1615 3130 Ric-

197 3181 358 3263 cardum
379 3179 428 3263 de
444 3177 623 3261 altavilla
646 3187 684 3260 et
705 3176 824 3284 alios,
845 3186 966 3260 terrm
991 3187 1028 3259 et
1050 3175 1314 3259 molendinum
1337 3204 1436 3288 quae
1461 3179 1616 3265 fuerunt

197 3314 394 3424 quondam
409 3313 543 3397 Cestae
556 3311 703 3424 Ploymi
720 3311 845 3395 eidem
863 3310 1065 3394 couventui
1084 3309 1157 3393 suh
1174 3310 1325 3394 redditu
1343 3312 1457 3395 unius
1476 3315 1614 3425 regalis

197 3446 403 3558 adjudicat.

276 3659 386 3743 slidldit
397 3661 557 3733 cunm,
572 3657 694 3722 Meno.
708 3655 785 3720 della
797 3655 892 3719 clieta
907 3655 1052 3738 Miletus,
1066 3659 1192 3736 append
1211 3669 1247 3720 nt
1262 3659 1352 3735 XXI,
1369 3676 1408 3721 ex
1425 3661 1563 3741 originali
1582 3661 1613 3724 in

315 3770 476 3832 domestica
488 3767 667 3830 Bibliotheca
681 3764 756 3846 aua.)

244 3962 283 4033 ln
300 3960 439 4034 nomine
454 3958 611 4051 Domini,
633 3978 724 4030 anno
750 3954 908 4050 ejusdem
938 3954 1184 4029 incarnationis
1204 3955 1397 4050 MCCXXV,
1418 3979 1537 4031 mense
1558 3961 1610 4052 ja·

195 4085 328 4178 nuarii,
348 4085 441 4158 Xllll
460 4082 681 4174 indictionis,
701 4081 893 4178 imperante
917 4079 1059 4152 domino
1080 4088 1197 4152 nostro
1215 4079 1388 4154 Friderico
1411 4081 1474 4154 Dei
1500 4081 1610 4174 gratia

193 4211 425 4286 Romanorum
447 4209 670 4306 imperatore,
690 4225 826 4303 semper
846 4215 1013 4299 augusto,
1038 4205 1227 4279 Jerusalem
1243 4214 1278 4277 et
1298 4204 1413 4277 Sicilie
1432 4225 1533 4296 rege,
1558 4205 1608 4278 ie·

230 4465 268 4539 (l)
287 4465 428 4524 Notandus
439 4465 497 4523 dies
509 4464 623 4536 mensis,
640 4478 694 4537 quo
706 4461 838 4536 probamr
849 4461 1023 4518 indictionem
1038 4475 1203 4519 ceemeama
1217 4461 1352 4520 Friderioo
1365 4461 1491 4520 usitatam
1502 4461 1608 4520 initium

194 4563 299 4637 oepisse
312 4567 374 4621 anta
388 4562 578 4620 duodecimum
591 4561 663 4618 dism
683 4559 784 4616 mensis
804 4557 966 4633 septembris
977 4563 1007 4615 et
1023 4557 1105 4617 etiam
1122 4557 1150 4614 in
1161 4559 1251 4632 primo
1262 4559 1305 4616 dia
1319 4559 1398 4632 hujus
1409 4560 1526 4631 mansis,
1538 4559 1610 4616 deut

192 4677 227 4718 ox
240 4661 298 4719 aliis
311 4661 478 4720 documentis
490 4659 590 4734 liquida
608 4657 720 4733 patebit.
