4368 5876
237 643 340 706 runca
355 639 398 726 9.]
690 632 889 696 HISTORIA
913 576 1206 697 nultoutrlct.
1601 635 1659 698 ltu

237 768 520 862 bartholomaei
534 769 733 880 quondam
744 766 894 852 comitis
906 767 1143 852 Patemionis
1156 777 1194 852 et
1206 767 1445 879 imperatoris
1461 768 1580 881 patris
1599 771 1658 854 sui

240 907 314 992 sibi
342 905 454 1017 juxta
479 901 786 988 constitutionem
820 900 972 1010 Capuae
1003 902 1145 986 editam
1171 913 1411 1014 praesentata
1436 905 1600 990 restituit
1622 914 1659 990 et

240 1039 372 1128 omnia
385 1064 485 1150 qnae
502 1034 795 1122 continebantur
811 1034 851 1116 in
869 1033 924 1119 eis
942 1033 1159 1145 confirmat,
1175 1039 1363 1148 quasdam
1381 1039 1604 1124 donationes
1622 1049 1660 1123 et

240 1173 503 1260 immunitates
519 1173 570 1256 de
586 1171 741 1283 propria
753 1167 980 1255 liberalitate
994 1172 1268 1280 superaddens.

323 1429 412 1511 (nuc
429 1445 479 1508 ap.
494 1429 602 1504 Pmo,
616 1423 693 1490 stou
711 1443 802 1508 raon,
814 1431 841 1490 t.
852 1427 894 1508 11,
903 1443 934 1506 p.
953 1423 1490 1502 rrae-1rsr,cxlbr.l³rrelaror.m
1503 1425 1656 1490 cuncrllcr.

368 1537 421 1600 lor.
437 1535 522 1616 aar.)

292 1760 487 1836 Fridericus
499 1761 562 1834 Dei
582 1759 692 1855 gratia
716 1760 947 1834 Romanorum
969 1760 1169 1856 imperator,
1188 1779 1325 1854 semper
1341 1766 1529 1853 augustus,
1548 1767 1583 1831 et
1597 1779 1660 1832 rex

241 1885 369 1960 Sicilie.
384 1887 448 1960 Per
466 1907 607 1983 presens
620 1885 788 1982 scriptum
801 1892 922 1958 notum
938 1884 1084 1958 lecimus
1097 1882 1269 1957 universis
1287 1891 1322 1956 et
1335 1882 1482 1978 singulis
1493 1892 1563 1958 tam
1577 1903 1660 1982 pre-

241 2011 399 2086 sentibus
414 2033 519 2107 qnam
536 2010 663 2084 tuturis
677 2009 774 2106 quod
793 2017 869 2106 post
885 2009 1075 2083 solemnem
1091 2017 1244 2082 nostram
1266 2008 1398 2083 curiam
1416 2030 1524 2104 quam
1545 2008 1661 2107 Capua

241 2136 494 2212 celebravimus
524 2135 587 2210 nbi
613 2135 659 2210 de
678 2133 896 2228 resignandis
920 2134 1114 2231 privilegiis
1138 2132 1310 2208 universis
1338 2133 1493 2208 edictum
1516 2135 1659 2210 fecimus

241 2263 424 2358 generale,
450 2261 632 2357 religiosus
657 2260 710 2333 vir
735 2261 839 2334 frater
861 2260 1070 2336 Benedictus
1095 2258 1303 2336 venerabilis
1330 2261 1438 2334 abbas
1465 2263 1661 2336 monasterti

241 2387 367 2462 Sancte
381 2387 486 2464 Maria
498 2385 750 2462 lloccamatoris
766 2385 811 2460 dc
828 2385 1015 2460 tenimento
1028 2385 1186 2460 Messene
1203 2383 1437 2459 cisterciensis
1450 2385 1582 2460 ordinis
1600 2386 1660 2460 di·

242 2532 344 2585 versa
355 2511 551 2610 privilegia,
562 2511 691 2584 scilicet
703 2510 931 2586 bartholomei
942 2507 989 2585 de
1000 2509 1103 2614 Lucis
1111 2510 1246 2584 comitis
1259 2508 1438 2605 quondam
1446 2511 1659 2585 Patemionis

244 2633 360 2710 dilecti
390 2635 638 2731 consanguinei
661 2644 696 2710 et
719 2634 831 2709 fidelis
858 2635 964 2708 nostri
989 2634 1138 2732 predicti
1166 2635 1363 2709 monasterii
1388 2635 1580 2711 fundatoris
1614 2638 1659 2711 de

243 2761 317 2835 snis
328 2758 573 2836 donationibus
586 2783 628 2834 ac
638 2759 958 2835 renunciationibus
968 2760 1265 2857 infrascriptarum
1278 2761 1463 2854 bonorum,
1475 2763 1660 2860 possessio·

244 2909 330 2960 num
346 2894 380 2961 et
394 2886 547 2960 locomm
561 2907 703 2960 suorum
719 2909 799 2960 cum
816 2885 1046 2962 divisionibus
1061 2885 1262 2964 eorumdem
1277 2908 1338 2984 per
1351 2886 1484 2961 dictum
1498 2888 1658 2964 comitem

244 3009 337 3086 dicto
351 3012 557 3086 monasterio
575 3011 777 3105 liberaliter,
795 3011 933 3108 egregie
946 3021 982 3085 et
997 3011 1207 3084 sufficienter
1229 3010 1347 3085 dotato
1366 3011 1480 3104 lactis,
1500 3034 1566 3088 nec
1587 3036 1656 3088 non

242 3135 362 3210 atalia
379 3157 486 3231 quam
506 3137 604 3233 plura
621 3136 753 3210 domini
768 3135 984 3233 imperatoris
999 3135 1138 3210 Henrici
1162 3136 1236 3210 divi
1262 3137 1400 3231 augusti
1420 3139 1527 3234 patris
1549 3142 1657 3214 nostri

244 3260 426 3335 roeolende
440 3261 605 3335 memorie
618 3270 733 3334 nostre
748 3261 844 3335 curie
858 3260 1059 3358 resignavit,
1074 3260 1250 3333 humiliter
1263 3261 1463 3360 supplicans
1475 3271 1514 3337 nt
1533 3285 1574 3339 ea
1592 3263 1657 3338 sibi

244 3387 423 3462 restituere
447 3398 483 3462 et
505 3387 681 3483 quidquid
709 3388 903 3462 continetur
926 3389 964 3461 in
987 3388 1073 3484 ipsis
1102 3387 1293 3486 privilegiis
1330 3388 1423 3462 dicto
1452 3391 1659 3465 monasterio

244 3512 434 3587 concedere
454 3522 489 3587 el
513 3511 716 3586 confirmare
736 3513 843 3586 libere
869 3511 915 3586 de
939 3521 1056 3587 nostra
1084 3511 1196 3607 gratia
1221 3512 1457 3607 dignaremur.
1481 3513 1551 3586 Nos
1577 3535 1659 3587 vero

241 3637 346 3731 justis
356 3638 578 3734 petitionibus
590 3638 665 3732 ejus
676 3637 842 3730 inclinati,
856 3635 1011 3712 omnium
1025 3636 1258 3734 predictorum
1267 3637 1528 3734 privilegiorum
1543 3648 1661 3714 tenore

245 3785 308 3860 per
324 3763 440 3839 omnia
458 3763 640 3860 diligenter
656 3763 828 3860 inspecto,
850 3761 967 3836 abbati
985 3762 1100 3837 eidem
1117 3759 1316 3859 supradicto
1334 3784 1397 3859 pro
1410 3773 1508 3860 parte
1523 3786 1660 3838 monas-

244 3887 321 3962 terii
344 3888 399 3962 sui
426 3897 461 3962 et
485 3887 691 3963 monasterio
714 3885 888 3961 antedicto
911 3885 1095 3983 privilegia
1121 3885 1236 3962 omnin
1259 3887 1458 3983 supradicta
1483 3898 1553 3962 tam
1578 3888 1661 3963 dicti

245 4013 380 4086 comitis
389 4013 618 4087 Bartholomei
630 4035 738 4108 quam
749 4011 853 4086 etiam
867 4011 999 4087 domini
1013 4012 1190 4108 quondam
1200 4011 1314 4107 'patrie
1329 4012 1434 4085 nostri
1449 4014 1661 4087 restituimus

245 4137 394 4234 gratiose
415 4137 578 4213 universa
598 4147 632 4212 et
651 4137 807 4234 singula,
823 4158 1045 4236 quecumque
1062 4137 1280 4210 continentur
1301 4136 1338 4208 in
1362 4137 1447 4234 ipsis
1469 4137 1661 4235 privilegiis

243 4263 400 4360 predicto
416 4265 622 4338 monasterio
640 4265 708 4338 sub
723 4273 839 4338 nostre
857 4262 1068 4361 protectione
1084 4271 1245 4358 suscepto
1259 4262 1305 4334 ab
1318 4262 1414 4335 omni
1427 4283 1531 4338 onere
1545 4265 1661 4357 cujus·

245 4387 330 4461 libet
342 4386 476 4462 servitii
494 4390 691 4484 temporalis
713 4410 779 4463 nec
796 4410 866 4462 non
884 4397 919 4462 et
940 4408 962 4461 a
983 4387 1139 4482 quolibet
1158 4407 1284 4480 genere
1300 4385 1476 4459 servitutis
1496 4388 1603 4462 libera
1617 4387 1662 4462 de

244 4512 384 4609 speciali
399 4511 510 4609 gratie
523 4523 757 4612 acceptantes,
779 4514 1007 4591 concodentes
1020 4521 1055 4588 et
1076 4513 1332 4610 inperpetuum
1349 4510 1601 4586 confirmantes.
1623 4513 1661 4586 ln

245 4636 369 4734 primis
392 4635 490 4734 apud
510 4639 662 4714 Siciliam
685 4643 722 4714 in
747 4639 934 4714 tenimento
956 4635 1195 4736 prenominata
1220 4634 1368 4710 civitatis
1392 4638 1566 4730 Messana,
1594 4646 1661 4711 etc.

250 4764 334 4854 [Hic
348 4773 503 4838 recenset
519 4765 612 4838 bona
629 4765 763 4856 omnia,
782 4765 926 4855 casalia,
944 4765 1084 4857 vineas,
1104 4764 1240 4855 domos,
1258 4763 1405 4840 oratoria
1418 4764 1491 4858 iam
1509 4765 1544 4838 in
1563 4785 1664 4861 supe·
1737 4744 1740 4750 ¹
