4436 5870
536 543 554 602 Ξ
1038 547 1253 610 vnlhshlcl
1278 549 1453 610 sscuvur
1761 551 1844 632 [Aur.
1862 553 1946 616 122⁰.

535 700 633 785 quos
652 673 871 759 habehant:
892 702 990 787 quos
1003 679 1249 764 redeuntibus
1265 680 1305 764 in
1328 680 1593 764 Alemannism
1608 680 1849 767 Theutonicis
1871 687 1949 794 ipse

535 808 698 920 largitus
720 820 779 894 est
800 811 1006 922 imperator
1019 811 1080 923 (l)
1087 873 1412 898 ..........
1431 813 1538 898 Tunc
1560 813 1641 924 ipse
1657 815 1863 926 imperator
1883 845 1950 928 per

537 969 676 1027 manus
693 943 879 1028 Ostiensis
893 945 1059 1055 episcopi
1077 947 1143 1056 qui
1156 947 1402 1056 postmodum
1420 948 1460 1027 in
1483 972 1622 1057 papam
1646 948 1871 1058 Gregorium
1894 961 1951 1032 est

537 1089 755 1187 promotus,
771 1079 977 1188 resumpsit
992 1106 1165 1186 crucem,
1184 1090 1315 1166 votum
1331 1080 1482 1190 publice
1501 1081 1694 1166 innovavit
1705 1081 1950 1192 ,multosque

538 1211 603 1319 qui
621 1210 828 1294 intererant
845 1213 992 1297 nobiles
1014 1213 1114 1296 idem
1138 1213 1262 1296 lacere
1284 1214 1479 1298 animavit.
1497 1215 1666 1298 chcrnn.
1687 1242 1731 1296 nn
1751 1215 1791 1296 S.
1810 1216 1947 1321 Genu,

538 1344 709 1426 chronic.
731 1349 783 1426 ad
802 1373 890 1428 cun.

353 2031 481 2130 usgagg·
587 2007 800 2093 Fridericus
814 2012 1018 2117 secundus,
1035 2012 1295 2097 Romanorum
1312 2015 1533 2123 imperator,
1549 2013 1856 2098 constitutionem
1869 2039 1944 2126 ge-

333 2139 500 2238 ἓξὲξὶξ,
536 2143 705 2225 neralem
723 2144 892 2254 publicat
905 2145 1006 2228 etah
1023 2147 1202 2230 omnibus
1212 2147 1322 2257 jubet
1343 2147 1537 2232 observari
1564 2177 1641 2260 qus
1659 2158 1760 2233 vetat
1784 2175 1832 2231 ne
1860 2149 1946 2260 quis

535 2286 669 2359 contra
700 2278 898 2390 privilegia
926 2278 1177 2363 ecclesiastica
1209 2289 1431 2392 attemptare
1467 2291 1709 2392 praesumat,
1739 2282 1945 2364 haereticos

535 2435 669 2494 omnes
678 2413 879 2521 proscribit
892 2423 930 2496 et
942 2413 1217 2498 haereticorum
1231 2415 1415 2522 fautores,
1426 2441 1610 2525 personas
1624 2424 1662 2498 et
1673 2414 1776 2499 hona
1792 2413 1945 2497 naufra-

534 2546 708 2655 gantium
722 2556 760 2630 et
773 2549 1007 2631 advenarum
1019 2559 1165 2656 tuetur,
1182 2559 1296 2659 etque
1310 2549 1558 2660 agricultores
1576 2575 1665 2632 cum
1683 2547 1943 2631 instrumentis

531 2709 665 2768 eorum
681 2683 833 2765 rusticis
848 2693 981 2766 contra
995 2683 1189 2766 invasores
1205 2683 1382 2794 protegit.

615 2895 711 2975 (Edit.
731 2913 779 2974 ep.
796 2897 911 2971 Psnrz,
927 2896 1054 2956 Menum
1074 2897 1166 2956 Geras
1182 2894 1295 2970 hirtos,
1312 2903 1336 2957 t.
1353 2896 1406 2970 IV,
1423 2915 1453 2976 p.
1472 2905 1621 2971 ras-rte,
1639 2915 1676 2958 ex
1696 2903 1804 2978 regest.
1820 2897 1942 2960 lionorll

650 3003 682 3060 ln
696 3002 789 3063 tuhul.
806 3003 903 3063 Vetto.
917 3003 975 3061 vol.
992 3004 1047 3076 111,
1061 3001 1114 3064 tol.
1131 3011 1233 3077 asae,
1249 3019 1320 3064 uun.
1332 3005 1371 3077 V,
1388 3021 1471 3064 num.
1488 3014 1560 3078 css,
1577 3005 1629 3064 ubl
1646 3007 1677 3064 ln
1688 3005 1819 3082 margine
1833 3004 1942 3066 codicis

654 3109 718 3170 hec
731 3111 869 3188 leguntur
885 3128 893 3170 :
907 3105 1035 3190 Dilipem
1051 3107 1205 3193 dilipmter
1221 3119 1299 3173 noto.
1321 3113 1380 3173 Her
1397 3118 1437 3173 est
1452 3129 1526 3173 noea
1542 3111 1652 3172 cantio
1665 3107 1811 3171 Frirlerr'ri
1825 3107 1942 3172 medi

530 3399 626 3471 Paris,
642 3397 663 3456 l.
679 3404 731 3458 389
744 3416 824 3457 verso
841 3419 848 3456 :
862 3421 875 3454 c
892 3402 930 3457 En
947 3407 1004 3456 taut
1016 3416 1120 3459 mmme
1134 3401 1152 3458 il
1168 3402 1249 3459 estoit
1262 3418 1278 3459 a
1290 3404 1374 3460 llonrc
1386 3402 1405 3459 il
1419 3401 1514 3460 envoia
1529 3417 1573 3459 ses
1589 3417 1726 3475 messages
1741 3417 1775 3458 en
1786 3399 1871 3458 Puille
1885 3407 1942 3458 eta

533 3517 546 3550 s
566 3495 701 3572 plusieurs
717 3498 765 3554 des
778 3495 848 3554 haus
863 3497 956 3556 homes
969 3497 1023 3554 dou
1038 3513 1120 3572 regne
1132 3506 1160 3555 et
1172 3511 1216 3556 ses
1234 3499 1325 3557 letres.
1339 3501 1380 3556 Ne
1396 3501 1430 3556 de
1444 3505 1504 3557 tous
1515 3512 1582 3556 ceux
1596 3500 1649 3556 dou
1664 3515 1745 3572 regne
1759 3513 1793 3557 ne
1806 3500 1864 3556 nint
1875 3513 1891 3556 a
1904 3497 1940 3554 lui

534 3615 547 3648 u
567 3594 614 3652 nul
626 3596 702 3653 riche
716 3597 796 3654 home
808 3595 864 3653 lore
881 3597 906 3654 le
916 3601 997 3654 conte
1010 3597 1103 3654 hernrt
1114 3597 1203 3655 Gentil
1216 3599 1264 3671 qui
1279 3599 1359 3656 estoit
1370 3611 1458 3670 quens
1473 3597 1507 3655 de
1521 3599 1682 3655 manerem.
1696 3595 1770 3655 Celui
1790 3597 1862 3654 elea
1878 3597 1941 3654 luia

535 3695 646 3752 »Rome
664 3694 749 3752 rneult
764 3695 914 3752 richemont
928 3701 957 3752 et
969 3710 985 3751 a
999 3701 1077 3770 grant
1095 3695 1270 3769 compeignie.
1286 3696 1367 3752 Eleu
1385 3711 1415 3754 se
1433 3701 1510 3754 route
1531 3711 1561 3752 se
1582 3695 1680 3752 unirent
1701 3695 1877 3767 chestsluius,
1897 3709 1941 3752 va·

535 3812 547 3844 e
567 3808 702 3862 vassours,
718 3800 748 3849 et
761 3799 820 3849 tant
836 3809 890 3865 que
909 3792 927 3848 il
942 3791 1059 3849 iurento
1078 3792 1115 3848 lui
1134 3792 1198 3849 hieu
1211 3792 1274 3850 CCC
1287 3792 1443 3849 chevaliers.
1460 3793 1494 3849 m
1508 3793 1552 3866 poi
1566 3793 1639 3851 velut
1661 3809 1692 3850 ce
1706 3793 1810 3850 service
1824 3799 1852 3848 ct
1869 3799 1941 3849 easta

535 3911 548 3941 »
568 3889 666 3961 honor;
683 3906 730 3947 car
743 3896 802 3947 tout
813 3891 871 3949 ausi
885 3891 911 3947 le
925 3890 1042 3948 desirata
1055 3891 1073 3946 li
1086 3905 1241 3964 empereres
1254 3905 1359 3946 comme
1372 3890 1391 3946 il
1406 3889 1449 3946 list
1460 3890 1499 3948 les
1514 3897 1613 3948 autres.
1629 3890 1664 3947 Et
1674 3891 1733 3948 ensi
1747 3889 1792 3946 fist
1803 3897 1866 3947 tous
1878 3905 1942 3948 oeus

537 4009 549 4041 n
569 3987 622 4046 dou
638 4004 720 4062 regne
734 3987 809 4061 igaus
824 3990 892 4046 amis
905 3994 933 4045 et
946 3988 1062 4060 anemis;
1078 4004 1125 4045 car
1146 3987 1198 4044 tuit
1213 3985 1302 4043 iurant
1323 3987 1450 4044 desirata.
1469 3988 1498 4044 li
1515 4003 1601 4062 quens
1619 3987 1696 4046 hlaca
1713 3987 1838 4046 d’rlesnc
1854 3987 1894 4060 (Ι)
1908 4002 1942 4042 ne

536 4108 548 4136 n
569 4086 609 4145 les
622 4087 698 4144 vault
710 4086 833 4158 amudre,
847 4085 907 4144 ains
920 4092 1013 4143 atoma
1024 4085 1084 4142 Vlll
1097 4084 1178 4158 golias
1188 4089 1215 4142 et
1228 4099 1258 4141 se
1267 4084 1331 4140 mist
1344 4099 1418 4142 ensa
1430 4090 1489 4142 tout
1499 4091 1576 4160 grant
1583 4086 1657 4142 avoir
1665 4092 1693 4144 et
1703 4085 1764 4144 bele
1776 4083 1942 4158 campaignie

537 4203 548 4234 r
569 4189 597 4241 et
609 4185 666 4242 s'en
678 4185 720 4243 ala
732 4202 767 4242 en
781 4185 843 4244 l'est
861 4185 962 4242 devant
975 4183 1097 4240 Damietc
1114 4199 1149 4242 ou
1162 4183 1180 4240 il
1193 4181 1221 4239 lu
1235 4182 1407 4258 longusment
1419 4189 1447 4240 et
1458 4183 1619 4241 richemont.
1633 4184 1662 4240 li
1677 4201 1763 4259 quens
1774 4183 1885 4242 lieniers
1895 4185 1941 4257 qm'

535 4299 547 4329 s
568 4287 646 4353 grant
657 4288 728 4338 terre
740 4283 823 4339 unoit
833 4298 867 4340 en
881 4281 967 4341 Cesile
984 4297 1014 4339 se
1028 4282 1092 4338 mist
1104 4298 1138 4338 en
1149 4298 1179 4340 sa
1190 4283 1283 4342 merci.
1302 4283 1323 4339 ll
1333 4282 1358 4339 la
1372 4281 1416 4340 list
1426 4282 1509 4340 vestir
1521 4281 1555 4338 de
1566 4281 1645 4357 plonc
1661 4288 1689 4340 at
1701 4289 1787 4340 matre
1803 4297 1838 4339 eu
1850 4281 1941 4356 prison

535 4397 547 4428 r
568 4393 604 4436 ou
617 4377 635 4432 il
649 4385 747 4434 morut.
762 4399 774 4430 u
789 4379 828 4436 (ΙΙ.
845 4377 954 4438 Contio.
968 4379 1054 4438 Guill.
1069 4379 1146 4453 Tyr„
1159 4398 1188 4454 p.
1205 4384 1266 4450 392,
1280 4380 1345 4438 edit.
1362 4380 1469 4438 Guizot.

569 4473 606 4546 lli
626 4493 640 4528 c
656 4475 691 4531 ht
704 4475 763 4550 ipsa
773 4475 817 4532 die
830 4475 1031 4551 [coronationis]
1046 4475 1130 4534 multa
1147 4493 1259 4536 munera
1275 4493 1406 4552 equorum
1420 4477 1476 4535 lere
1493 4478 1528 4534 ud
1544 4477 1598 4536 due
1616 4477 1699 4535 millia
1709 4478 1744 4535 de
1754 4476 1852 4552 hpvrlia
1865 4485 1894 4535 et
1907 4477 1941 4534 de

535 4591 548 4621 »
567 4570 657 4628 Sicilia
670 4578 698 4628 et
711 4572 745 4627 de
759 4571 879 4631 Calabria
890 4580 918 4631 et
931 4573 989 4630 aliis
1004 4573 1081 4630 terris
1093 4573 1117 4631 ei
1129 4574 1258 4649 subjectas
1272 4583 1336 4634 sunt
1348 4576 1443 4646 missa,
1457 4574 1491 4632 de
1505 4575 1604 4648 quihus
1618 4575 1714 4634 eodem
1727 4575 1770 4632 dic
1785 4575 1848 4653 plus
1859 4589 1940 4650 quam

536 4689 548 4719 v
568 4676 694 4727 sexcenta
705 4669 822 4729 donavit.
834 4688 848 4724 r
859 4672 975 4730 husun.
990 4670 1087 4742 hren,
1100 4687 1144 4748 ap.
1160 4673 1305 4743 Boram,
1321 4673 1428 4744 Fontes,
1444 4673 1476 4744 ΙΙ,
1490 4677 1559 4730 386.·
