4292 5894
516 503 579 565 332
1018 505 1232 568 tatbsstcl
1256 505 1432 569 sectant
1742 503 1824 586 [an.
1842 505 1929 566 1223.

519 638 600 712 dem
616 639 776 713 Reinutio
793 641 882 714 lacta
899 663 922 716 a
942 643 1142 738 Spatacurta
1159 641 1341 716 Hubertini
1362 642 1409 714 de
1423 648 1534 713 casim
1555 639 1642 735 Ripe
1659 647 1695 712 et
1711 639 1757 714 de
1777 650 1874 713 curte
1896 651 1933 714 et

520 761 677 836 districtu
694 766 770 856 ejus
784 775 899 837 nostre
917 764 1012 838 curie
1028 777 1270 862 presentesset,
1288 763 1485 838 celsitudini
1500 773 1615 838 nostm
1630 764 1755 837 devota
1767 774 1803 836 et
1816 765 1933 837 bumi-

520 887 597 960 litcr
615 887 846 982 supplicando
864 899 903 962 ut
920 889 1078 963 eumdem
1100 887 1393 964 confirmationem
1414 899 1523 961 rutam
1542 887 1671 962 babere
1691 897 1726 962 et
1743 897 1861 960 nostro
1876 886 1931 960 di·

519 1033 705 1106 gnaramur
718 1014 910 1085 munimine
928 1013 1151 1103 confirmare;
1169 1015 1271 1106 cujus
1283 1013 1399 1108 scripti
1416 1022 1514 1084 tenor
1528 1012 1606 1084 talis
1619 1021 1697 1085 est:

567 1135 744 1209 Conradus
765 1137 829 1210 Dei
853 1139 963 1232 gratia
984 1139 1148 1212 Metensis
1169 1149 1205 1212 et
1226 1137 1397 1235 Spirensis
1417 1138 1621 1233 episcopus,
1647 1137 1836 1232 imperialis
1853 1138 1932 1209 aule

519 1260 741 1333 cancellarius
763 1271 798 1334 ct
815 1263 920 1334 totius
937 1263 1032 1336 ltalia
1050 1264 1202 1357 legatus,
1221 1263 1393 1336 universis
1413 1263 1547 1358 imperii
1572 1260 1735 1335 fidelibus
1756 1261 1848 1334 banc
1868 1283 1932 1358 pa-

517 1383 635 1477 ginam
651 1384 855 1480 inspecturis
870 1386 1015 1460 sulutem
1030 1397 1065 1460 et
1082 1388 1342 1461 omnebonum.
1365 1387 1451 1460 Cum
1466 1387 1511 1461 ad
1526 1387 1678 1459 officium
1696 1395 1813 1460 nostra
1833 1387 1932 1480 lega·

517 1508 620 1580 tionis
636 1510 803 1602 pertineat
815 1519 850 1582 et
862 1511 966 1584 etiam
981 1513 1207 1607 specialitera
1227 1511 1369 1586 domino
1385 1520 1501 1584 nostro
1513 1511 1685 1583 Friderico
1698 1511 1932 1583 Romanorum

519 1631 724 1726 imperatore
740 1633 895 1706 mundo
916 1636 1132 1730 suscepimus
1151 1636 1187 1708 in
1202 1635 1375 1708 mandatis
1390 1636 1542 1730 preclara
1559 1644 1594 1706 et
1613 1635 1746 1706 sincera
1763 1635 1933 1729 obsequia

519 1754 674 1824 omnium
696 1755 828 1828 exibita
852 1756 1131 1851 progenitoribus
1149 1756 1223 1829 suis
1245 1777 1286 1830 ac
1305 1756 1373 1829 sibi
1394 1755 1549 1828 serenius
1573 1752 1791 1827 considerare
1816 1764 1851 1826 et
1871 1773 1934 1849 pre

520 1877 628 1949 oculis
644 1878 789 1965 habere;
810 1878 939 1952 idcirco
953 1902 1016 1951 uos
1032 1891 1315 1974 recognoscentes
1331 1901 1402 1952 uon
1416 1881 1527 1952 solum
1543 1877 1648 1951 fidem
1664 1888 1698 1950 et
1712 1877 1933 1951 devotionem

520 2001 671 2073 llainutii
686 2001 811 2096 l'hilipi
831 2003 1012 2075 Malavclte
1027 2005 1114 2075 civis
1128 2005 1308 2093 Senensis,
1328 2001 1392 2075 sed
1407 2002 1510 2074 etiam
1524 2001 1748 2096 acceptabilia
1766 1999 1934 2094 obsequia

520 2145 590 2218 que
615 2124 782 2197 hactenus
809 2135 1040 2199 antecessores
1067 2128 1122 2198 sui
1147 2127 1277 2221 etipse
1304 2127 1339 2197 in
1365 2125 1678 2198 consecrationibus
1703 2123 1934 2218 imperialium

519 2249 735 2340 majestatum
755 2251 813 2322 avi
842 2259 876 2322 et
906 2251 1011 2344 patris
1032 2251 1142 2346 ipsius
1170 2251 1302 2324 domiui
1332 2249 1439 2322 nostri
1468 2247 1683 2342 imperatoris
1712 2255 1747 2320 et
1774 2245 1933 2337 ejusdem

521 2382 592 2443 met
607 2371 672 2466 ipsi
687 2370 761 2468 (sic)
778 2383 812 2445 et
829 2374 864 2444 iu
879 2375 1041 2446 omnibus
1054 2375 1246 2447 rationibus
1261 2383 1296 2447 et
1312 2373 1451 2468 juribus
1468 2372 1603 2469 imperii
1620 2371 1867 2444 conservandis
1882 2371 1934 2442 iu·

521 2497 601 2568 lasis
627 2519 739 2591 usque
765 2499 812 2572 ad
835 2499 899 2570 hec
928 2507 1082 2594 tempora
1108 2499 1309 2594 diligentius
1335 2499 1588 2587 exbibuerunt,
1614 2496 1813 2568 auctoritate
1840 2496 1934 2588 lega·

520 2620 624 2693 donis
642 2631 770 2706 nostre,
789 2621 835 2695 de
849 2623 960 2716 gratia
978 2635 1012 2694 et
1030 2623 1217 2718 imperialis
1232 2623 1413 2695 clementie
1430 2621 1649 2718 prerogativa
1665 2642 1737 2714 qua
1755 2619 1935 2716 fungimur

520 2746 684 2819 comitiva
699 2757 733 2819 et
750 2768 797 2818 ex
814 2757 907 2820 certa
924 2747 1066 2819 scientia
1083 2757 1199 2820 nostra
1217 2745 1459 2820 confirmemus
1477 2743 1649 2840 imperiali
1672 2744 1810 2817 decreto
1827 2753 1866 2815 et
1879 2742 1934 2812 iu·

520 2867 669 2942 dicimus
685 2892 761 2943 esse
774 2868 906 2943 firmam
921 2880 956 2943 et
968 2879 1077 2943 ratam
1092 2871 1155 2965 ipsi
1171 2871 1331 2944 Raiuutio
1344 2879 1378 2943 et
1391 2871 1465 2942 suis
1475 2869 1663 2942 heredibus
1674 2865 1932 2939 vendictionem

521 2994 588 3064 sibi
613 2996 736 3066 iactam
754 3017 775 3068 a
790 2996 991 3090 Spatacurta
1010 2996 1165 3067 Ubertiui
1192 2993 1237 3068 de
1264 3003 1376 3068 castro
1393 2995 1479 3090 llipe
1502 2993 1598 3088 quod
1620 2991 1810 3086 antiquitus
1833 2989 1932 3062 dice-

521 3116 622 3188 batur
638 3118 793 3189 Mensule
807 3127 841 3190 et
859 3118 904 3192 de
921 3127 1018 3214 curte
1032 3126 1067 3191 et
1086 3117 1244 3192 districtu
1261 3119 1350 3210 ejus,
1371 3118 1459 3190 sicut
1479 3117 1516 3188 iu
1533 3117 1760 3188 instrumento
1776 3114 1932 3185 conlecto

520 3261 627 3312 manu
655 3241 835 3314 Castallaui
859 3242 990 3334 judicis
1014 3241 1181 3314 contineri
1211 3241 1367 3333 videtur,
1396 3240 1630 3316 condonantes
1660 3238 1774 3311 eidem
1801 3247 1837 3310 et
1860 3236 1932 3308 suis

520 3362 708 3437 heredibus
725 3364 847 3439 eadem
869 3366 1127 3461 imperialique
1144 3364 1323 3460 fungimur
1339 3367 1543 3440 auctoritate
1562 3372 1603 3437 ut
1616 3385 1756 3437 omnam
1770 3360 1932 3453 jurisdic-

520 3488 663 3577 tionem,
688 3510 790 3560 usum
818 3499 853 3562 et
875 3489 1163 3562 consuetudinem
1183 3490 1396 3585 imperialem
1417 3499 1454 3562 et
1465 3493 1524 3584 jus
1545 3497 1582 3561 at
1600 3487 1772 3560 actionem
1789 3486 1933 3580 imperio

519 3621 719 3707 competens
738 3623 774 3686 et
790 3624 1041 3709 competentem
1069 3614 1105 3686 in
1131 3615 1286 3709 p'ersouis
1303 3625 1338 3687 et
1359 3614 1464 3686 rebus
1486 3613 1569 3686 dicti
1590 3611 1691 3684 castri
1713 3617 1749 3682 et
1770 3609 1877 3681 curtis
1899 3617 1934 3680 et

520 3733 696 3809 districtus
709 3736 848 3829 babeat,
870 3746 985 3811 teneat
1001 3747 1035 3810 et
1050 3736 1166 3810 modis
1180 3739 1341 3811 omuibus
1358 3740 1565 3834 perfruatur.
1579 3736 1771 3808 Statuimus
1784 3743 1824 3805 ut
1839 3731 1933 3803 nulla

520 3880 679 3954 persona,
696 3860 836 3934 humilis
853 3864 911 3936 val
924 3864 1005 3954 alta,
1026 3863 1190 3935 secularis
1207 3864 1265 3936 vel
1279 3863 1523 3955 ecclesiastica,
1539 3871 1657 3934 contra
1670 3860 1762 3933 banc
1782 3867 1931 3931 nostram

520 3981 812 4058 confirmationem
827 3987 955 4060 audeat
972 3987 1150 4060 contraire.
1168 3987 1202 4060 Si
1220 3988 1299 4081 quis
1313 4009 1397 4060 vero
1412 3997 1531 4059 contm
1546 3986 1658 4059 lacere
1671 3982 1928 4080 presumpserit,

519 4128 583 4202 pro
596 4119 883 4206 paua'componat
896 4119 1035 4184 centum
1053 4111 1157 4183 libras
1174 4111 1264 4201 auri,
1286 4111 1506 4183 medietatem
1522 4111 1625 4202 cujus
1640 4129 1777 4181 camere
1797 4105 1930 4202 imperii

521 4238 556 4303 et
572 4232 674 4304 aliam
693 4233 912 4308 medietatem
930 4234 1091 4326 iujuriam
1114 4257 1217 4330 passo
1234 4236 1420 4331 persolvat.
1437 4233 1495 4308 Ad
1511 4235 1611 4328 cujus
1626 4233 1677 4304 rei
1691 4229 1930 4306 certitudinem

522 4363 714 4447 presentem
733 4357 896 4451 paginam
923 4358 1027 4430 scribi
1045 4359 1213 4449 jussimus
1231 4367 1266 4431 et
1285 4359 1389 4450 sigilli
1413 4359 1520 4432 nostri
1543 4357 1738 4430 munimina
1763 4353 1927 4427 roborari.

521 4478 698 4571 -Hujus
718 4481 768 4553 rei
790 4489 892 4555 testes
915 4491 996 4554 eunt
1020 4480 1182 4556 dominus
1203 4484 1364 4578 Paganus
1384 4483 1569 4579 episcopus
1589 4483 1836 4570 vulterranus,
1859 4477 1930 4550 Soi-

524 4597 642 4672 lredus
661 4603 875 4678 Pistorieueis
889 4607 1087 4702 episcopus,
1103 4605 1304 4680 Guillalmus
1322 4606 1472 4681 marchio
1486 4603 1743 4693 Montislerrati,
1756 4599 1931 4676 Comedus

2120 495 2122 544 l
