4368 5876
571 621 628 684 ist
1071 623 1287 686 lllllllblllcl
1313 625 1487 688 sacuttnt
1793 629 1873 708 [Ars.
1893 631 1976 696 1221.

568 757 715 832 rioribus
735 757 986 834 bartholomaei
1017 759 1208 856 privilegiis
1230 761 1282 858 (4)
1306 783 1353 836 ex
1380 763 1520 838 nomine
1542 759 1747 862 expressa]
1773 763 1842 840 llas
1865 765 1979 862 itaque

569 883 821 980 prenominatae
831 883 1005 960 libertates
1018 895 1053 958 et
1066 887 1299 982 possessiones
1312 908 1433 962 omnes
1445 887 1589 980 liberas,
1602 889 1767 982 oratoria,
1783 890 1872 982 loca,
1889 891 1977 967 bona

567 1009 682 1082 omnia
699 1031 778 1082 cum
795 1011 869 1082 suis
887 1010 1168 1107 proprietatibus,
1187 1012 1402 1108 perfinemiis
1416 1023 1451 1088 et
1464 1014 1680 1088 libertatibus
1694 1015 1903 1112 supradictis
1919 1039 1978 1112 per

565 1133 760 1230 predictum
794 1136 953 1209 comitem
984 1136 1262 1210 Bartholomenm
1296 1137 1450 1234 predicto
1483 1139 1691 1213 monasterio
1722 1149 1840 1214 sancte
1874 1142 1977 1214 blane

565 1260 816 1332 Roocamatoris
830 1259 970 1354 donata,
983 1262 1099 1336 oblata
1117 1271 1221 1358 atque
1234 1283 1397 1338 concessa
1412 1273 1448 1337 et
1464 1285 1525 1360 per
1541 1285 1604 1338 nos
1618 1264 1664 1337 ab
1679 1265 1774 1338 omni
1791 1266 1930 1339 servitio
1943 1277 1977 1340 et

567 1385 743 1481 temporali
758 1385 925 1460 servitute
939 1385 1085 1460 totaliter
1102 1397 1262 1485 utsupra
1277 1388 1440 1462 scribitur
1455 1389 1606 1462 seriatim
1621 1399 1656 1464 et
1669 1391 1874 1484 generaliter
1893 1391 1975 1464 libe-

564 1520 638 1583 rata
656 1531 790 1584 necnon
808 1520 843 1584 et
863 1512 948 1584 alias
971 1511 1147 1586 libertates
1163 1522 1198 1586 et
1215 1515 1354 1608 gratias,
1373 1516 1626 1612 acceptationes
1645 1524 1680 1589 et
1701 1515 1975 1591 concessionesa

563 1636 705 1711 domino
720 1636 924 1733 imperatore
937 1636 1097 1730 ilenrico,
1112 1647 1351 1735 patronusne,
1368 1638 1484 1713 eidem
1496 1639 1703 1714 monasterio
1716 1641 1877 1734 elargitus
1890 1641 1973 1714 libe-

562 1762 677 1835 naliter
694 1761 918 1836 concedimus
934 1772 969 1836 et
982 1762 1226 1838 confirmamus
1243 1765 1279 1838 in
1298 1776 1501 1862 perpenum
1520 1789 1582 1863 per
1597 1787 1738 1862 presens
1754 1767 1973 1863 privilegium

564 1885 738 1960 liberrime
752 1885 976 1983 possidenda,
994 1886 1156 1962 habenda
1171 1898 1206 1962 et
1219 1891 1432 1965 usutmenda
1451 1890 1608 1988 pacifice,
1626 1891 1745 1986 quiete
1762 1900 1866 1986 atque
1886 1892 1971 1966 inte·

564 2010 715 2106 graliter,
733 2011 784 2086 sic
798 2011 894 2108 quod
910 2033 973 2109 pro
990 2013 1155 2110 predictis
1171 2015 1334 2089 omnibns
1352 2016 1407 2088 vel
1430 2025 1569 2112 propter
1582 2016 1725 2112 aliquod
1741 2016 1972 2112 predictorum

564 2158 742 2232 nunquam
754 2136 851 2230 dare,
861 2147 1025 2234 prestare,
1037 2140 1170 2214 solvere
1185 2148 1246 2214 ant
1258 2141 1521 2215 accommodare
1531 2141 1608 2215 sive
1621 2143 1723 2215 etiam
1735 2143 1866 2216 servire
1878 2140 1972 2216 curie

564 2269 679 2333 nostre
702 2261 757 2334 vel
778 2260 882 2334 alicui
905 2261 1084 2335 hominnm
1110 2265 1342 2360 temporaliter
1367 2273 1538 2359 tencatur,
1564 2275 1599 2340 et
1618 2265 1713 2362 quod
1735 2265 1861 2340 amodo
1887 2287 1972 2362 que·

563 2404 713 2479 cumque
725 2384 816 2458 bona
830 2406 900 2459 non
916 2385 1067 2460 feudalia
1081 2387 1117 2460 in
1131 2409 1239 2484 regno
1251 2399 1368 2464 nostm
1385 2389 1478 2464 dicto
1490 2391 1695 2464 monasterio
1708 2390 1836 2465 donata
1847 2392 1973 2465 inerint

599 2717 635 2792 (t)
656 2739 670 2770 a
685 2718 715 2774 ln
727 2717 821 2793 primis
832 2719 959 2776 videlicet
972 2720 999 2776 in
1013 2721 1162 2778 tenimento
1173 2721 1297 2780 Messene
1308 2737 1325 2779 a
1336 2727 1413 2796 parte
1425 2720 1576 2780 meridiana
1588 2721 1682 2780 domos
1692 2727 1721 2780 et
1729 2721 1823 2778 vineas
1831 2735 1906 2778 meas
1918 2735 1971 2795 qne

564 2823 656 2874 »sunt
668 2817 769 2873 aucum
781 2817 853 2874 eirca
870 2816 993 2875 eamdem
1006 2818 1145 2877 ecetesiam
1162 2835 1211 2894 per
1229 2835 1275 2878 me
1292 2835 1355 2878 erm
1371 2819 1499 2894 predictis
1512 2819 1639 2878 domibus
1653 2818 1805 2877 lubricatns.
1822 2819 1890 2876 ltern
1902 2824 1931 2876 et
1943 2818 1971 2875 in

563 2935 576 2968 s
592 2921 712 2974 contrata
727 2915 763 2974 de
776 2915 886 2976 Palearii
894 2915 1001 2974 vineam
1012 2933 1101 2975 meam
1112 2917 1191 2976 sitam
1201 2919 1279 2992 juxta
1291 2917 1421 2976 venellam
1433 2923 1462 2978 et
1472 2919 1529 2976 vias
1539 2917 1661 2992 publicas
1670 2923 1698 2975 et
1712 2931 1791 2975 secus
1805 2917 1911 2974 vineam
1922 2931 1972 2973 cc-

563 3031 576 3066 n
591 3013 671 3072 etesia
684 3013 776 3072 Sancti
793 3013 944 3073 Clementia.
957 3015 1025 3072 ltem
1035 3015 1112 3089 juxta
1126 3015 1274 3076 Samariam
1284 3017 1396 3076 Camars
1411 3022 1440 3075 et
1454 3033 1538 3092 prope
1551 3017 1734 3074 molendinum
1745 3015 1860 3074 eeclesia
1873 3015 1970 3074 &aas

562 3132 575 3166 ι
592 3113 676 3172 llario
688 3112 843 3188 llagdalene
858 3112 893 3170 de
903 3112 1031 3188 iosaphat
1043 3113 1149 3172 vineam
1162 3131 1249 3172 meam
1263 3131 1317 3190 que
1329 3114 1426 3172 dicitur
1438 3115 1473 3172 de
1487 3116 1612 3173 Perreno.
1627 3115 1695 3172 ltem
1707 3114 1735 3170 in
1746 3119 1868 3172 contrata
1881 3112 1971 3172 Sancti

562 3211 705 3286 »Philippi
719 3211 793 3286 parri
807 3211 914 3270 vineam
927 3227 1015 3269 meam
1028 3227 1110 3286 quam
1123 3213 1177 3270 emi
1195 3229 1211 3270 a
1232 3212 1375 3271 Gnillelmo
1396 3215 1430 3271 de
1447 3215 1616 3288 ltnymundo.
1637 3214 1705 3271 itam
1724 3213 1800 3286 juxta
1822 3210 1970 3270 lumniam

561 3329 574 3364 n
591 3325 645 3384 que
656 3310 755 3366 dicitur
766 3311 801 3368 de
813 3309 973 3368 Catarractis
989 3315 1075 3368 terras
1087 3325 1163 3368 meas
1173 3310 1259 3369 cnltm
1273 3318 1302 3369 et
1321 3311 1436 3370 incultas
1448 3327 1510 3369 cnm
1524 3311 1649 3370 omnibus
1663 3311 1804 3369 arboribus
1816 3309 1971 3369 domesticis

560 3429 573 3463 r
588 3415 616 3468 et
629 3407 807 3484 sylvestribus
818 3409 886 3466 sitas
895 3409 973 3482 juxta
992 3409 1168 3466 tenimentum
1184 3409 1361 3469 Patarnionis.
1373 3411 1442 3468 ltsm
1453 3411 1522 3468 inira
1533 3411 1621 3468 menia
1634 3410 1756 3468 limane
1771 3409 1799 3466 in
1811 3425 1908 3483 magna
1921 3425 1970 3468 ma

560 3528 573 3561 s
588 3507 711 3581 eiusdem
724 3507 843 3566 civitatis
855 3506 1000 3566 landarum
1017 3522 1108 3565 meum
1125 3509 1209 3566 sitrrm
1222 3507 1300 3581 iuxta
1310 3509 1420 3568 domum
1432 3507 1546 3566 ecclesie
1557 3507 1655 3568 Sancte
1668 3507 1751 3566 llario
1763 3507 1919 3566 lloninlinm
1934 3506 1969 3566 de

558 3626 571 3660 ι
586 3609 711 3666 llassana
723 3607 859 3664 mediante
870 3606 974 3664 vanelta
985 3612 1014 3664 et
1025 3621 1105 3664 secus
1116 3606 1175 3664 rias
1187 3605 1310 3680 publicas
1325 3606 1394 3665 mais
1405 3605 1521 3682 propriis
1532 3607 1657 3682 expensis
1666 3612 1696 3664 et
1712 3605 1844 3664 moinus
1856 3605 1968 3664 menn·

557 3724 570 3758 r
586 3711 654 3763 unm.
668 3705 735 3761 ltem
744 3703 878 3762 stabulum
889 3720 979 3762 meum
991 3719 1054 3762 cum
1066 3719 1116 3762 suo
1128 3709 1211 3778 nubo
1222 3705 1294 3778 quod
1306 3711 1348 3763 est
1360 3711 1422 3764 anta
1434 3705 1523 3779 ipsum
1536 3705 1681 3763 tundnonm
1690 3705 1767 3778 juxta
1777 3704 1888 3763 domum
1899 3705 1969 3779 ltay·

557 3824 570 3858 s
584 3803 677 3862 mundi
692 3809 773 3878 prout
783 3809 825 3861 est
837 3803 971 3860 mediante
985 3819 1062 3862 muro
1076 3803 1211 3862 communi
1233 3811 1261 3861 et
1273 3819 1352 3862 secus
1364 3803 1482 3862 canadas
1495 3803 1627 3879 publicas.
1642 3805 1709 3861 ltam
1721 3803 1748 3859 in
1762 3803 1856 3861 eadem
1872 3817 1970 3877 magna

556 3921 570 3956 n
584 3919 634 3961 rua
651 3903 719 3960 duas
731 3903 827 3960 domos
837 3917 912 3959 meas
926 3917 989 3959 cunr
1001 3902 1119 3960 casalino
1132 3917 1193 3960 meo
1203 3902 1275 3975 quod
1289 3908 1333 3960 eet
1348 3902 1375 3958 in
1388 3901 1477 3960 medio
1490 3901 1610 3977 ipsarum
1625 3901 1776 3973 demonum,
1790 3907 1844 3958 etc.
1856 3901 1925 3958 ltenn
1940 3900 1969 3957 in

556 4018 634 4060 »rua
645 4000 737 4060 sandi
753 3999 850 4058 tuliani
870 3998 1074 4057 butticellariam
1092 4014 1182 4058 meam
1202 3999 1283 4057 sitam
1304 3999 1379 4072 juxta
1402 3997 1513 4057 domum
1532 3998 1666 4057 siccarim
1685 3997 1720 4056 de
1737 3998 1811 4056 Pista
1832 3997 1969 4056 mediante

556 4119 569 4154 n
583 4099 686 4157 venetia
695 4098 840 4168 communi,
850 4097 977 4156 etcltam
990 4097 1017 4153 in
1025 4112 1074 4154 rua
1085 4096 1298 4154 Florentinonnn
1306 4097 1416 4156 domum
1425 4111 1514 4154 meam
1525 4095 1667 4154 soleratam
1676 4102 1778 4169 quaest
1786 4101 1849 4154 ante
1858 4094 1969 4153 domurn

557 4197 690 4255 »Zacchi
706 4195 775 4253 ltem
787 4195 814 4252 in
827 4201 949 4253 connata
960 4195 1073 4253 ecclesie
1086 4194 1178 4254 Sancti
1192 4195 1263 4252 Luce
1282 4195 1377 4253 domos
1394 4211 1470 4252 meas
1493 4193 1528 4252 ad
1549 4194 1669 4252 diversas
1687 4191 1825 4250 abusores
1841 4191 1969 4250 soleratas

556 4309 647 4351 »cum
662 4293 779 4350 casalino
793 4307 853 4350 meo
867 4291 934 4366 ipsis
950 4290 1078 4349 domibus
1090 4291 1225 4365 contigno.
1237 4289 1306 4348 ltem
1322 4289 1351 4348 in
1368 4291 1514 4349 tenimento
1530 4289 1651 4362 eiusdem
1668 4287 1785 4346 civitatis
1803 4287 1926 4345 Nessana
1940 4287 1968 4344 in

556 4410 570 4445 r
583 4397 705 4450 contrata
715 4390 904 4465 cantentionis
915 4389 1039 4448 videlieet
1051 4389 1080 4446 in
1090 4393 1213 4448 contrata
1225 4389 1313 4448 Mass
1326 4393 1411 4448 terras
1423 4403 1498 4448 meas
1510 4385 1684 4446 laboratorias
1693 4390 1722 4443 et
1735 4383 1882 4459 sylvam
1891 4385 1968 4458 iuxta

555 4509 569 4542 s
584 4495 669 4546 terres
681 4489 773 4546 Sancti
791 4487 938 4546 Salvatoris
956 4487 991 4545 de
1002 4485 1165 4544 bordonaro.
1178 4504 1192 4540 r
1206 4485 1337 4560 Privilaq.
1354 4484 1555 4544 Bartbolonmei
1569 4485 1690 4551 conctis,
1703 4481 1761 4540 dat.
1775 4497 1840 4540 ann.
1857 4482 1968 4552 ⁴⁴9³&

552 4584 695 4660 septemb,
707 4583 787 4654 ibid.¹
798 4601 827 4658 p.
839 4587 919 4643 4280.
933 4583 1019 4641 Adest
1031 4582 1143 4641 alterum
1155 4583 1276 4657 ejusdem
1288 4599 1319 4658 p.
1333 4587 1412 4655 ⁴282,
1424 4583 1480 4640 dat.
1496 4598 1559 4640 ann.
1574 4583 1654 4654 tter,
1669 4581 1684 4638 l
1697 4577 1814 4652 octobr..
1824 4595 1879 4653 quio
1887 4593 1967 4652 prae·

553 4682 713 4741 codendbns
725 4681 801 4740 addit
812 4681 969 4741 donationes
981 4681 1009 4738 in
1023 4681 1176 4742 admontis
1187 4681 1296 4756 llilatii,
1306 4681 1460 4755 ltontortis,
1473 4679 1656 4754 tauromenii,
1673 4677 1859 4749 Paternionis,
1871 4676 1967 4737 ltinnd

553 4787 581 4839 et
591 4781 663 4856 apud
674 4779 837 4838 Calabriam.

2157 351 2159 440 l
