4298 5898
348 4549 468 4600 counire,

348 4603 375 4646 1⁹
382 4603 464 4647 martti.

511 555 573 618 420
1014 555 1228 618 uulnnulcl
1253 553 1425 616 SECUNDl
1737 552 1818 631 [Ans.
1838 552 1926 614 lm

514 692 672 765 rentinns
691 690 959 788 archiepiscopi,
979 691 1145 766 Girsrdus
1164 690 1384 765 Tridentinus
1404 697 1439 764 el
1455 689 1625 764 Corrudus
1645 689 1835 762 Triestinns
1848 691 1931 784 epi-

514 816 625 913 scopi,
642 815 815 890 lohannes
828 817 937 891 abbas
953 817 1152 911 Cnsemarii,
1169 817 1371 891 Guillelmos
1386 814 1541 890 marchio
1559 814 1813 905 lllontisierruti,
1832 815 1929 908 Ray-

514 937 641 1012 noldus
657 939 734 1012 dux
749 941 892 1035 Spoleti,
910 940 1079 1015 Ricardus
1099 941 1287 1038 imperialis
1301 943 1382 1014 aule
1396 939 1617 1032 cumerurios,
1632 959 1748 1012 cernes
1760 937 1930 1012 ilenricns

514 1072 549 1136 et
565 1064 790 1159 quamplures
804 1065 877 1137 ulii.

562 1189 706 1282 Signum
730 1188 863 1262 domini
880 1189 1044 1264 Fridcrici
1064 1191 1209 1265 secundi
1234 1191 1295 1264 Dei
1318 1191 1429 1286 grstia
1455 1189 1672 1263 invictissimi
1698 1189 1928 1263 Romanorum

514 1312 743 1408 imperatoris,
764 1335 901 1410 semper
915 1316 1054 1409 augusti
1073 1323 1108 1389 el
1126 1316 1217 1410 regis
1234 1316 1362 1389 Sicilie.

564 1436 650 1512 Actu
679 1449 761 1510 sunt
789 1438 854 1513 hcc
882 1462 975 1514 anno
1006 1440 1182 1515 dominico
1212 1442 1458 1515 incarnationis
1488 1441 1670 1514 millesimo
1694 1438 1933 1514 ducentesimo

515 1560 681 1635 vicesimo
698 1573 834 1656 quarto,
853 1585 971 1637 mense
990 1565 1124 1655 marcii,
1141 1565 1350 1639 duodecimo
1364 1565 1565 1656 indictione,
1587 1566 1777 1660 imperante
1791 1563 1933 1636 domino

517 1695 632 1758 nostro
652 1686 835 1760 Frederioc
851 1689 913 1761 Dei
928 1689 1036 1782 gratis
1055 1689 1283 1763 invictissimo
1303 1690 1534 1763 Romanorum
1550 1690 1774 1786 imperatore,
1797 1709 1932 1782 semper

516 1819 718 1902 augustusc
739 1833 821 1907 rege
843 1812 976 1902 Sicilie,
996 1835 1089 1886 anno
1114 1813 1249 1908 imperii
1272 1815 1348 1906 ejus
1363 1823 1506 1908 quarto,
1526 1813 1626 1908 regni
1645 1833 1729 1886 vero
1745 1811 1858 1884 Sicilie
1875 1811 1929 1882 vi-

517 1934 645 2007 cesimo
662 1945 782 2023 sexto,
800 1935 953 2008 feliciter.
975 1935 1099 2010 Amen.

566 2060 653 2132 Dete
669 2058 846 2152 Cothonis,
864 2083 973 2152 enno,
990 2079 1110 2135 mense
1125 2070 1162 2136 et
1179 2061 1371 2136 indictione
1387 2061 1595 2158 prescriptis.

778 2350 800 2360 ι-
811 2349 991 2361 -..α-...κ

573 2599 805 2705 Fridcrious,
825 2599 1086 2682 Romanorum
1113 2597 1334 2707 imperator,
1355 2608 1512 2681 renovet
1529 2605 1567 2678 et
1583 2595 1782 2678 confirmat
1807 2595 1928 2705 priri-

517 2731 661 2843 lcgium
685 2732 923 2840 imperatoris
942 2730 1093 2814 Henrici
1111 2731 1230 2840 patris
1249 2731 1328 2836 sui,
1345 2731 1478 2814 dutum
1502 2731 1605 2839 apud
1622 2729 1794 2839 Burgum
1808 2729 1930 2810 Sancti

517 2863 698 2948 Domnini
708 2865 761 2948 26
775 2865 866 2947 maii
880 2865 997 2968 1195,
1010 2889 1089 2974 quo
1101 2865 1279 2974 episcopo
1293 2863 1495 2948 Mutinensi
1508 2875 1546 2945 et
1560 2861 1931 2972 successoribusejus

518 2998 703 3080 concessit
733 3009 775 3080 ut
805 3025 942 3081 causus
968 2997 1147 3081 ecclesiae
1174 3024 1284 3104 suec,
1315 2997 1422 3081 nullo
1455 3007 1693 3080 sacramento
1723 2996 1932 3080 calumniae

519 3131 718 3239 praestito,
740 3157 921 3242 peregere
943 3133 1103 3241 possint.

603 3347 768 3423 (Memorat.
782 3365 830 3427 up.
843 3349 1048 3429 Tmooscnr,
1060 3347 1180 3410 Memor.
1196 3344 1326 3423 dlodsu,
1343 3353 1367 3409 t.
1378 3347 1432 3420 lv,
1443 3347 1585 3426 uppcnd.,
1595 3363 1627 3425 p.
1641 3353 1691 3418 ts,
1707 3361 1746 3407 ex
1758 3345 1888 3425 originali
1903 3347 1933 3404 in

640 3455 723 3518 arch.
740 3457 831 3534 cupit.
843 3455 1028 3519 Mutinensls
1043 3455 1138 3535 Supra
1157 3461 1256 3520 cutem
1276 3455 1464 3535 priuilegium
1481 3456 1602 3516 llcnrlcl
1618 3455 1768 3533 integunn
1787 3451 1931 3520 abthuit,

641 3559 766 3641 didm.
785 3571 834 3639 rs,
847 3572 881 3624 n·
898 3560 981 3642 err.)

573 3746 680 3844 [Acta
709 3757 790 3822 sunt
817 3749 881 3822 hee
904 3770 997 3822 anno
1025 3748 1199 3823 dominice
1225 3743 1469 3822 incarnationis
1496 3747 1679 3822 millesimo
1704 3745 1933 3821 ducentesimo

524 3874 690 3947 vicesimo
704 3882 841 3968 quarto,
857 3895 977 3948 mense
989 3875 1124 3964 marcii,
1145 3873 1352 3948 duodecimo
1367 3873 1568 3965 indictione,
1585 3877 1670 3963 eto]

573 4000 697 4073 Dolum
714 3997 877 4072 Cuthanie
882 4053 1296 4073 ...........

746 4277 871 4287 ..ι-...ομ-

579 4517 1934 4637 Fridericus,llomonorurnimperator,Mugdcburgensierchiepiseopu

523 4663 652 4746 comiti
673 4662 881 4746 Romaniae
898 4673 935 4744 ct
965 4659 1216 4745 Lombordioe
1233 4659 1379 4770 legato,
1400 4658 1558 4742 mandet
1573 4663 1617 4740 ut
1631 4679 1722 4740 cum
1742 4652 1935 4762 episcopus
