<?xml version="1.0" encoding="UTF-8"?>
<!DOCTYPE html PUBLIC "-//W3C//DTD XHTML 1.0 Transitional//EN"
    "http://www.w3.org/TR/xhtml1/DTD/xhtml1-transitional.dtd">
<html xmlns="http://www.w3.org/1999/xhtml" xml:lang="en" lang="en">
 <head>
  <title>
</title>
<meta http-equiv="Content-Type" content="text/html;charset=utf-8" />
  <meta name='ocr-system' content='tesseract 3.04.00' />
  <meta name='ocr-capabilities' content='ocr_page ocr_carea ocr_par ocr_line ocrx_word'/>
</head>
<body>
  <div class='ocr_page' id='page_1' title='image "./historiadiploma08fredgoog_0120.png"; bbox 0 0 4368 5876; ppageno 0'>
   <div class='ocr_carea' id='block_1_1' title="bbox 307 1189 466 1350">
    <p class='ocr_par' dir='ltr' id='par_1_1' title="bbox 307 1189 466 1350">
     <span class='ocr_line' id='line_1_1' title="bbox 339 1189 430 1243; baseline 0 -9"><span class='ocrx_word' id='word_1_1' title='bbox 339 1189 430 1243; x_wconf 70' lang='lat' dir='ltr'><strong>Curuus</strong></span> 
     </span>
     <span class='ocr_line' id='line_1_2' title="bbox 307 1244 466 1298; baseline -0.013 -11"><span class='ocrx_word' id='word_1_2' title='bbox 307 1249 358 1298; x_wconf 82' lang='lat' dir='ltr'><strong>port</strong></span> <span class='ocrx_word' id='word_1_3' title='bbox 369 1244 466 1294; x_wconf 76' lang='lat' dir='ltr'><strong>cadum,</strong></span> 
     </span>
     <span class='ocr_line' id='line_1_3' title="bbox 332 1297 442 1350; baseline 0.009 -9"><span class='ocrx_word' id='word_1_4' title='bbox 332 1297 442 1350; x_wconf 70' lang='lat' dir='ltr'><strong>lunario-</strong></span> 
     </span>
    </p>
   </div>
   <div class='ocr_carea' id='block_1_2' title="bbox 1002 585 1908 676">
    <p class='ocr_par' dir='ltr' id='par_1_2' title="bbox 1002 585 1908 676">
     <span class='ocr_line' id='line_1_4' title="bbox 1002 585 1908 676; baseline 0.001 -30"><span class='ocrx_word' id='word_1_5' title='bbox 1002 585 1215 650; x_wconf 77' lang='lat' dir='ltr'><strong>salutaret</strong></span> <span class='ocrx_word' id='word_1_6' title='bbox 1241 588 1413 652; x_wconf 74' lang='lat' dir='ltr'><strong>sacuam</strong></span> <span class='ocrx_word' id='word_1_7' title='bbox 1722 589 1801 676; x_wconf 77' lang='lat' dir='ltr'><strong>[Ars.</strong></span> <span class='ocrx_word' id='word_1_8' title='bbox 1822 585 1908 650; x_wconf 77' lang='lat'><strong>1221.</strong></span> 
     </span>
    </p>
   </div>
   <div class='ocr_carea' id='block_1_3' title="bbox 501 1172 1916 1690">
    <p class='ocr_par' dir='ltr' id='par_1_3' title="bbox 501 1172 1916 1690">
     <span class='ocr_line' id='line_1_5' title="bbox 554 1172 1916 1290; baseline -0.004 -29"><span class='ocrx_word' id='word_1_9' title='bbox 554 1177 786 1284; x_wconf 80' lang='lat' dir='ltr'><strong>fridericus,</strong></span> <span class='ocrx_word' id='word_1_10' title='bbox 810 1178 1072 1262; x_wconf 88' lang='lat' dir='ltr'><strong>Romanorum</strong></span> <span class='ocrx_word' id='word_1_11' title='bbox 1099 1178 1319 1290; x_wconf 84' lang='lat' dir='ltr'><strong>imperator,</strong></span> <span class='ocrx_word' id='word_1_12' title='bbox 1343 1177 1542 1264; x_wconf 89' lang='lat' dir='ltr'><strong>confirmat</strong></span> <span class='ocrx_word' id='word_1_13' title='bbox 1567 1189 1606 1262; x_wconf 90' lang='lat' dir='ltr'><strong>et</strong></span> <span class='ocrx_word' id='word_1_14' title='bbox 1628 1185 1785 1262; x_wconf 80' lang='lat' dir='ltr'><strong>renovat</strong></span> <span class='ocrx_word' id='word_1_15' title='bbox 1807 1172 1916 1284; x_wconf 87' lang='lat' dir='ltr'><strong>jura-</strong></span> 
     </span>
     <span class='ocr_line' id='line_1_6' title="bbox 501 1309 1916 1424; baseline -0.004 -30"><span class='ocrx_word' id='word_1_16' title='bbox 501 1322 674 1397; x_wconf 84' lang='lat' dir='ltr'><strong>mentum</strong></span> <span class='ocrx_word' id='word_1_17' title='bbox 704 1314 810 1424; x_wconf 86' lang='lat' dir='ltr'><strong>quod</strong></span> <span class='ocrx_word' id='word_1_18' title='bbox 840 1313 880 1395; x_wconf 95' lang='lat' dir='ltr'><strong>in</strong></span> <span class='ocrx_word' id='word_1_19' title='bbox 917 1338 1019 1396; x_wconf 91' lang='lat' dir='ltr'><strong>anno</strong></span> <span class='ocrx_word' id='word_1_20' title='bbox 1051 1313 1312 1396; x_wconf 71' lang='lat' dir='ltr'><strong>talemense</strong></span> <span class='ocrx_word' id='word_1_21' title='bbox 1338 1311 1560 1422; x_wconf 77' lang='lat' dir='ltr'><strong>septembris</strong></span> <span class='ocrx_word' id='word_1_22' title='bbox 1592 1312 1695 1421; x_wconf 90' lang='lat' dir='ltr'><strong>apud</strong></span> <span class='ocrx_word' id='word_1_23' title='bbox 1721 1309 1916 1420; x_wconf 82' lang='lat' dir='ltr'><strong>Hagenow</strong></span> 
     </span>
     <span class='ocr_line' id='line_1_7' title="bbox 501 1439 1916 1557; baseline -0.006 -29"><span class='ocrx_word' id='word_1_24' title='bbox 501 1445 668 1530; x_wconf 85' lang='lat' dir='ltr'>Honorio</span> <span class='ocrx_word' id='word_1_25' title='bbox 685 1472 806 1557; x_wconf 91' lang='lat' dir='ltr'><strong>papae</strong></span> <span class='ocrx_word' id='word_1_26' title='bbox 821 1447 1007 1556; x_wconf 91' lang='lat' dir='ltr'><strong>praestitit</strong></span> <span class='ocrx_word' id='word_1_27' title='bbox 1028 1446 1077 1528; x_wconf 89' lang='lat' dir='ltr'><strong>de</strong></span> <span class='ocrx_word' id='word_1_28' title='bbox 1092 1446 1321 1554; x_wconf 90' lang='lat' dir='ltr'><strong>patrimonio</strong></span> <span class='ocrx_word' id='word_1_29' title='bbox 1339 1445 1439 1528; x_wconf 91' lang='lat' dir='ltr'><strong>beati</strong></span> <span class='ocrx_word' id='word_1_30' title='bbox 1456 1445 1579 1552; x_wconf 82' lang='lat' dir='ltr'><strong>Petri,</strong></span> <span class='ocrx_word' id='word_1_31' title='bbox 1599 1454 1701 1529; x_wconf 90' lang='lat' dir='ltr'><strong>terra</strong></span> <span class='ocrx_word' id='word_1_32' title='bbox 1721 1439 1916 1527; x_wconf 89' lang='lat' dir='ltr'><strong>Mathildis</strong></span> 
     </span>
     <span class='ocr_line' id='line_1_8' title="bbox 502 1575 1795 1690; baseline -0.005 -29"><span class='ocrx_word' id='word_1_33' title='bbox 502 1581 735 1690; x_wconf 88' lang='lat' dir='ltr'><strong>caeterisque</strong></span> <span class='ocrx_word' id='word_1_34' title='bbox 751 1579 1055 1690; x_wconf 83' lang='lat' dir='ltr'>possessionibus</span> <span class='ocrx_word' id='word_1_35' title='bbox 1073 1579 1262 1662; x_wconf 79' lang='lat' dir='ltr'><strong>Ecclesiae</strong></span> <span class='ocrx_word' id='word_1_36' title='bbox 1279 1578 1472 1662; x_wconf 86' lang='lat' dir='ltr'><strong>Romanae</strong></span> <span class='ocrx_word' id='word_1_37' title='bbox 1489 1575 1795 1661; x_wconf 81' lang='lat' dir='ltr'><strong>manutenendis.</strong></span> 
     </span>
    </p>
   </div>
   <div class='ocr_carea' id='block_1_4' title="bbox 584 1815 1918 2226">
    <p class='ocr_par' dir='ltr' id='par_1_4' title="bbox 584 1815 1918 2226">
     <span class='ocr_line' id='line_1_9' title="bbox 584 1815 1916 1906; baseline -0.006 -20"><span class='ocrx_word' id='word_1_38' title='bbox 584 1825 711 1906; x_wconf 82' lang='lat' dir='ltr'><strong>(Edfder.</strong></span> <span class='ocrx_word' id='word_1_39' title='bbox 723 1825 944 1898; x_wconf 80' lang='lat' dir='ltr'><strong>Wunnrwsrs,</strong></span> <span class='ocrx_word' id='word_1_40' title='bbox 957 1819 1074 1884; x_wconf 83' lang='lat' dir='ltr'><strong>Sutrid.</strong></span> <span class='ocrx_word' id='word_1_41' title='bbox 1085 1839 1163 1895; x_wconf 72' lang='lat' dir='ltr'><strong>nor„</strong></span> <span class='ocrx_word' id='word_1_42' title='bbox 1183 1829 1256 1884; x_wconf 88' lang='lat' dir='ltr'><strong>tom.</strong></span> <span class='ocrx_word' id='word_1_43' title='bbox 1266 1823 1322 1898; x_wconf 83' lang='lat' dir='ltr'><strong>xl,</strong></span> <span class='ocrx_word' id='word_1_44' title='bbox 1334 1839 1365 1900; x_wconf 91' lang='lat' dir='ltr'><strong>p.</strong></span> <span class='ocrx_word' id='word_1_45' title='bbox 1377 1832 1448 1883; x_wconf 82' lang='grc'><strong>4.-</strong></span> <span class='ocrx_word' id='word_1_46' title='bbox 1455 1823 1565 1891; x_wconf 69' lang='lat' dir='ltr'><strong>Panna,</strong></span> <span class='ocrx_word' id='word_1_47' title='bbox 1579 1820 1709 1882; x_wconf 72' lang='lat' dir='ltr'><strong>flam</strong></span> <span class='ocrx_word' id='word_1_48' title='bbox 1720 1815 1916 1893; x_wconf 56' lang='lat' dir='ltr'><strong>Gar-indita,</strong></span> 
     </span>
     <span class='ocr_line' id='line_1_10' title="bbox 620 1921 1918 2010; baseline -0.008 -17"><span class='ocrx_word' id='word_1_49' title='bbox 620 1940 644 1994; x_wconf 87' lang='lat' dir='ltr'><strong>t.</strong></span> <span class='ocrx_word' id='word_1_50' title='bbox 660 1931 715 2006; x_wconf 89' lang='lat' dir='ltr'><strong>IV,</strong></span> <span class='ocrx_word' id='word_1_51' title='bbox 730 1949 762 2010; x_wconf 88' lang='lat' dir='ltr'><strong>p.</strong></span> <span class='ocrx_word' id='word_1_52' title='bbox 779 1940 850 2006; x_wconf 75' lang='lat'><strong>245,</strong></span> <span class='ocrx_word' id='word_1_53' title='bbox 864 1947 904 1992; x_wconf 77' lang='lat' dir='ltr'><strong>en</strong></span> <span class='ocrx_word' id='word_1_54' title='bbox 920 1929 1019 1992; x_wconf 85' lang='lat' dir='ltr'><strong>Genctl</strong></span> <span class='ocrx_word' id='word_1_55' title='bbox 1031 1929 1100 1990; x_wconf 83' lang='lat' dir='ltr'><strong>libr.</strong></span> <span class='ocrx_word' id='word_1_56' title='bbox 1116 1945 1197 1992; x_wconf 80' lang='lat' dir='ltr'><strong>oens.</strong></span> <span class='ocrx_word' id='word_1_57' title='bbox 1212 1929 1280 1991; x_wconf 87' lang='lat' dir='ltr'><strong>eod.</strong></span> <span class='ocrx_word' id='word_1_58' title='bbox 1295 1930 1327 1992; x_wconf 88' lang='lat' dir='ltr'><strong>S.</strong></span> <span class='ocrx_word' id='word_1_59' title='bbox 1346 1929 1471 2008; x_wconf 77' lang='lat' dir='ltr'><strong>Auget,</strong></span> <span class='ocrx_word' id='word_1_60' title='bbox 1486 1929 1540 1990; x_wconf 92' lang='lat' dir='ltr'><strong>fol.</strong></span> <span class='ocrx_word' id='word_1_61' title='bbox 1557 1937 1626 1991; x_wconf 79' lang='lat'><strong>162.</strong></span> <span class='ocrx_word' id='word_1_62' title='bbox 1641 1927 1735 1990; x_wconf 78' lang='lat' dir='ltr'><strong>Adest</strong></span> <span class='ocrx_word' id='word_1_63' title='bbox 1746 1926 1837 2003; x_wconf 75' lang='lat' dir='ltr'><strong>butus</strong></span> <span class='ocrx_word' id='word_1_64' title='bbox 1850 1921 1918 1983; x_wconf 87' lang='lat' dir='ltr'><strong>llbrl</strong></span> 
     </span>
     <span class='ocr_line' id='line_1_11' title="bbox 619 2029 1915 2118; baseline -0.009 -15"><span class='ocrx_word' id='word_1_65' title='bbox 619 2057 763 2103; x_wconf 84' lang='lat' dir='ltr'><strong>censuum</strong></span> <span class='ocrx_word' id='word_1_66' title='bbox 785 2054 880 2100; x_wconf 89' lang='lat' dir='ltr'><strong>unum</strong></span> <span class='ocrx_word' id='word_1_67' title='bbox 897 2039 997 2116; x_wconf 84' lang='lat' dir='ltr'><strong>magni</strong></span> <span class='ocrx_word' id='word_1_68' title='bbox 1016 2040 1102 2116; x_wconf 86' lang='lat' dir='ltr'><strong>pretll</strong></span> <span class='ocrx_word' id='word_1_69' title='bbox 1120 2038 1270 2116; x_wconf 83' lang='lat' dir='ltr'><strong>exemplar</strong></span> <span class='ocrx_word' id='word_1_70' title='bbox 1293 2041 1325 2100; x_wconf 88' lang='lat' dir='ltr'><strong>ln</strong></span> <span class='ocrx_word' id='word_1_71' title='bbox 1347 2039 1485 2100; x_wconf 87' lang='lat' dir='ltr'><strong>Blblloth.</strong></span> <span class='ocrx_word' id='word_1_72' title='bbox 1506 2038 1615 2117; x_wconf 77' lang='lat' dir='ltr'><strong>Par-fs,</strong></span> <span class='ocrx_word' id='word_1_73' title='bbox 1629 2036 1702 2098; x_wconf 79' lang='lat' dir='ltr'><strong>Aac.</strong></span> <span class='ocrx_word' id='word_1_74' title='bbox 1716 2031 1809 2118; x_wconf 75' lang='lat' dir='ltr'><strong>fonds</strong></span> <span class='ocrx_word' id='word_1_75' title='bbox 1825 2029 1915 2103; x_wconf 74' lang='lat' dir='ltr'><strong>bria,</strong></span> 
     </span>
     <span class='ocr_line' id='line_1_12' title="bbox 620 2145 771 2226; baseline -0.007 -17"><span class='ocrx_word' id='word_1_76' title='bbox 620 2158 654 2209; x_wconf 80' lang='lat' dir='ltr'><strong>n⁰</strong></span> <span class='ocrx_word' id='word_1_77' title='bbox 668 2145 771 2226; x_wconf 77' lang='lat' dir='ltr'><strong>oras.)</strong></span> 
     </span>
    </p>
   </div>
   <div class='ocr_carea' id='block_1_5' title="bbox 501 2356 1931 4812">
    <p class='ocr_par' dir='ltr' id='par_1_5' title="bbox 501 2356 1921 3076">
     <span class='ocr_line' id='line_1_13' title="bbox 550 2356 1918 2451; baseline -0.007 -17"><span class='ocrx_word' id='word_1_78' title='bbox 550 2361 745 2436; x_wconf 79' lang='lat' dir='ltr'><strong>fridericus</strong></span> <span class='ocrx_word' id='word_1_79' title='bbox 760 2359 881 2435; x_wconf 86' lang='lat' dir='ltr'><strong>divina</strong></span> <span class='ocrx_word' id='word_1_80' title='bbox 897 2359 1035 2430; x_wconf 89' lang='lat' dir='ltr'><strong>favente</strong></span> <span class='ocrx_word' id='word_1_81' title='bbox 1048 2356 1227 2430; x_wconf 86' lang='lat' dir='ltr'><strong>clementia</strong></span> <span class='ocrx_word' id='word_1_82' title='bbox 1240 2358 1470 2430; x_wconf 85' lang='lat' dir='ltr'><strong>Romanorum</strong></span> <span class='ocrx_word' id='word_1_83' title='bbox 1485 2356 1681 2451; x_wconf 88' lang='lat' dir='ltr'><strong>imperator,</strong></span> <span class='ocrx_word' id='word_1_84' title='bbox 1698 2373 1837 2450; x_wconf 82' lang='lat' dir='ltr'><strong>semper</strong></span> <span class='ocrx_word' id='word_1_85' title='bbox 1850 2373 1918 2425; x_wconf 92' lang='lat' dir='ltr'><strong>au-</strong></span> 
     </span>
     <span class='ocr_line' id='line_1_14' title="bbox 502 2476 1918 2582; baseline -0.009 -22"><span class='ocrx_word' id='word_1_86' title='bbox 502 2497 625 2582; x_wconf 83' lang='lat' dir='ltr'><strong>gustus</strong></span> <span class='ocrx_word' id='word_1_87' title='bbox 640 2495 676 2559; x_wconf 89' lang='lat' dir='ltr'><strong>et</strong></span> <span class='ocrx_word' id='word_1_88' title='bbox 691 2506 754 2557; x_wconf 81' lang='lat' dir='ltr'><strong>rex</strong></span> <span class='ocrx_word' id='word_1_89' title='bbox 768 2483 894 2557; x_wconf 81' lang='lat' dir='ltr'><strong>Sicilie.</strong></span> <span class='ocrx_word' id='word_1_90' title='bbox 909 2483 973 2554; x_wconf 91' lang='lat' dir='ltr'><strong>Per</strong></span> <span class='ocrx_word' id='word_1_91' title='bbox 988 2503 1128 2578; x_wconf 84' lang='lat' dir='ltr'><strong>presens</strong></span> <span class='ocrx_word' id='word_1_92' title='bbox 1146 2481 1309 2577; x_wconf 89' lang='lat' dir='ltr'><strong>scriptum</strong></span> <span class='ocrx_word' id='word_1_93' title='bbox 1325 2491 1442 2554; x_wconf 88' lang='lat' dir='ltr'><strong>notum</strong></span> <span class='ocrx_word' id='word_1_94' title='bbox 1457 2479 1604 2552; x_wconf 86' lang='lat' dir='ltr'><strong>facimus</strong></span> <span class='ocrx_word' id='word_1_95' title='bbox 1616 2489 1685 2553; x_wconf 86' lang='lat' dir='ltr'><strong>tam</strong></span> <span class='ocrx_word' id='word_1_96' title='bbox 1699 2476 1918 2575; x_wconf 79' lang='lat' dir='ltr'><strong>presentibus</strong></span> 
     </span>
     <span class='ocr_line' id='line_1_15' title="bbox 501 2605 1919 2707; baseline -0.007 -24"><span class='ocrx_word' id='word_1_97' title='bbox 501 2633 607 2707; x_wconf 89' lang='lat' dir='ltr'><strong>quam</strong></span> <span class='ocrx_word' id='word_1_98' title='bbox 631 2609 755 2682; x_wconf 91' lang='lat' dir='ltr'><strong>futuris</strong></span> <span class='ocrx_word' id='word_1_99' title='bbox 775 2607 871 2702; x_wconf 91' lang='lat' dir='ltr'><strong>quod</strong></span> <span class='ocrx_word' id='word_1_100' title='bbox 890 2608 991 2679; x_wconf 91' lang='lat' dir='ltr'><strong>nobis</strong></span> <span class='ocrx_word' id='word_1_101' title='bbox 1014 2605 1241 2678; x_wconf 80' lang='lat' dir='ltr'><strong>existentibus</strong></span> <span class='ocrx_word' id='word_1_102' title='bbox 1265 2625 1355 2677; x_wconf 92' lang='lat' dir='ltr'><strong>anno</strong></span> <span class='ocrx_word' id='word_1_103' title='bbox 1380 2605 1540 2700; x_wconf 89' lang='lat' dir='ltr'><strong>preterito</strong></span> <span class='ocrx_word' id='word_1_104' title='bbox 1563 2605 1600 2676; x_wconf 93' lang='lat' dir='ltr'><strong>in</strong></span> <span class='ocrx_word' id='word_1_105' title='bbox 1624 2625 1743 2676; x_wconf 90' lang='lat' dir='ltr'><strong>mense</strong></span> <span class='ocrx_word' id='word_1_106' title='bbox 1769 2613 1919 2697; x_wconf 87' lang='lat' dir='ltr'><strong>septem·</strong></span> 
     </span>
     <span class='ocr_line' id='line_1_16' title="bbox 503 2726 1919 2826; baseline -0.009 -18"><span class='ocrx_word' id='word_1_107' title='bbox 503 2737 592 2826; x_wconf 87' lang='lat' dir='ltr'><strong>bris,</strong></span> <span class='ocrx_word' id='word_1_108' title='bbox 614 2733 801 2806; x_wconf 89' lang='lat' dir='ltr'><strong>indictione</strong></span> <span class='ocrx_word' id='word_1_109' title='bbox 821 2742 961 2823; x_wconf 87' lang='lat' dir='ltr'><strong>octava,</strong></span> <span class='ocrx_word' id='word_1_110' title='bbox 981 2730 1076 2826; x_wconf 91' lang='lat' dir='ltr'><strong>apud</strong></span> <span class='ocrx_word' id='word_1_111' title='bbox 1097 2730 1275 2824; x_wconf 81' lang='lat' dir='ltr'><strong>Agenowe</strong></span> <span class='ocrx_word' id='word_1_112' title='bbox 1298 2728 1371 2801; x_wconf 88' lang='lat' dir='ltr'><strong>fieri</strong></span> <span class='ocrx_word' id='word_1_113' title='bbox 1389 2729 1534 2802; x_wconf 81' lang='lat' dir='ltr'><strong>fecimus</strong></span> <span class='ocrx_word' id='word_1_114' title='bbox 1551 2726 1731 2823; x_wconf 81' lang='lat' dir='ltr'><strong>quoddam</strong></span> <span class='ocrx_word' id='word_1_115' title='bbox 1754 2726 1919 2821; x_wconf 88' lang='lat' dir='ltr'><strong>scriptum</strong></span> 
     </span>
     <span class='ocr_line' id='line_1_17' title="bbox 504 2851 1921 2948; baseline -0.009 -15"><span class='ocrx_word' id='word_1_116' title='bbox 504 2863 549 2933; x_wconf 89' lang='lat' dir='ltr'><strong>ad</strong></span> <span class='ocrx_word' id='word_1_117' title='bbox 574 2857 775 2931; x_wconf 88' lang='lat' dir='ltr'><strong>mandatum</strong></span> <span class='ocrx_word' id='word_1_118' title='bbox 794 2855 964 2928; x_wconf 85' lang='lat' dir='ltr'><strong>karissimi</strong></span> <span class='ocrx_word' id='word_1_119' title='bbox 986 2856 1021 2926; x_wconf 92' lang='lat' dir='ltr'><strong>in</strong></span> <span class='ocrx_word' id='word_1_120' title='bbox 1040 2853 1172 2926; x_wconf 82' lang='lat' dir='ltr'><strong>Christo</strong></span> <span class='ocrx_word' id='word_1_121' title='bbox 1189 2853 1295 2948; x_wconf 89' lang='lat' dir='ltr'><strong>patris</strong></span> <span class='ocrx_word' id='word_1_122' title='bbox 1313 2851 1444 2926; x_wconf 90' lang='lat' dir='ltr'><strong>domini</strong></span> <span class='ocrx_word' id='word_1_123' title='bbox 1464 2851 1605 2926; x_wconf 91' lang='lat' dir='ltr'><strong>llonorii</strong></span> <span class='ocrx_word' id='word_1_124' title='bbox 1629 2853 1755 2933; x_wconf 82' lang='lat' dir='ltr'><strong>Sancte</strong></span> <span class='ocrx_word' id='word_1_125' title='bbox 1769 2851 1921 2922; x_wconf 86' lang='lat' dir='ltr'><strong>Romans</strong></span> 
     </span>
     <span class='ocr_line' id='line_1_18' title="bbox 505 2977 1718 3076; baseline -0.009 -19"><span class='ocrx_word' id='word_1_126' title='bbox 505 2984 657 3057; x_wconf 75' lang='lat' dir='ltr'><strong>Ecclesie</strong></span> <span class='ocrx_word' id='word_1_127' title='bbox 672 2980 798 3054; x_wconf 91' lang='lat' dir='ltr'><strong>summi</strong></span> <span class='ocrx_word' id='word_1_128' title='bbox 814 2977 986 3076; x_wconf 89' lang='lat' dir='ltr'><strong>pontificis</strong></span> <span class='ocrx_word' id='word_1_129' title='bbox 1002 2987 1037 3051; x_wconf 89' lang='lat' dir='ltr'><strong>et</strong></span> <span class='ocrx_word' id='word_1_130' title='bbox 1054 2979 1259 3051; x_wconf 88' lang='lat' dir='ltr'><strong>nunciorum</strong></span> <span class='ocrx_word' id='word_1_131' title='bbox 1273 2977 1365 3069; x_wconf 89' lang='lat' dir='ltr'><strong>ejus,</strong></span> <span class='ocrx_word' id='word_1_132' title='bbox 1386 2977 1481 3072; x_wconf 92' lang='lat' dir='ltr'><strong>quod</strong></span> <span class='ocrx_word' id='word_1_133' title='bbox 1499 2977 1718 3049; x_wconf 87' lang='lat' dir='ltr'><strong>continebat:</strong></span> 
     </span>
    </p>

    <p class='ocr_par' dir='ltr' id='par_1_6' title="bbox 506 3099 1924 3694">
     <span class='ocr_line' id='line_1_19' title="bbox 554 3099 1921 3196; baseline -0.009 -15"><span class='ocrx_word' id='word_1_134' title='bbox 554 3111 592 3181; x_wconf 93' lang='lat' dir='ltr'><strong>ln</strong></span> <span class='ocrx_word' id='word_1_135' title='bbox 619 3107 757 3180; x_wconf 92' lang='lat' dir='ltr'><strong>nomine</strong></span> <span class='ocrx_word' id='word_1_136' title='bbox 779 3099 897 3178; x_wconf 86' lang='lat' dir='ltr'><strong>sancte</strong></span> <span class='ocrx_word' id='word_1_137' title='bbox 918 3113 952 3176; x_wconf 93' lang='lat' dir='ltr'><strong>et</strong></span> <span class='ocrx_word' id='word_1_138' title='bbox 976 3103 1158 3176; x_wconf 89' lang='lat' dir='ltr'><strong>individue</strong></span> <span class='ocrx_word' id='word_1_139' title='bbox 1183 3101 1376 3196; x_wconf 85' lang='lat' dir='ltr'><strong>Trinitatis,</strong></span> <span class='ocrx_word' id='word_1_140' title='bbox 1400 3123 1514 3174; x_wconf 90' lang='lat' dir='ltr'><strong>amen.</strong></span> <span class='ocrx_word' id='word_1_141' title='bbox 1543 3101 1618 3194; x_wconf 82' lang='lat' dir='ltr'><strong>Ego</strong></span> <span class='ocrx_word' id='word_1_142' title='bbox 1639 3099 1837 3172; x_wconf 80' lang='lat' dir='ltr'><strong>fridericus</strong></span> <span class='ocrx_word' id='word_1_143' title='bbox 1860 3120 1921 3170; x_wconf 90' lang='lat' dir='ltr'><strong>se-</strong></span> 
     </span>
     <span class='ocr_line' id='line_1_20' title="bbox 507 3223 1922 3323; baseline -0.009 -17"><span class='ocrx_word' id='word_1_144' title='bbox 507 3231 663 3321; x_wconf 80' lang='lat' dir='ltr'><strong>candus,</strong></span> <span class='ocrx_word' id='word_1_145' title='bbox 685 3239 750 3302; x_wconf 88' lang='lat' dir='ltr'><strong>stc.</strong></span> <span class='ocrx_word' id='word_1_146' title='bbox 779 3229 864 3302; x_wconf 85' lang='lat' dir='ltr'><strong>Tibi¹</strong></span> <span class='ocrx_word' id='word_1_147' title='bbox 880 3226 1022 3299; x_wconf 90' lang='lat' dir='ltr'><strong>domino</strong></span> <span class='ocrx_word' id='word_1_148' title='bbox 1044 3248 1121 3299; x_wconf 93' lang='lat' dir='ltr'><strong>meo</strong></span> <span class='ocrx_word' id='word_1_149' title='bbox 1148 3227 1362 3300; x_wconf 88' lang='lat' dir='ltr'><strong>sanctissimo</strong></span> <span class='ocrx_word' id='word_1_150' title='bbox 1385 3236 1417 3300; x_wconf 92' lang='lat' dir='ltr'><strong>et</strong></span> <span class='ocrx_word' id='word_1_151' title='bbox 1448 3225 1537 3323; x_wconf 87' lang='lat' dir='ltr'><strong>patri</strong></span> <span class='ocrx_word' id='word_1_152' title='bbox 1566 3224 1747 3297; x_wconf 85' lang='lat' dir='ltr'><strong>karissimo</strong></span> <span class='ocrx_word' id='word_1_153' title='bbox 1769 3223 1922 3296; x_wconf 86' lang='lat' dir='ltr'><strong>Honorio</strong></span> 
     </span>
     <span class='ocr_line' id='line_1_21' title="bbox 506 3348 1922 3454; baseline -0.008 -25"><span class='ocrx_word' id='word_1_154' title='bbox 506 3379 598 3454; x_wconf 90' lang='lat' dir='ltr'><strong>pape</strong></span> <span class='ocrx_word' id='word_1_155' title='bbox 615 3353 740 3445; x_wconf 86' lang='lat' dir='ltr'><strong>tercio,</strong></span> <span class='ocrx_word' id='word_1_156' title='bbox 763 3363 828 3425; x_wconf 87' lang='lat' dir='ltr'><strong>etc.</strong></span> <span class='ocrx_word' id='word_1_157' title='bbox 852 3351 1008 3445; x_wconf 82' lang='lat' dir='ltr'><strong>Sequitur</strong></span> <span class='ocrx_word' id='word_1_158' title='bbox 1026 3350 1065 3421; x_wconf 89' lang='lat' dir='ltr'><strong>dc</strong></span> <span class='ocrx_word' id='word_1_159' title='bbox 1085 3351 1179 3423; x_wconf 80' lang='lat' dir='ltr'><strong>certo</strong></span> <span class='ocrx_word' id='word_1_160' title='bbox 1193 3352 1238 3422; x_wconf 86' lang='lat' dir='ltr'><strong>ad</strong></span> <span class='ocrx_word' id='word_1_161' title='bbox 1253 3352 1388 3422; x_wconf 84' lang='lat' dir='ltr'><strong>verbum</strong></span> <span class='ocrx_word' id='word_1_162' title='bbox 1404 3351 1487 3422; x_wconf 67' lang='lat' dir='ltr'><strong>aaut</strong></span> <span class='ocrx_word' id='word_1_163' title='bbox 1502 3351 1537 3422; x_wconf 82' lang='lat' dir='ltr'><strong>ia</strong></span> <span class='ocrx_word' id='word_1_164' title='bbox 1546 3352 1741 3444; x_wconf 79' lang='lat' dir='ltr'><strong>juramento</strong></span> <span class='ocrx_word' id='word_1_165' title='bbox 1753 3348 1922 3442; x_wconf 84' lang='lat' dir='ltr'><strong>proedicto</strong></span> 
     </span>
     <span class='ocr_line' id='line_1_22' title="bbox 506 3471 1924 3575; baseline -0.008 -22"><span class='ocrx_word' id='word_1_166' title='bbox 506 3502 611 3575; x_wconf 76' lang='lat' dir='ltr'><strong>raquo</strong></span> <span class='ocrx_word' id='word_1_167' title='bbox 633 3479 705 3550; x_wconf 88' lang='lat' dir='ltr'><strong>od:</strong></span> <span class='ocrx_word' id='word_1_168' title='bbox 727 3478 851 3549; x_wconf 84' lang='lat' dir='ltr'><strong>Actum</strong></span> <span class='ocrx_word' id='word_1_169' title='bbox 877 3473 972 3570; x_wconf 91' lang='lat' dir='ltr'><strong>apud</strong></span> <span class='ocrx_word' id='word_1_170' title='bbox 1001 3474 1175 3568; x_wconf 73' lang='lat' dir='ltr'><strong>Agnone,</strong></span> <span class='ocrx_word' id='word_1_171' title='bbox 1200 3495 1292 3547; x_wconf 91' lang='lat' dir='ltr'><strong>anno</strong></span> <span class='ocrx_word' id='word_1_172' title='bbox 1313 3473 1486 3548; x_wconf 87' lang='lat' dir='ltr'><strong>dominice</strong></span> <span class='ocrx_word' id='word_1_173' title='bbox 1511 3471 1758 3546; x_wconf 87' lang='lat' dir='ltr'><strong>incarnationis</strong></span> <span class='ocrx_word' id='word_1_174' title='bbox 1786 3472 1835 3545; x_wconf 72' lang='grc' dir='ltr'><strong>Μ0</strong></span> <span class='ocrx_word' id='word_1_175' title='bbox 1857 3471 1924 3544; x_wconf 92' lang='lat' dir='ltr'><strong>du·</strong></span> 
     </span>
     <span class='ocr_line' id='line_1_23' title="bbox 507 3597 1702 3694; baseline -0.008 -16"><span class='ocrx_word' id='word_1_176' title='bbox 507 3603 693 3678; x_wconf 89' lang='lat' dir='ltr'><strong>centesimo</strong></span> <span class='ocrx_word' id='word_1_177' title='bbox 712 3600 846 3674; x_wconf 88' lang='lat' dir='ltr'><strong>decimo</strong></span> <span class='ocrx_word' id='word_1_178' title='bbox 862 3619 973 3690; x_wconf 90' lang='lat' dir='ltr'><strong>nono,</strong></span> <span class='ocrx_word' id='word_1_179' title='bbox 989 3619 1107 3670; x_wconf 88' lang='lat' dir='ltr'><strong>mense</strong></span> <span class='ocrx_word' id='word_1_180' title='bbox 1124 3597 1341 3694; x_wconf 86' lang='lat' dir='ltr'><strong>septembris,</strong></span> <span class='ocrx_word' id='word_1_181' title='bbox 1359 3597 1548 3671; x_wconf 88' lang='lat' dir='ltr'><strong>indictione</strong></span> <span class='ocrx_word' id='word_1_182' title='bbox 1565 3607 1702 3670; x_wconf 85' lang='lat' dir='ltr'><strong>octava.</strong></span> 
     </span>
    </p>

    <p class='ocr_par' dir='ltr' id='par_1_7' title="bbox 508 3721 1927 4439">
     <span class='ocr_line' id='line_1_24' title="bbox 556 3721 1924 3820; baseline -0.007 -19"><span class='ocrx_word' id='word_1_183' title='bbox 556 3729 626 3800; x_wconf 93' lang='lat' dir='ltr'><strong>Nos</strong></span> <span class='ocrx_word' id='word_1_184' title='bbox 649 3736 764 3800; x_wconf 89' lang='lat' dir='ltr'><strong>antem</strong></span> <span class='ocrx_word' id='word_1_185' title='bbox 794 3745 856 3820; x_wconf 91' lang='lat' dir='ltr'><strong>pre</strong></span> <span class='ocrx_word' id='word_1_186' title='bbox 882 3721 991 3795; x_wconf 90' lang='lat' dir='ltr'><strong>oculis</strong></span> <span class='ocrx_word' id='word_1_187' title='bbox 1013 3722 1177 3794; x_wconf 86' lang='lat' dir='ltr'><strong>habentes</strong></span> <span class='ocrx_word' id='word_1_188' title='bbox 1202 3721 1395 3794; x_wconf 83' lang='lat' dir='ltr'><strong>dilectionis</strong></span> <span class='ocrx_word' id='word_1_189' title='bbox 1415 3732 1450 3795; x_wconf 92' lang='lat' dir='ltr'><strong>et</strong></span> <span class='ocrx_word' id='word_1_190' title='bbox 1475 3721 1585 3816; x_wconf 78' lang='lat' dir='ltr'><strong>gratie</strong></span> <span class='ocrx_word' id='word_1_191' title='bbox 1608 3721 1794 3818; x_wconf 89' lang='lat' dir='ltr'><strong>puritatem</strong></span> <span class='ocrx_word' id='word_1_192' title='bbox 1816 3742 1924 3816; x_wconf 90' lang='lat' dir='ltr'><strong>quam</strong></span> 
     </span>
     <span class='ocr_line' id='line_1_25' title="bbox 508 3844 1925 3952; baseline -0.008 -26"><span class='ocrx_word' id='word_1_193' title='bbox 508 3851 683 3952; x_wconf 90' lang='lat' dir='ltr'><strong>predictus</strong></span> <span class='ocrx_word' id='word_1_194' title='bbox 697 3857 793 3945; x_wconf 88' lang='lat' dir='ltr'><strong>pater</strong></span> <span class='ocrx_word' id='word_1_195' title='bbox 809 3855 925 3920; x_wconf 87' lang='lat' dir='ltr'><strong>noster</strong></span> <span class='ocrx_word' id='word_1_196' title='bbox 942 3865 1098 3918; x_wconf 89' lang='lat' dir='ltr'><strong>summus</strong></span> <span class='ocrx_word' id='word_1_197' title='bbox 1120 3845 1276 3941; x_wconf 81' lang='lat' dir='ltr'><strong>pontifex</strong></span> <span class='ocrx_word' id='word_1_198' title='bbox 1291 3845 1326 3916; x_wconf 93' lang='lat' dir='ltr'><strong>in</strong></span> <span class='ocrx_word' id='word_1_199' title='bbox 1340 3855 1456 3918; x_wconf 90' lang='lat' dir='ltr'><strong>nostra</strong></span> <span class='ocrx_word' id='word_1_200' title='bbox 1473 3845 1690 3941; x_wconf 88' lang='lat' dir='ltr'><strong>promotione</strong></span> <span class='ocrx_word' id='word_1_201' title='bbox 1703 3844 1925 3918; x_wconf 86' lang='lat' dir='ltr'><strong>landabiliter</strong></span> 
     </span>
     <span class='ocr_line' id='line_1_26' title="bbox 508 3967 1925 4064; baseline -0.009 -11"><span class='ocrx_word' id='word_1_202' title='bbox 508 3976 699 4055; x_wconf 89' lang='lat' dir='ltr'><strong>dinoscitur</strong></span> <span class='ocrx_word' id='word_1_203' title='bbox 716 3971 880 4046; x_wconf 89' lang='lat' dir='ltr'><strong>habuisse</strong></span> <span class='ocrx_word' id='word_1_204' title='bbox 902 3979 936 4043; x_wconf 90' lang='lat' dir='ltr'><strong>et</strong></span> <span class='ocrx_word' id='word_1_205' title='bbox 951 3968 1046 4064; x_wconf 90' lang='lat' dir='ltr'><strong>quod</strong></span> <span class='ocrx_word' id='word_1_206' title='bbox 1062 3968 1108 4042; x_wconf 91' lang='lat' dir='ltr'><strong>de</strong></span> <span class='ocrx_word' id='word_1_207' title='bbox 1130 3969 1220 4042; x_wconf 93' lang='lat' dir='ltr'><strong>bono</strong></span> <span class='ocrx_word' id='word_1_208' title='bbox 1241 3969 1277 4041; x_wconf 93' lang='lat' dir='ltr'><strong>in</strong></span> <span class='ocrx_word' id='word_1_209' title='bbox 1298 3970 1423 4042; x_wconf 87' lang='lat' dir='ltr'><strong>melius</strong></span> <span class='ocrx_word' id='word_1_210' title='bbox 1440 3969 1487 4044; x_wconf 89' lang='lat' dir='ltr'><strong>ad</strong></span> <span class='ocrx_word' id='word_1_211' title='bbox 1503 3967 1749 4043; x_wconf 69' lang='lat' dir='ltr'><strong>exdutionem</strong></span> <span class='ocrx_word' id='word_1_212' title='bbox 1771 3977 1925 4042; x_wconf 91' lang='lat' dir='ltr'><strong>nostram</strong></span> 
     </span>
     <span class='ocr_line' id='line_1_27' title="bbox 508 4091 1927 4194; baseline -0.008 -18"><span class='ocrx_word' id='word_1_213' title='bbox 508 4102 675 4190; x_wconf 89' lang='lat' dir='ltr'><strong>intendit,</strong></span> <span class='ocrx_word' id='word_1_214' title='bbox 690 4098 855 4194; x_wconf 88' lang='lat' dir='ltr'><strong>scriptum</strong></span> <span class='ocrx_word' id='word_1_215' title='bbox 874 4095 1007 4191; x_wconf 85' lang='lat' dir='ltr'><strong>ipsum,</strong></span> <span class='ocrx_word' id='word_1_216' title='bbox 1024 4093 1113 4166; x_wconf 88' lang='lat' dir='ltr'><strong>sicut</strong></span> <span class='ocrx_word' id='word_1_217' title='bbox 1129 4094 1322 4168; x_wconf 87' lang='lat' dir='ltr'><strong>continetur</strong></span> <span class='ocrx_word' id='word_1_218' title='bbox 1341 4095 1519 4191; x_wconf 88' lang='lat' dir='ltr'><strong>superius,</strong></span> <span class='ocrx_word' id='word_1_219' title='bbox 1538 4091 1786 4168; x_wconf 87' lang='lat' dir='ltr'><strong>confirmamus</strong></span> <span class='ocrx_word' id='word_1_220' title='bbox 1801 4101 1837 4164; x_wconf 90' lang='lat' dir='ltr'><strong>et</strong></span> <span class='ocrx_word' id='word_1_221' title='bbox 1855 4113 1927 4164; x_wconf 90' lang='lat' dir='ltr'><strong>vo-</strong></span> 
     </span>
     <span class='ocr_line' id='line_1_28' title="bbox 510 4215 1927 4314; baseline -0.009 -13"><span class='ocrx_word' id='word_1_222' title='bbox 510 4231 625 4301; x_wconf 89' lang='lat' dir='ltr'><strong>lumus</strong></span> <span class='ocrx_word' id='word_1_223' title='bbox 640 4225 684 4298; x_wconf 89' lang='lat' dir='ltr'><strong>ab</strong></span> <span class='ocrx_word' id='word_1_224' title='bbox 696 4221 857 4296; x_wconf 93' lang='lat' dir='ltr'><strong>omnibus</strong></span> <span class='ocrx_word' id='word_1_225' title='bbox 871 4217 1061 4309; x_wconf 87' lang='lat' dir='ltr'><strong>observari,</strong></span> <span class='ocrx_word' id='word_1_226' title='bbox 1080 4215 1175 4290; x_wconf 92' lang='lat' dir='ltr'><strong>etad</strong></span> <span class='ocrx_word' id='word_1_227' title='bbox 1192 4219 1355 4311; x_wconf 89' lang='lat' dir='ltr'><strong>maj0rem</strong></span> <span class='ocrx_word' id='word_1_228' title='bbox 1367 4219 1583 4292; x_wconf 82' lang='lat' dir='ltr'><strong>securitatem</strong></span> <span class='ocrx_word' id='word_1_229' title='bbox 1600 4237 1744 4314; x_wconf 88' lang='lat' dir='ltr'><strong>presens</strong></span> <span class='ocrx_word' id='word_1_230' title='bbox 1758 4216 1927 4312; x_wconf 85' lang='lat' dir='ltr'><strong>scriptum</strong></span> 
     </span>
     <span class='ocr_line' id='line_1_29' title="bbox 512 4339 1849 4439; baseline -0.01 -15"><span class='ocrx_word' id='word_1_231' title='bbox 512 4351 585 4426; x_wconf 86' lang='lat' dir='ltr'><strong>fieri</strong></span> <span class='ocrx_word' id='word_1_232' title='bbox 604 4348 750 4422; x_wconf 90' lang='lat' dir='ltr'><strong>fecimus</strong></span> <span class='ocrx_word' id='word_1_233' title='bbox 764 4367 868 4420; x_wconf 83' lang='lat' dir='ltr'><strong>aurea</strong></span> <span class='ocrx_word' id='word_1_234' title='bbox 885 4342 979 4416; x_wconf 90' lang='lat' dir='ltr'><strong>bulla</strong></span> <span class='ocrx_word' id='word_1_235' title='bbox 996 4341 1131 4438; x_wconf 75' lang='lat' dir='ltr'><strong>typario</strong></span> <span class='ocrx_word' id='word_1_236' title='bbox 1147 4349 1262 4414; x_wconf 90' lang='lat' dir='ltr'><strong>nostre</strong></span> <span class='ocrx_word' id='word_1_237' title='bbox 1275 4341 1461 4436; x_wconf 87' lang='lat' dir='ltr'><strong>majestatis</strong></span> <span class='ocrx_word' id='word_1_238' title='bbox 1478 4341 1645 4439; x_wconf 89' lang='lat' dir='ltr'><strong>impressa</strong></span> <span class='ocrx_word' id='word_1_239' title='bbox 1660 4339 1849 4413; x_wconf 87' lang='lat' dir='ltr'><strong>firmatum.</strong></span> 
     </span>
    </p>

    <p class='ocr_par' dir='ltr' id='par_1_8' title="bbox 515 4452 1931 4812">
     <span class='ocr_line' id='line_1_30' title="bbox 560 4463 1930 4565; baseline -0.008 -20"><span class='ocrx_word' id='word_1_240' title='bbox 560 4476 685 4545; x_wconf 84' lang='lat' dir='ltr'><strong>Datum</strong></span> <span class='ocrx_word' id='word_1_241' title='bbox 707 4472 824 4565; x_wconf 84' lang='lat' dir='ltr'><strong>Capua</strong></span> <span class='ocrx_word' id='word_1_242' title='bbox 845 4476 923 4561; x_wconf 88' lang='lat' dir='ltr'><strong>post</strong></span> <span class='ocrx_word' id='word_1_243' title='bbox 943 4465 1073 4537; x_wconf 79' lang='lat' dir='ltr'><strong>oudam</strong></span> <span class='ocrx_word' id='word_1_244' title='bbox 1089 4465 1308 4559; x_wconf 86' lang='lat' dir='ltr'><strong>solempniter</strong></span> <span class='ocrx_word' id='word_1_245' title='bbox 1324 4465 1551 4551; x_wconf 87' lang='lat' dir='ltr'><strong>celebratam,</strong></span> <span class='ocrx_word' id='word_1_246' title='bbox 1568 4485 1662 4539; x_wconf 89' lang='lat' dir='ltr'><strong>anno</strong></span> <span class='ocrx_word' id='word_1_247' title='bbox 1679 4463 1856 4538; x_wconf 89' lang='lat' dir='ltr'><strong>dominice</strong></span> <span class='ocrx_word' id='word_1_248' title='bbox 1874 4463 1930 4535; x_wconf 91' lang='lat' dir='ltr'><strong>in·</strong></span> 
     </span>
     <span class='ocr_line' id='line_1_31' title="bbox 515 4585 1931 4684; baseline -0.008 -14"><span class='ocrx_word' id='word_1_249' title='bbox 515 4595 721 4670; x_wconf 88' lang='lat' dir='ltr'><strong>carnationis</strong></span> <span class='ocrx_word' id='word_1_250' title='bbox 739 4592 787 4665; x_wconf 85' lang='lat' dir='ltr'><strong>ll⁰</strong></span> <span class='ocrx_word' id='word_1_251' title='bbox 805 4589 1041 4664; x_wconf 88' lang='lat' dir='ltr'><strong>ducentesimo</strong></span> <span class='ocrx_word' id='word_1_252' title='bbox 1063 4589 1227 4662; x_wconf 86' lang='lat' dir='ltr'><strong>vicesimo</strong></span> <span class='ocrx_word' id='word_1_253' title='bbox 1249 4589 1376 4684; x_wconf 90' lang='lat' dir='ltr'><strong>primo,</strong></span> <span class='ocrx_word' id='word_1_254' title='bbox 1398 4611 1518 4662; x_wconf 89' lang='lat' dir='ltr'><strong>mense</strong></span> <span class='ocrx_word' id='word_1_255' title='bbox 1538 4588 1710 4684; x_wconf 88' lang='lat' dir='ltr'><strong>januarii,</strong></span> <span class='ocrx_word' id='word_1_256' title='bbox 1736 4585 1931 4660; x_wconf 90' lang='lat' dir='ltr'><strong>indictione</strong></span> 
     </span>
     <span class='ocr_line' id='line_1_32' title="bbox 517 4711 1640 4812; baseline -0.007 -18"><span class='ocrx_word' id='word_1_257' title='bbox 517 4741 620 4812; x_wconf 85' lang='lat' dir='ltr'><strong>nona,</strong></span> <span class='ocrx_word' id='word_1_258' title='bbox 640 4729 674 4792; x_wconf 88' lang='lat' dir='ltr'><strong>et</strong></span> <span class='ocrx_word' id='word_1_259' title='bbox 690 4735 783 4789; x_wconf 91' lang='lat' dir='ltr'><strong>anno</strong></span> <span class='ocrx_word' id='word_1_260' title='bbox 800 4713 935 4809; x_wconf 88' lang='lat' dir='ltr'><strong>imperii</strong></span> <span class='ocrx_word' id='word_1_261' title='bbox 952 4713 1058 4784; x_wconf 89' lang='lat' dir='ltr'><strong>nostri</strong></span> <span class='ocrx_word' id='word_1_262' title='bbox 1072 4711 1200 4808; x_wconf 88' lang='lat' dir='ltr'><strong>primo,</strong></span> <span class='ocrx_word' id='word_1_263' title='bbox 1218 4713 1371 4787; x_wconf 76' lang='lat' dir='ltr'><strong>feliciter.</strong></span> <span class='ocrx_word' id='word_1_264' title='bbox 1389 4712 1516 4787; x_wconf 81' lang='lat' dir='ltr'><strong>Amen.</strong></span> <span class='ocrx_word' id='word_1_265' title='bbox 1638 4721 1640 4726; x_wconf 86' lang='grc'><strong>’</strong></span> 
     </span>
    </p>
   </div>
   <div class='ocr_carea' id='block_1_6' title="bbox 0 0 2211 5876">
    <p class='ocr_par' dir='ltr' id='par_1_9' title="bbox 0 0 2211 5876">
     <span class='ocr_line' id='line_1_33' title="bbox 0 0 2211 5876; baseline 0 0"><span class='ocrx_word' id='word_1_266' title='bbox 0 0 2211 5876; x_wconf 95' lang='lat' dir='ltr'><strong> </strong></span> 
     </span>
    </p>
   </div>
  </div>
 </body>
</html>
