4272 5886
177 551 275 612 lrinrcr.
295 546 355 633 la]
627 545 824 608 HISTORIA
850 544 1141 609 uluuouavlcn.
1527 543 1587 608 583

177 696 296 760 nestro
311 683 485 758 Friderico
502 682 668 768 secunde,
686 684 749 756 Dei
763 683 874 778 gratia
889 685 1119 757 Romanorum
1134 683 1356 777 imperatore,
1373 701 1508 776 semper
1522 701 1586 752 au-

178 819 297 905 gusto,
314 809 504 884 Jerusalem
521 817 556 882 et
576 807 692 880 Sicilie
710 829 810 902 rege,
829 830 921 882 auno
940 809 1084 882 Romani
1106 807 1242 903 imperii
1262 806 1339 898 ejus
1356 815 1473 897 sexte,
1490 805 1587 900 regui

178 935 366 1009 Jerusalem
383 934 493 1029 primo
507 941 542 1006 et
553 933 651 1027 regni
665 933 780 1006 Sicilie
794 933 959 1006 vicesimo
974 942 1109 1022 octavo,
1126 933 1280 1006 feliciter.
1299 932 1422 1006 Amen.

227 1063 352 1133 Datum
370 1058 465 1155 apud
481 1059 651 1150 Parmam,
666 1079 772 1149 auno,
794 1079 911 1132 meuse
922 1067 957 1132 et
974 1057 1163 1132 indictione
1183 1057 1390 1155 prescriptis.

232 1617 463 1719 Fridericus,
485 1616 745 1699 Romanorum
770 1615 989 1724 imperator,
1014 1613 1227 1725 V[0lquiu0]
1245 1616 1429 1726 magistro
1450 1616 1589 1698 domus
1664 1706 1678 1736 ι
1705 1651 1717 1682 u
1753 1725 1760 1746 1

180 1750 335 1834 militiae
354 1749 495 1833 Christi
511 1749 551 1832 in
570 1749 726 1833 Livcnia
742 1759 780 1833 et
796 1748 978 1832 fratribus
992 1748 1164 1859 ejusdem
1181 1775 1315 1832 omnes
1332 1750 1589 1860 possessiones
1714 1760 1736 1790 ⁰·

179 1893 217 1968 et
229 1884 342 1994 jura,
362 1910 462 1995 quae
480 1910 503 1966 a
518 1883 733 1968 livoniensi
749 1891 787 1966 et
804 1883 976 1967 Lealensi
995 1881 1143 1994 (Oesel)
1157 1882 1342 1993 episcopis
1360 1881 1589 1991 inpartibus

179 2018 254 2100 illis
272 2018 373 2128 juste
398 2018 594 2127 possident
620 2026 658 2101 el
682 2017 723 2098 in
750 2014 924 2099 futurum
946 2016 1050 2126 justo
1076 2017 1188 2100 titulo
1214 2025 1394 2125 poterunt
1411 2016 1588 2125 adipisci,

178 2152 218 2236 iu
236 2163 461 2262 perpetuum
478 2151 693 2255 confirmat,
714 2149 845 2260 eisque
870 2151 1026 2260 insuper
1045 2151 1163 2234 donat
1180 2151 1450 2260 quodcumque
1468 2178 1590 2261 genus

180 2286 322 2368 metalli
344 2287 385 2368 iu
410 2297 510 2370 terra
536 2286 615 2368 sive
639 2292 915 2394 superterram
941 2283 981 2366 in
1004 2285 1137 2368 eodem
1165 2283 1337 2366 districtu
1359 2285 1497 2392 poterit
1516 2285 1587 2366 iu-

179 2445 311 2502 veum.

261 2633 384 2716 (Iuedlt.
398 2638 430 2696 ln
443 2635 564 2698 archivo
575 2635 720 2708 berullo„
736 2651 773 2696 ex
789 2634 857 2696 llbr.
877 2635 983 2712 coplall
1004 2635 1099 2696 ordin.
1116 2633 1279 2707 neuton,
1295 2649 1354 2696 sec.
1369 2634 1451 2696 XIII.
1469 2666 1509 2680 -
1521 2635 1588 2697 Me-

301 2751 404 2807 morat„
420 2751 520 2807 autem
531 2762 580 2822 ap.
596 2746 785 2818 Numnam,
800 2740 895 2803 Index
906 2760 981 2822 corp.
997 2743 1072 2802 aar.
1088 2739 1204 2822 diplom.
1220 2742 1347 2818 Liacnic,
1363 2739 1514 2816 Erlltonr'e,
1531 2745 1588 2804 Cn·

297 2853 390 2928 runis,
404 2858 429 2914 t.
444 2852 485 2928 ΙΙ,
501 2869 534 2930 p.
549 2860 619 2927 27⁵,
634 2868 672 2912 ex
684 2851 814 2912 Hrunn's
828 2851 955 2926 collect,
970 2866 998 2927 p.
1017 2847 1170 2929 lot-1³6.)

227 3043 428 3118 Fredcricus
445 3041 622 3116 secundus
638 3041 760 3116 divina
782 3042 920 3116 iuvante
936 3041 1118 3116 clementia
1135 3043 1366 3116 Romanorum
1382 3042 1584 3138 imperator,

180 3178 314 3264 semper
331 3177 520 3264 augustus,
540 3167 763 3240 lherosolime
784 3174 820 3240 et
840 3165 956 3240 Sicilie
982 3187 1058 3239 rex.
1084 3166 1178 3240 Licet
1200 3165 1286 3240 ordo
1310 3167 1354 3239 sit
1375 3167 1512 3241 diverse
1534 3189 1588 3242 re·

180 3292 318 3387 ligiouIs
341 3314 405 3388 per
426 3289 598 3363 muudum
622 3298 657 3363 et
681 3289 923 3384 uuusquisque
945 3289 1123 3363 ditissimo
1149 3291 1304 3364 serviens
1331 3290 1469 3365 studeat
1492 3293 1586 3366 omni

181 3427 332 3512 tempore
348 3415 535 3490 servicium
558 3413 759 3510 impendere
780 3414 848 3486 sibi
865 3422 1020 3508 gratum,
1040 3415 1120 3487 licet
1135 3414 1245 3488 eciam
1268 3416 1386 3490 lavore
1402 3417 1589 3512 imperialis

180 3541 366 3614 clemencie
391 3537 591 3632 hujusmodi
624 3539 710 3614 virle
735 3539 905 3634 religioeIs
936 3539 1121 3613 liberaliter
1145 3548 1323 3613 teneamur
1350 3540 1491 3634 adesse;
1519 3542 1588 3616 biis

180 3675 293 3740 umen
318 3663 448 3758 largius
476 3664 645 3737 debemus
669 3662 845 3758 ponIgere
861 3685 987 3736 manua
1007 3671 1141 3737 nostras
1155 3665 1217 3759 qui
1240 3687 1310 3739 non
1332 3668 1444 3739 solnm
1469 3676 1588 3742 coutm

180 3789 387 3881 Invisibiles,
407 3788 472 3862 sed
499 3789 608 3861 eciam
629 3786 800 3861 adversus
821 3786 977 3860 visibiles
1001 3788 1116 3862 hostes
1134 3797 1268 3862 nosnos
1286 3812 1351 3886 pro
1369 3790 1440 3866 ride
1463 3793 1588 3866 Christi

179 3923 214 3986 et
236 3913 404 4008 religione
433 3912 617 3986 christiane
641 3911 723 3984 fidei
747 3911 934 3985 exaltanda
963 3910 1090 3984 cotidie
1122 3911 1287 3986 dimicare
1311 3925 1497 4007 conantur,
1524 3937 1589 4012 prc

180 4037 311 4110 Christo
329 4039 461 4111 anImas
479 4046 514 4110 et
535 4059 599 4132 pro
616 4037 679 4110 Ilei
697 4035 860 4110 fidelibus
883 4035 1091 4132 exponendo
1108 4057 1284 4132 personas.
1305 4036 1390 4112 lude
1409 4048 1462 4112 est
1483 4039 1589 4135 igilur

178 4161 275 4257 quod
290 4170 411 4236 uotum
428 4183 505 4235 esse
521 4163 683 4235 volumus
707 4161 880 4234 universis
897 4160 1059 4236 fidelibus
1076 4163 1201 4237 uostris
1222 4184 1284 4259 per
1302 4163 1487 4260 imperium
1505 4185 1588 4238 ccu-

179 4287 326 4378 stitutis,
357 4294 427 4359 tam
452 4285 672 4383 presentibus
693 4307 799 4380 quam
825 4287 972 4376 luturie,
999 4285 1095 4380 quod
1121 4287 1164 4360 V.
1193 4288 1401 4360 venerabilis
1426 4289 1589 4384 magr'stor

179 4411 304 4485 domus
315 4411 444 4484 milicie
457 4411 581 4484 Christi
593 4411 629 4483 iu
642 4411 787 4484 livonia
797 4418 833 4482 et
846 4411 967 4483 lratres
981 4411 1058 4503 ejus
1069 4409 1190 4484 fideles
1203 4413 1310 4485 nostri
1321 4434 1383 4508 par
1396 4412 1586 4488 Iohannem

180 4532 342 4608 Volcardi
358 4535 562 4609 canonicum
573 4533 813 4627 lubicensem,
826 4533 1050 4606 Wuilslmum
1066 4533 1177 4608 lilium
1188 4536 1340 4611 Bertoldi
1354 4537 1586 4613 etlobauuem

181 4657 313 4732 dictum
330 4658 377 4732 de
395 4660 518 4732 Brema
534 4659 724 4753 burgenses
740 4667 776 4732 et
793 4658 939 4731 nuncios
956 4659 1178 4753 Lubiceuses,
1198 4658 1318 4736 fideles
1338 4672 1489 4758 uestros,
1514 4665 1586 4738 cel-
