<?xml version="1.0" encoding="UTF-8"?>
<!DOCTYPE html PUBLIC "-//W3C//DTD XHTML 1.0 Transitional//EN"
    "http://www.w3.org/TR/xhtml1/DTD/xhtml1-transitional.dtd">
<html xmlns="http://www.w3.org/1999/xhtml" xml:lang="en" lang="en">
 <head>
  <title>
</title>
<meta http-equiv="Content-Type" content="text/html;charset=utf-8" />
  <meta name='ocr-system' content='tesseract 3.04.00' />
  <meta name='ocr-capabilities' content='ocr_page ocr_carea ocr_par ocr_line ocrx_word'/>
</head>
<body>
  <div class='ocr_page' id='page_1' title='image "./historiadiploma08fredgoog_0458.png"; bbox 0 0 4298 5898; ppageno 0'>
   <div class='ocr_carea' id='block_1_1' title="bbox 543 559 1953 645">
    <p class='ocr_par' dir='ltr' id='par_1_1' title="bbox 543 559 1953 645">
     <span class='ocr_line' id='line_1_1' title="bbox 543 559 1953 645; baseline -0.001 -20"><span class='ocrx_word' id='word_1_1' title='bbox 543 561 605 625; x_wconf 66' lang='lat' dir='ltr'><strong>Alb</strong></span> <span class='ocrx_word' id='word_1_2' title='bbox 1047 559 1259 624; x_wconf 76' lang='lat' dir='ltr'><strong>tttttbtttttct</strong></span> <span class='ocrx_word' id='word_1_3' title='bbox 1284 561 1458 624; x_wconf 70' lang='lat' dir='ltr'><strong>securim</strong></span> <span class='ocrx_word' id='word_1_4' title='bbox 1769 561 1847 645; x_wconf 75' lang='lat' dir='ltr'><strong>[dn.</strong></span> <span class='ocrx_word' id='word_1_5' title='bbox 1866 561 1953 624; x_wconf 61' lang='lat' dir='ltr'><strong>lm.</strong></span> 
     </span>
    </p>
   </div>
   <div class='ocr_carea' id='block_1_2' title="bbox 548 695 1960 3307">
    <p class='ocr_par' dir='ltr' id='par_1_2' title="bbox 548 695 1960 1674">
     <span class='ocr_line' id='line_1_2' title="bbox 596 695 1958 794; baseline 0.002 -23"><span class='ocrx_word' id='word_1_6' title='bbox 596 695 651 771; x_wconf 80' lang='lat' dir='ltr'><strong>ad</strong></span> <span class='ocrx_word' id='word_1_7' title='bbox 669 698 775 792; x_wconf 91' lang='lat' dir='ltr'><strong>hujus</strong></span> <span class='ocrx_word' id='word_1_8' title='bbox 791 706 909 772; x_wconf 87' lang='lat' dir='ltr'><strong>autem</strong></span> <span class='ocrx_word' id='word_1_9' title='bbox 926 698 977 772; x_wconf 89' lang='lat' dir='ltr'><strong>rei</strong></span> <span class='ocrx_word' id='word_1_10' title='bbox 995 699 1196 772; x_wconf 78' lang='lat' dir='ltr'><strong>memoriam</strong></span> <span class='ocrx_word' id='word_1_11' title='bbox 1220 709 1256 772; x_wconf 92' lang='lat' dir='ltr'><strong>et</strong></span> <span class='ocrx_word' id='word_1_12' title='bbox 1273 699 1443 773; x_wconf 69' lang='lat' dir='ltr'><strong>caumlmn</strong></span> <span class='ocrx_word' id='word_1_13' title='bbox 1458 697 1543 772; x_wconf 84' lang='lat' dir='ltr'><strong>dicti</strong></span> <span class='ocrx_word' id='word_1_14' title='bbox 1565 697 1673 794; x_wconf 92' lang='lat' dir='ltr'><strong>dopni</strong></span> <span class='ocrx_word' id='word_1_15' title='bbox 1694 698 1958 774; x_wconf 75' lang='lat' dir='ltr'><strong>archimandrite</strong></span> 
     </span>
     <span class='ocr_line' id='line_1_3' title="bbox 550 823 1957 922; baseline -0.001 -20"><span class='ocrx_word' id='word_1_16' title='bbox 550 825 597 902; x_wconf 89' lang='lat' dir='ltr'><strong>de</strong></span> <span class='ocrx_word' id='word_1_17' title='bbox 608 824 865 900; x_wconf 85' lang='lat' dir='ltr'><strong>translatatione</strong></span> <span class='ocrx_word' id='word_1_18' title='bbox 873 823 1218 922; x_wconf 83' lang='lat' dir='ltr'><strong>(l)etpublicacione</strong></span> <span class='ocrx_word' id='word_1_19' title='bbox 1228 825 1461 922; x_wconf 90' lang='lat' dir='ltr'><strong>predictorum</strong></span> <span class='ocrx_word' id='word_1_20' title='bbox 1472 825 1730 922; x_wconf 79' lang='lat' dir='ltr'><strong>privilegiorum</strong></span> <span class='ocrx_word' id='word_1_21' title='bbox 1742 835 1957 900; x_wconf 85' lang='lat' dir='ltr'><strong>etsacramm</strong></span> 
     </span>
     <span class='ocr_line' id='line_1_4' title="bbox 548 949 1958 1048; baseline -0.001 -23"><span class='ocrx_word' id='word_1_22' title='bbox 548 951 738 1025; x_wconf 84' lang='lat' dir='ltr'><strong>litterarum</strong></span> <span class='ocrx_word' id='word_1_23' title='bbox 752 949 1003 1046; x_wconf 80' lang='lat' dir='ltr'><strong>predictarum,</strong></span> <span class='ocrx_word' id='word_1_24' title='bbox 1022 959 1057 1024; x_wconf 91' lang='lat' dir='ltr'><strong>et</strong></span> <span class='ocrx_word' id='word_1_25' title='bbox 1069 960 1110 1022; x_wconf 91' lang='lat' dir='ltr'><strong>ut</strong></span> <span class='ocrx_word' id='word_1_26' title='bbox 1123 949 1211 1026; x_wconf 89' lang='lat' dir='ltr'><strong>fides</strong></span> <span class='ocrx_word' id='word_1_27' title='bbox 1223 951 1267 1024; x_wconf 87' lang='lat' dir='ltr'><strong>sit</strong></span> <span class='ocrx_word' id='word_1_28' title='bbox 1280 949 1480 1026; x_wconf 85' lang='lat' dir='ltr'><strong>adhibenda</strong></span> <span class='ocrx_word' id='word_1_29' title='bbox 1495 959 1563 1026; x_wconf 86' lang='lat' dir='ltr'><strong>tam</strong></span> <span class='ocrx_word' id='word_1_30' title='bbox 1580 951 1617 1023; x_wconf 90' lang='lat' dir='ltr'><strong>in</strong></span> <span class='ocrx_word' id='word_1_31' title='bbox 1633 951 1730 1048; x_wconf 75' lang='lat' dir='ltr'><strong>regia</strong></span> <span class='ocrx_word' id='word_1_32' title='bbox 1745 952 1842 1025; x_wconf 84' lang='lat' dir='ltr'><strong>curia</strong></span> <span class='ocrx_word' id='word_1_33' title='bbox 1855 975 1958 1048; x_wconf 84' lang='lat' dir='ltr'><strong>quam</strong></span> 
     </span>
     <span class='ocr_line' id='line_1_5' title="bbox 550 1075 1960 1174; baseline 0.001 -24"><span class='ocrx_word' id='word_1_34' title='bbox 550 1077 646 1174; x_wconf 90' lang='lat' dir='ltr'><strong>apud</strong></span> <span class='ocrx_word' id='word_1_35' title='bbox 682 1097 803 1150; x_wconf 89' lang='lat' dir='ltr'><strong>omnes</strong></span> <span class='ocrx_word' id='word_1_36' title='bbox 836 1075 1123 1168; x_wconf 75' lang='lat' dir='ltr'><strong>intervenientes,</strong></span> <span class='ocrx_word' id='word_1_37' title='bbox 1155 1097 1298 1172; x_wconf 77' lang='lat' dir='ltr'><strong>presens</strong></span> <span class='ocrx_word' id='word_1_38' title='bbox 1330 1077 1509 1172; x_wconf 91' lang='lat' dir='ltr'><strong>publicum</strong></span> <span class='ocrx_word' id='word_1_39' title='bbox 1538 1077 1805 1150; x_wconf 78' lang='lat' dir='ltr'><strong>instrumentum</strong></span> <span class='ocrx_word' id='word_1_40' title='bbox 1832 1075 1960 1151; x_wconf 83' lang='lat' dir='ltr'><strong>exinde</strong></span> 
     </span>
     <span class='ocr_line' id='line_1_6' title="bbox 550 1201 1957 1298; baseline -0.002 -21"><span class='ocrx_word' id='word_1_41' title='bbox 550 1205 679 1277; x_wconf 89' lang='lat' dir='ltr'><strong>lactum</strong></span> <span class='ocrx_word' id='word_1_42' title='bbox 696 1209 748 1276; x_wconf 86' lang='lat' dir='ltr'><strong>cst</strong></span> <span class='ocrx_word' id='word_1_43' title='bbox 764 1223 828 1297; x_wconf 90' lang='lat' dir='ltr'><strong>per</strong></span> <span class='ocrx_word' id='word_1_44' title='bbox 848 1223 972 1274; x_wconf 87' lang='lat' dir='ltr'><strong>manus</strong></span> <span class='ocrx_word' id='word_1_45' title='bbox 989 1201 1112 1298; x_wconf 83' lang='lat' dir='ltr'><strong>prelati</strong></span> <span class='ocrx_word' id='word_1_46' title='bbox 1130 1203 1198 1276; x_wconf 85' lang='lat' dir='ltr'><strong>mei</strong></span> <span class='ocrx_word' id='word_1_47' title='bbox 1214 1202 1369 1297; x_wconf 75' lang='lat' dir='ltr'><strong>magistri</strong></span> <span class='ocrx_word' id='word_1_48' title='bbox 1382 1201 1547 1276; x_wconf 76' lang='lat' dir='ltr'><strong>Nicandri</strong></span> <span class='ocrx_word' id='word_1_49' title='bbox 1560 1201 1693 1298; x_wconf 79' lang='lat' dir='ltr'><strong>publici</strong></span> <span class='ocrx_word' id='word_1_50' title='bbox 1709 1201 1835 1276; x_wconf 84' lang='lat' dir='ltr'><strong>notarii</strong></span> <span class='ocrx_word' id='word_1_51' title='bbox 1848 1203 1957 1296; x_wconf 74' lang='lat' dir='ltr'><strong>liegii,</strong></span> 
     </span>
     <span class='ocr_line' id='line_1_7' title="bbox 551 1324 1958 1426; baseline -0.001 -24"><span class='ocrx_word' id='word_1_52' title='bbox 551 1327 785 1426; x_wconf 87' lang='lat' dir='ltr'><strong>predictorum</strong></span> <span class='ocrx_word' id='word_1_53' title='bbox 808 1324 988 1420; x_wconf 90' lang='lat' dir='ltr'><strong>judicum,</strong></span> <span class='ocrx_word' id='word_1_54' title='bbox 1021 1327 1091 1400; x_wconf 91' lang='lat' dir='ltr'><strong>mei</strong></span> <span class='ocrx_word' id='word_1_55' title='bbox 1120 1327 1327 1401; x_wconf 85' lang='lat' dir='ltr'><strong>stallorum</strong></span> <span class='ocrx_word' id='word_1_56' title='bbox 1356 1328 1543 1424; x_wconf 92' lang='lat' dir='ltr'><strong>proborum</strong></span> <span class='ocrx_word' id='word_1_57' title='bbox 1572 1326 1663 1400; x_wconf 86' lang='lat' dir='ltr'><strong>infra</strong></span> <span class='ocrx_word' id='word_1_58' title='bbox 1691 1327 1958 1423; x_wconf 90' lang='lat' dir='ltr'><strong>subscriptorum</strong></span> 
     </span>
     <span class='ocr_line' id='line_1_8' title="bbox 550 1450 1960 1549; baseline -0.001 -22"><span class='ocrx_word' id='word_1_59' title='bbox 550 1454 705 1527; x_wconf 88' lang='lat' dir='ltr'><strong>virorum</strong></span> <span class='ocrx_word' id='word_1_60' title='bbox 724 1451 1040 1549; x_wconf 85' lang='lat' dir='ltr'><strong>subscriptionibus</strong></span> <span class='ocrx_word' id='word_1_61' title='bbox 1054 1451 1265 1528; x_wconf 88' lang='lat' dir='ltr'><strong>roboratum.</strong></span> <span class='ocrx_word' id='word_1_62' title='bbox 1285 1450 1411 1526; x_wconf 84' lang='lat' dir='ltr'><strong>Actum</strong></span> <span class='ocrx_word' id='word_1_63' title='bbox 1426 1452 1540 1548; x_wconf 79' lang='lat' dir='ltr'><strong>Regii,</strong></span> <span class='ocrx_word' id='word_1_64' title='bbox 1557 1473 1667 1546; x_wconf 86' lang='lat' dir='ltr'><strong>anno,</strong></span> <span class='ocrx_word' id='word_1_65' title='bbox 1689 1451 1768 1546; x_wconf 90' lang='lat' dir='ltr'><strong>die,</strong></span> <span class='ocrx_word' id='word_1_66' title='bbox 1787 1474 1906 1527; x_wconf 88' lang='lat' dir='ltr'><strong>mense</strong></span> <span class='ocrx_word' id='word_1_67' title='bbox 1923 1463 1960 1527; x_wconf 87' lang='lat' dir='ltr'><strong>ct</strong></span> 
     </span>
     <span class='ocr_line' id='line_1_9' title="bbox 549 1579 968 1674; baseline -0.007 -22"><span class='ocrx_word' id='word_1_68' title='bbox 549 1579 740 1654; x_wconf 89' lang='lat' dir='ltr'><strong>indictione</strong></span> <span class='ocrx_word' id='word_1_69' title='bbox 757 1579 968 1674; x_wconf 89' lang='lat' dir='ltr'><strong>prescriptis.</strong></span> 
     </span>
    </p>

    <p class='ocr_par' dir='ltr' id='par_1_3' title="bbox 554 1699 1958 1931">
     <span class='ocr_line' id='line_1_10' title="bbox 601 1699 1958 1804; baseline 0 -28"><span class='ocrx_word' id='word_1_70' title='bbox 601 1711 675 1802; x_wconf 66' lang='lat' dir='ltr'><strong>Epo</strong></span> <span class='ocrx_word' id='word_1_71' title='bbox 692 1706 816 1786; x_wconf 77' lang='grc' dir='ltr'>Ιώοοοῆς</span> <span class='ocrx_word' id='word_1_72' title='bbox 837 1733 870 1776; x_wconf 81' lang='lat' dir='ltr'><strong>ca</strong></span> <span class='ocrx_word' id='word_1_73' title='bbox 885 1704 1035 1804; x_wconf 75' lang='lat' dir='ltr'><strong>llrdrrdpon</strong></span> <span class='ocrx_word' id='word_1_74' title='bbox 1055 1703 1164 1800; x_wconf 75' lang='lat' dir='ltr'><strong>llrryr&#39;un</strong></span> <span class='ocrx_word' id='word_1_75' title='bbox 1181 1705 1286 1802; x_wconf 66' lang='lat' dir='ltr'><strong>apertio</strong></span> <span class='ocrx_word' id='word_1_76' title='bbox 1299 1699 1350 1799; x_wconf 83' lang='lat' dir='ltr'><strong>(a)</strong></span> <span class='ocrx_word' id='word_1_77' title='bbox 1371 1706 1413 1785; x_wconf 80' lang='grc' dir='ltr'><strong>ὡς</strong></span> <span class='ocrx_word' id='word_1_78' title='bbox 1434 1701 1506 1776; x_wconf 73' lang='lat' dir='ltr'><strong>aldor</strong></span> <span class='ocrx_word' id='word_1_79' title='bbox 1525 1712 1622 1777; x_wconf 72' lang='grc' dir='ltr'>πάντα</span> <span class='ocrx_word' id='word_1_80' title='bbox 1637 1709 1677 1778; x_wconf 81' lang='lat' dir='ltr'><strong>roi</strong></span> <span class='ocrx_word' id='word_1_81' title='bbox 1694 1709 1779 1804; x_wconf 66' lang='lat' dir='ltr'><strong>»ipra</strong></span> <span class='ocrx_word' id='word_1_82' title='bbox 1800 1714 1839 1778; x_wconf 69' lang='grc' dir='ltr'><strong>τά</strong></span> <span class='ocrx_word' id='word_1_83' title='bbox 1861 1709 1958 1776; x_wconf 67' lang='lat' dir='ltr'><strong>leriam</strong></span> 
     </span>
     <span class='ocr_line' id='line_1_11' title="bbox 554 1827 1624 1931; baseline -0.003 -25"><span class='ocrx_word' id='word_1_84' title='bbox 554 1835 604 1906; x_wconf 71' lang='lat' dir='ltr'><strong>aar·</strong></span> <span class='ocrx_word' id='word_1_85' title='bbox 618 1837 656 1906; x_wconf 81' lang='lat' dir='ltr'><strong>rol</strong></span> <span class='ocrx_word' id='word_1_86' title='bbox 673 1839 780 1931; x_wconf 76' lang='grc' dir='ltr'>γραῑοια</span> <span class='ocrx_word' id='word_1_87' title='bbox 792 1840 885 1912; x_wconf 78' lang='grc' dir='ltr'>οὕτως</span> <span class='ocrx_word' id='word_1_88' title='bbox 898 1833 1042 1904; x_wconf 75' lang='grc' dir='ltr'><strong>λαλοῦντα</strong></span> <span class='ocrx_word' id='word_1_89' title='bbox 1054 1827 1102 1924; x_wconf 84' lang='lat' dir='ltr'><strong>(b)</strong></span> <span class='ocrx_word' id='word_1_90' title='bbox 1120 1834 1158 1904; x_wconf 81' lang='lat' dir='ltr'><strong>rol</strong></span> <span class='ocrx_word' id='word_1_91' title='bbox 1171 1833 1288 1928; x_wconf 72' lang='lat' dir='ltr'><strong>capitu</strong></span> <span class='ocrx_word' id='word_1_92' title='bbox 1307 1832 1624 1929; x_wconf 56' lang='lat' dir='ltr'><strong>&amp;perediam-spada}</strong></span> 
     </span>
    </p>

    <p class='ocr_par' dir='ltr' id='par_1_4' title="bbox 551 1953 1956 2435">
     <span class='ocr_line' id='line_1_12' title="bbox 600 1953 1956 2054; baseline -0.001 -24"><span class='ocrx_word' id='word_1_93' title='bbox 600 1958 675 2050; x_wconf 76' lang='lat' dir='ltr'><strong>ligo</strong></span> <span class='ocrx_word' id='word_1_94' title='bbox 700 1956 762 2051; x_wconf 89' lang='lat' dir='ltr'><strong>qui</strong></span> <span class='ocrx_word' id='word_1_95' title='bbox 789 1977 895 2052; x_wconf 84' lang='lat' dir='ltr'><strong>snpra</strong></span> <span class='ocrx_word' id='word_1_96' title='bbox 920 1955 1083 2049; x_wconf 78' lang='lat' dir='ltr'><strong>magister</strong></span> <span class='ocrx_word' id='word_1_97' title='bbox 1109 1955 1270 2029; x_wconf 88' lang='lat' dir='ltr'><strong>Nicolans</strong></span> <span class='ocrx_word' id='word_1_98' title='bbox 1295 1954 1341 2028; x_wconf 91' lang='lat' dir='ltr'><strong>dc</strong></span> <span class='ocrx_word' id='word_1_99' title='bbox 1356 1953 1473 2030; x_wconf 89' lang='lat' dir='ltr'><strong>Sicilia</strong></span> <span class='ocrx_word' id='word_1_100' title='bbox 1489 1955 1547 2054; x_wconf 85' lang='lat' dir='ltr'><strong>(c),</strong></span> <span class='ocrx_word' id='word_1_101' title='bbox 1571 1955 1685 2049; x_wconf 86' lang='lat' dir='ltr'><strong>judex</strong></span> <span class='ocrx_word' id='word_1_102' title='bbox 1709 1953 1824 2049; x_wconf 80' lang='lat' dir='ltr'><strong>liegii,</strong></span> <span class='ocrx_word' id='word_1_103' title='bbox 1849 1954 1956 2028; x_wconf 84' lang='lat' dir='ltr'><strong>sciens</strong></span> 
     </span>
     <span class='ocr_line' id='line_1_13' title="bbox 552 2079 1956 2177; baseline -0.004 -20"><span class='ocrx_word' id='word_1_104' title='bbox 552 2093 737 2177; x_wconf 86' lang='lat' dir='ltr'><strong>utramque</strong></span> <span class='ocrx_word' id='word_1_105' title='bbox 756 2081 982 2154; x_wconf 81' lang='lat' dir='ltr'><strong>litteraturam</strong></span> <span class='ocrx_word' id='word_1_106' title='bbox 1007 2079 1192 2176; x_wconf 80' lang='lat' dir='ltr'><strong>ydiomatis</strong></span> <span class='ocrx_word' id='word_1_107' title='bbox 1219 2079 1312 2175; x_wconf 76' lang='lat' dir='ltr'><strong>greci</strong></span> <span class='ocrx_word' id='word_1_108' title='bbox 1338 2088 1374 2153; x_wconf 86' lang='lat' dir='ltr'><strong>et</strong></span> <span class='ocrx_word' id='word_1_109' title='bbox 1400 2081 1515 2174; x_wconf 84' lang='lat' dir='ltr'><strong>latini,</strong></span> <span class='ocrx_word' id='word_1_110' title='bbox 1543 2079 1630 2154; x_wconf 88' lang='lat' dir='ltr'><strong>visis</strong></span> <span class='ocrx_word' id='word_1_111' title='bbox 1652 2088 1687 2155; x_wconf 91' lang='lat' dir='ltr'><strong>et</strong></span> <span class='ocrx_word' id='word_1_112' title='bbox 1707 2079 1862 2176; x_wconf 80' lang='lat' dir='ltr'><strong>perlectis</strong></span> <span class='ocrx_word' id='word_1_113' title='bbox 1889 2088 1956 2152; x_wconf 87' lang='lat' dir='ltr'><strong>tam</strong></span> 
     </span>
     <span class='ocr_line' id='line_1_14' title="bbox 554 2203 1956 2306; baseline -0.001 -26"><span class='ocrx_word' id='word_1_114' title='bbox 554 2209 665 2306; x_wconf 77' lang='lat' dir='ltr'><strong>grecis</strong></span> <span class='ocrx_word' id='word_1_115' title='bbox 683 2204 849 2304; x_wconf 88' lang='lat' dir='ltr'><strong>predictis</strong></span> <span class='ocrx_word' id='word_1_116' title='bbox 868 2227 974 2301; x_wconf 85' lang='lat' dir='ltr'><strong>quum</strong></span> <span class='ocrx_word' id='word_1_117' title='bbox 991 2205 1104 2279; x_wconf 90' lang='lat' dir='ltr'><strong>latinis</strong></span> <span class='ocrx_word' id='word_1_118' title='bbox 1124 2203 1316 2302; x_wconf 79' lang='lat' dir='ltr'><strong>privilegiis</strong></span> <span class='ocrx_word' id='word_1_119' title='bbox 1337 2203 1421 2278; x_wconf 92' lang='lat' dir='ltr'><strong>huic</strong></span> <span class='ocrx_word' id='word_1_120' title='bbox 1439 2205 1645 2302; x_wconf 86' lang='lat' dir='ltr'><strong>transcripto</strong></span> <span class='ocrx_word' id='word_1_121' title='bbox 1665 2205 1852 2297; x_wconf 84' lang='lat' dir='ltr'><strong>similibus,</strong></span> <span class='ocrx_word' id='word_1_122' title='bbox 1873 2205 1956 2287; x_wconf 68' lang='lat' dir='ltr'><strong>siric</strong></span> 
     </span>
     <span class='ocr_line' id='line_1_15' title="bbox 551 2339 721 2435; baseline -0.053 -22"><span class='ocrx_word' id='word_1_123' title='bbox 551 2339 721 2435; x_wconf 62' lang='lat' dir='ltr'><strong>saepae«.</strong></span> 
     </span>
    </p>

    <p class='ocr_par' dir='ltr' id='par_1_5' title="bbox 550 2454 1955 2806">
     <span class='ocr_line' id='line_1_16' title="bbox 600 2454 1953 2556; baseline -0.005 -22"><span class='ocrx_word' id='word_1_124' title='bbox 600 2463 674 2556; x_wconf 79' lang='lat' dir='ltr'><strong>Ego</strong></span> <span class='ocrx_word' id='word_1_125' title='bbox 698 2459 760 2554; x_wconf 90' lang='lat' dir='ltr'><strong>qui</strong></span> <span class='ocrx_word' id='word_1_126' title='bbox 782 2477 887 2554; x_wconf 86' lang='lat' dir='ltr'><strong>supra</strong></span> <span class='ocrx_word' id='word_1_127' title='bbox 912 2455 1076 2552; x_wconf 77' lang='lat' dir='ltr'><strong>magister</strong></span> <span class='ocrx_word' id='word_1_128' title='bbox 1096 2457 1243 2532; x_wconf 89' lang='lat' dir='ltr'><strong>Basilius</strong></span> <span class='ocrx_word' id='word_1_129' title='bbox 1265 2460 1412 2552; x_wconf 82' lang='lat' dir='ltr'><strong>Tuoque,</strong></span> <span class='ocrx_word' id='word_1_130' title='bbox 1432 2455 1547 2548; x_wconf 82' lang='lat' dir='ltr'><strong>jndex</strong></span> <span class='ocrx_word' id='word_1_131' title='bbox 1568 2456 1684 2548; x_wconf 75' lang='lat' dir='ltr'><strong>Regii,</strong></span> <span class='ocrx_word' id='word_1_132' title='bbox 1702 2454 1813 2528; x_wconf 90' lang='lat' dir='ltr'><strong>sciens</strong></span> <span class='ocrx_word' id='word_1_133' title='bbox 1828 2463 1953 2528; x_wconf 87' lang='lat' dir='ltr'><strong>utram·</strong></span> 
     </span>
     <span class='ocr_line' id='line_1_17' title="bbox 550 2582 1955 2684; baseline -0.005 -24"><span class='ocrx_word' id='word_1_134' title='bbox 550 2609 621 2684; x_wconf 88' lang='lat' dir='ltr'><strong>que</strong></span> <span class='ocrx_word' id='word_1_135' title='bbox 636 2587 862 2659; x_wconf 88' lang='lat' dir='ltr'><strong>litteraturam</strong></span> <span class='ocrx_word' id='word_1_136' title='bbox 877 2583 1064 2680; x_wconf 76' lang='lat' dir='ltr'><strong>ydiomatis</strong></span> <span class='ocrx_word' id='word_1_137' title='bbox 1077 2585 1171 2680; x_wconf 80' lang='lat' dir='ltr'><strong>greci</strong></span> <span class='ocrx_word' id='word_1_138' title='bbox 1186 2595 1222 2658; x_wconf 86' lang='lat' dir='ltr'><strong>et</strong></span> <span class='ocrx_word' id='word_1_139' title='bbox 1234 2585 1345 2677; x_wconf 88' lang='lat' dir='ltr'><strong>latini,</strong></span> <span class='ocrx_word' id='word_1_140' title='bbox 1363 2583 1448 2656; x_wconf 88' lang='lat' dir='ltr'><strong>visis</strong></span> <span class='ocrx_word' id='word_1_141' title='bbox 1464 2592 1500 2657; x_wconf 89' lang='lat' dir='ltr'><strong>et</strong></span> <span class='ocrx_word' id='word_1_142' title='bbox 1514 2582 1672 2679; x_wconf 88' lang='lat' dir='ltr'><strong>perlectis</strong></span> <span class='ocrx_word' id='word_1_143' title='bbox 1685 2591 1754 2655; x_wconf 86' lang='lat' dir='ltr'><strong>tem</strong></span> <span class='ocrx_word' id='word_1_144' title='bbox 1766 2582 1955 2678; x_wconf 74' lang='lat' dir='ltr'><strong>grecmpre·</strong></span> 
     </span>
     <span class='ocr_line' id='line_1_18' title="bbox 552 2707 1860 2806; baseline -0.006 -19"><span class='ocrx_word' id='word_1_145' title='bbox 552 2711 657 2787; x_wconf 92' lang='lat' dir='ltr'><strong>dictis</strong></span> <span class='ocrx_word' id='word_1_146' title='bbox 672 2732 780 2805; x_wconf 89' lang='lat' dir='ltr'><strong>quam</strong></span> <span class='ocrx_word' id='word_1_147' title='bbox 796 2709 913 2783; x_wconf 90' lang='lat' dir='ltr'><strong>latinis</strong></span> <span class='ocrx_word' id='word_1_148' title='bbox 930 2708 1121 2804; x_wconf 74' lang='lat' dir='ltr'><strong>privilegiis</strong></span> <span class='ocrx_word' id='word_1_149' title='bbox 1136 2708 1220 2784; x_wconf 93' lang='lat' dir='ltr'><strong>huic</strong></span> <span class='ocrx_word' id='word_1_150' title='bbox 1234 2708 1440 2806; x_wconf 88' lang='lat' dir='ltr'><strong>transcripto</strong></span> <span class='ocrx_word' id='word_1_151' title='bbox 1456 2708 1642 2798; x_wconf 90' lang='lat' dir='ltr'><strong>similibus,</strong></span> <span class='ocrx_word' id='word_1_152' title='bbox 1662 2707 1860 2804; x_wconf 84' lang='lat' dir='ltr'><strong>subscripsi.</strong></span> 
     </span>
    </p>

    <p class='ocr_par' dir='ltr' id='par_1_6' title="bbox 600 2832 1446 2931">
     <span class='ocr_line' id='line_1_19' title="bbox 600 2832 1446 2931; baseline -0.004 -22"><span class='ocrx_word' id='word_1_153' title='bbox 600 2837 675 2931; x_wconf 75' lang='lat' dir='ltr'><strong>ligo</strong></span> <span class='ocrx_word' id='word_1_154' title='bbox 695 2835 900 2908; x_wconf 91' lang='lat' dir='ltr'><strong>Guillelmus</strong></span> <span class='ocrx_word' id='word_1_155' title='bbox 918 2832 963 2907; x_wconf 90' lang='lat' dir='ltr'><strong>de</strong></span> <span class='ocrx_word' id='word_1_156' title='bbox 981 2833 1172 2908; x_wconf 80' lang='lat' dir='ltr'><strong>Cuntabmu</strong></span> <span class='ocrx_word' id='word_1_157' title='bbox 1185 2833 1256 2931; x_wconf 78' lang='lat' dir='ltr'><strong>(i),</strong></span> <span class='ocrx_word' id='word_1_158' title='bbox 1276 2845 1314 2906; x_wconf 82' lang='lat' dir='ltr'><strong>ot</strong></span> <span class='ocrx_word' id='word_1_159' title='bbox 1331 2857 1446 2929; x_wconf 82' lang='lat' dir='ltr'><strong>supro.</strong></span> 
     </span>
    </p>

    <p class='ocr_par' dir='ltr' id='par_1_7' title="bbox 599 2957 1244 3054">
     <span class='ocr_line' id='line_1_20' title="bbox 599 2957 1244 3054; baseline -0.002 -20"><span class='ocrx_word' id='word_1_160' title='bbox 599 2961 674 3054; x_wconf 76' lang='lat' dir='ltr'><strong>Ego</strong></span> <span class='ocrx_word' id='word_1_161' title='bbox 690 2959 867 3034; x_wconf 88' lang='lat' dir='ltr'><strong>Homicius</strong></span> <span class='ocrx_word' id='word_1_162' title='bbox 883 2957 929 3033; x_wconf 89' lang='lat' dir='ltr'><strong>de</strong></span> <span class='ocrx_word' id='word_1_163' title='bbox 946 2959 1056 3052; x_wconf 88' lang='lat' dir='ltr'><strong>Cillio,</strong></span> <span class='ocrx_word' id='word_1_164' title='bbox 1075 2971 1113 3031; x_wconf 81' lang='lat' dir='ltr'><strong>ct</strong></span> <span class='ocrx_word' id='word_1_165' title='bbox 1125 2983 1244 3054; x_wconf 71' lang='lat' dir='ltr'><strong>repro</strong></span> 
     </span>
    </p>

    <p class='ocr_par' dir='ltr' id='par_1_8' title="bbox 600 3083 1778 3182">
     <span class='ocr_line' id='line_1_21' title="bbox 600 3083 1778 3182; baseline -0.003 -25"><span class='ocrx_word' id='word_1_166' title='bbox 600 3085 675 3178; x_wconf 79' lang='lat' dir='ltr'><strong>Ego</strong></span> <span class='ocrx_word' id='word_1_167' title='bbox 689 3085 892 3158; x_wconf 88' lang='lat' dir='ltr'><strong>Guillelmus</strong></span> <span class='ocrx_word' id='word_1_168' title='bbox 905 3084 951 3158; x_wconf 89' lang='lat' dir='ltr'><strong>de</strong></span> <span class='ocrx_word' id='word_1_169' title='bbox 963 3084 1118 3158; x_wconf 90' lang='lat' dir='ltr'><strong>Leandro</strong></span> <span class='ocrx_word' id='word_1_170' title='bbox 1134 3085 1296 3182; x_wconf 88' lang='lat' dir='ltr'><strong>publicus</strong></span> <span class='ocrx_word' id='word_1_171' title='bbox 1313 3085 1469 3158; x_wconf 86' lang='lat' dir='ltr'><strong>notarius</strong></span> <span class='ocrx_word' id='word_1_172' title='bbox 1481 3083 1593 3180; x_wconf 75' lang='lat' dir='ltr'><strong>Regii,</strong></span> <span class='ocrx_word' id='word_1_173' title='bbox 1610 3093 1649 3156; x_wconf 81' lang='lat' dir='ltr'><strong>ut</strong></span> <span class='ocrx_word' id='word_1_174' title='bbox 1661 3105 1778 3177; x_wconf 83' lang='lat' dir='ltr'><strong>repro.</strong></span> 
     </span>
    </p>

    <p class='ocr_par' dir='ltr' id='par_1_9' title="bbox 601 3206 1959 3307">
     <span class='ocr_line' id='line_1_22' title="bbox 601 3206 1959 3307; baseline -0.004 -25"><span class='ocrx_word' id='word_1_175' title='bbox 601 3210 675 3305; x_wconf 78' lang='lat' dir='ltr'><strong>Ego</strong></span> <span class='ocrx_word' id='word_1_176' title='bbox 701 3211 882 3306; x_wconf 79' lang='lat' dir='ltr'><strong>presbyter</strong></span> <span class='ocrx_word' id='word_1_177' title='bbox 900 3210 1063 3283; x_wconf 89' lang='lat' dir='ltr'><strong>Cesenins</strong></span> <span class='ocrx_word' id='word_1_178' title='bbox 1083 3221 1273 3307; x_wconf 89' lang='lat' dir='ltr'><strong>protopapa</strong></span> <span class='ocrx_word' id='word_1_179' title='bbox 1297 3220 1386 3284; x_wconf 89' lang='lat' dir='ltr'><strong>terre</strong></span> <span class='ocrx_word' id='word_1_180' title='bbox 1409 3209 1525 3284; x_wconf 84' lang='lat' dir='ltr'><strong>Sancti</strong></span> <span class='ocrx_word' id='word_1_181' title='bbox 1547 3207 1691 3300; x_wconf 84' lang='lat' dir='ltr'><strong>Nicbiti,</strong></span> <span class='ocrx_word' id='word_1_182' title='bbox 1717 3218 1755 3280; x_wconf 83' lang='lat' dir='ltr'><strong>ot</strong></span> <span class='ocrx_word' id='word_1_183' title='bbox 1774 3230 1877 3302; x_wconf 81' lang='lat' dir='ltr'><strong>supro</strong></span> <span class='ocrx_word' id='word_1_184' title='bbox 1896 3206 1959 3277; x_wconf 77' lang='lat' dir='ltr'><strong>nisi</strong></span> 
     </span>
    </p>
   </div>
   <div class='ocr_carea' id='block_1_3' title="bbox 551 3335 1956 3682">
    <p class='ocr_par' dir='ltr' id='par_1_10' title="bbox 551 3335 1956 3682">
     <span class='ocr_line' id='line_1_23' title="bbox 552 3335 1018 3440; baseline -0.002 -33"><span class='ocrx_word' id='word_1_185' title='bbox 552 3335 638 3430; x_wconf 78' lang='lat' dir='ltr'><strong>qttotl</strong></span> <span class='ocrx_word' id='word_1_186' title='bbox 655 3362 665 3406; x_wconf 90' lang='lat'><em>:</em></span> <span class='ocrx_word' id='word_1_187' title='bbox 684 3339 842 3440; x_wconf 71' lang='grc' dir='ltr'>ὑπίγραψοί</span> <span class='ocrx_word' id='word_1_188' title='bbox 858 3335 1018 3434; x_wconf 76' lang='grc' dir='ltr'>ιδιοχείρος.</span> 
     </span>
     <span class='ocr_line' id='line_1_24' title="bbox 600 3455 1956 3559; baseline -0.004 -25"><span class='ocrx_word' id='word_1_189' title='bbox 600 3461 676 3556; x_wconf 76' lang='lat' dir='ltr'><strong>Ego</strong></span> <span class='ocrx_word' id='word_1_190' title='bbox 692 3463 754 3556; x_wconf 90' lang='lat' dir='ltr'><strong>qui</strong></span> <span class='ocrx_word' id='word_1_191' title='bbox 778 3483 884 3558; x_wconf 89' lang='lat' dir='ltr'><strong>supra</strong></span> <span class='ocrx_word' id='word_1_192' title='bbox 901 3461 1066 3556; x_wconf 79' lang='lat' dir='ltr'><strong>magister</strong></span> <span class='ocrx_word' id='word_1_193' title='bbox 1087 3460 1259 3536; x_wconf 87' lang='lat' dir='ltr'><strong>Nicander</strong></span> <span class='ocrx_word' id='word_1_194' title='bbox 1274 3461 1438 3559; x_wconf 92' lang='lat' dir='ltr'><strong>publicus</strong></span> <span class='ocrx_word' id='word_1_195' title='bbox 1455 3459 1611 3534; x_wconf 82' lang='lat' dir='ltr'><strong>notarius</strong></span> <span class='ocrx_word' id='word_1_196' title='bbox 1628 3457 1729 3554; x_wconf 74' lang='lat' dir='ltr'><strong>liegii</strong></span> <span class='ocrx_word' id='word_1_197' title='bbox 1749 3455 1956 3546; x_wconf 84' lang='lat' dir='ltr'><strong>translatari,</strong></span> 
     </span>
     <span class='ocr_line' id='line_1_25' title="bbox 551 3587 936 3682; baseline -0.005 -22"><span class='ocrx_word' id='word_1_198' title='bbox 551 3587 673 3682; x_wconf 88' lang='lat' dir='ltr'><strong>scripsi</strong></span> <span class='ocrx_word' id='word_1_199' title='bbox 687 3595 721 3660; x_wconf 90' lang='lat' dir='ltr'><strong>et</strong></span> <span class='ocrx_word' id='word_1_200' title='bbox 734 3587 936 3682; x_wconf 86' lang='lat' dir='ltr'><strong>subscripsi.</strong></span> 
     </span>
    </p>
   </div>
   <div class='ocr_carea' id='block_1_4' title="bbox 547 3761 1960 4166">
    <p class='ocr_par' dir='ltr' id='par_1_11' title="bbox 590 3761 1359 3846">
     <span class='ocr_line' id='line_1_26' title="bbox 590 3761 1359 3846; baseline -0.001 -21"><span class='ocrx_word' id='word_1_201' title='bbox 590 3761 631 3846; x_wconf 80' lang='lat' dir='ltr'><strong>(a)</strong></span> <span class='ocrx_word' id='word_1_202' title='bbox 652 3765 807 3827; x_wconf 79' lang='lat' dir='ltr'><strong>Iolttclsmtt</strong></span> <span class='ocrx_word' id='word_1_203' title='bbox 821 3781 874 3843; x_wconf 78' lang='lat' dir='ltr'><strong>pro</strong></span> <span class='ocrx_word' id='word_1_204' title='bbox 887 3763 990 3846; x_wconf 68' lang='grc' dir='ltr'><strong>κριτὴς.</strong></span> <span class='ocrx_word' id='word_1_205' title='bbox 1357 3817 1359 3824; x_wconf 94' lang='grc'>.</span> 
     </span>
    </p>

    <p class='ocr_par' dir='ltr' id='par_1_12' title="bbox 547 3869 1960 4041">
     <span class='ocr_line' id='line_1_27' title="bbox 591 3869 1960 3952; baseline -0.001 -20"><span class='ocrx_word' id='word_1_206' title='bbox 591 3869 632 3951; x_wconf 80' lang='lat' dir='ltr'><strong>(d)</strong></span> <span class='ocrx_word' id='word_1_207' title='bbox 655 3871 826 3952; x_wconf 76' lang='lat' dir='ltr'><strong>legendum</strong></span> <span class='ocrx_word' id='word_1_208' title='bbox 839 3876 979 3951; x_wconf 80' lang='lat' dir='ltr'><strong>proponit</strong></span> <span class='ocrx_word' id='word_1_209' title='bbox 996 3871 1025 3934; x_wconf 84' lang='lat' dir='ltr'><strong>J.</strong></span> <span class='ocrx_word' id='word_1_210' title='bbox 1041 3872 1234 3935; x_wconf 82' lang='lat' dir='ltr'><strong>Minervlnlus</strong></span> <span class='ocrx_word' id='word_1_211' title='bbox 1255 3873 1404 3949; x_wconf 75' lang='grc' dir='ltr'>δηλοῦντο;</span> <span class='ocrx_word' id='word_1_212' title='bbox 1416 3871 1550 3932; x_wconf 76' lang='grc' dir='ltr'>λαλοῦντα</span> <span class='ocrx_word' id='word_1_213' title='bbox 1567 3887 1637 3933; x_wconf 82' lang='lat' dir='ltr'><strong>vero</strong></span> <span class='ocrx_word' id='word_1_214' title='bbox 1657 3887 1720 3932; x_wconf 89' lang='lat' dir='ltr'><strong>non</strong></span> <span class='ocrx_word' id='word_1_215' title='bbox 1740 3871 1841 3931; x_wconf 83' lang='lat' dir='ltr'><strong>miuus</strong></span> <span class='ocrx_word' id='word_1_216' title='bbox 1857 3873 1960 3930; x_wconf 80' lang='lat' dir='ltr'><strong>recum</strong></span> 
     </span>
     <span class='ocr_line' id='line_1_28' title="bbox 547 3979 677 4041; baseline 0.008 -1"><span class='ocrx_word' id='word_1_217' title='bbox 547 3979 677 4041; x_wconf 84' lang='lat' dir='ltr'><strong>uidetur.</strong></span> 
     </span>
    </p>

    <p class='ocr_par' dir='ltr' id='par_1_13' title="bbox 591 4080 1111 4166">
     <span class='ocr_line' id='line_1_29' title="bbox 591 4080 1111 4166; baseline 0 -21"><span class='ocrx_word' id='word_1_218' title='bbox 591 4083 624 4166; x_wconf 85' lang='lat' dir='ltr'><strong>(c)</strong></span> <span class='ocrx_word' id='word_1_219' title='bbox 645 4087 781 4148; x_wconf 79' lang='lat' dir='ltr'><strong>Forsitan</strong></span> <span class='ocrx_word' id='word_1_220' title='bbox 793 4085 951 4164; x_wconf 78' lang='lat' dir='ltr'><strong>legendum</strong></span> <span class='ocrx_word' id='word_1_221' title='bbox 964 4083 999 4146; x_wconf 78' lang='lat' dir='ltr'><strong>de</strong></span> <span class='ocrx_word' id='word_1_222' title='bbox 1012 4080 1111 4146; x_wconf 71' lang='lat' dir='ltr'><strong>Scilla</strong></span> 
     </span>
    </p>
   </div>
   <div class='ocr_carea' id='block_1_5' title="bbox 550 4369 1964 4648">
    <p class='ocr_par' dir='ltr' id='par_1_14' title="bbox 550 4369 1964 4648">
     <span class='ocr_line' id='line_1_30' title="bbox 586 4369 1964 4452; baseline -0.002 -20"><span class='ocrx_word' id='word_1_223' title='bbox 586 4371 623 4449; x_wconf 84' lang='lat' dir='ltr'><strong>(t)</strong></span> <span class='ocrx_word' id='word_1_224' title='bbox 641 4375 795 4433; x_wconf 85' lang='lat' dir='ltr'><strong>Notandum</strong></span> <span class='ocrx_word' id='word_1_225' title='bbox 809 4375 882 4450; x_wconf 87' lang='lat' dir='ltr'><strong>quod</strong></span> <span class='ocrx_word' id='word_1_226' title='bbox 895 4375 1145 4434; x_wconf 79' lang='lat' dir='ltr'><strong>archimandritam</strong></span> <span class='ocrx_word' id='word_1_227' title='bbox 1160 4392 1230 4436; x_wconf 83' lang='lat' dir='ltr'><strong>anno</strong></span> <span class='ocrx_word' id='word_1_228' title='bbox 1243 4379 1312 4438; x_wconf 77' lang='lat' dir='ltr'><strong>last</strong></span> <span class='ocrx_word' id='word_1_229' title='bbox 1327 4392 1382 4435; x_wconf 91' lang='lat' dir='ltr'><strong>non</strong></span> <span class='ocrx_word' id='word_1_230' title='bbox 1394 4376 1503 4452; x_wconf 89' lang='lat' dir='ltr'><strong>petierit</strong></span> <span class='ocrx_word' id='word_1_231' title='bbox 1515 4375 1718 4435; x_wconf 85' lang='lat' dir='ltr'><strong>translationem</strong></span> <span class='ocrx_word' id='word_1_232' title='bbox 1732 4375 1767 4434; x_wconf 93' lang='lat' dir='ltr'><strong>de</strong></span> <span class='ocrx_word' id='word_1_233' title='bbox 1781 4388 1876 4450; x_wconf 60' lang='lat' dir='ltr'><strong>meon</strong></span> <span class='ocrx_word' id='word_1_234' title='bbox 1888 4371 1916 4429; x_wconf 89' lang='lat' dir='ltr'><strong>in</strong></span> <span class='ocrx_word' id='word_1_235' title='bbox 1929 4369 1964 4427; x_wconf 88' lang='lat' dir='ltr'><strong>la·</strong></span> 
     </span>
     <span class='ocr_line' id='line_1_31' title="bbox 552 4469 1964 4550; baseline 0.001 -24"><span class='ocrx_word' id='word_1_236' title='bbox 552 4469 652 4543; x_wconf 85' lang='lat' dir='ltr'><strong>tinum,</strong></span> <span class='ocrx_word' id='word_1_237' title='bbox 666 4472 694 4528; x_wconf 92' lang='lat' dir='ltr'><strong>in</strong></span> <span class='ocrx_word' id='word_1_238' title='bbox 705 4488 775 4530; x_wconf 90' lang='lat' dir='ltr'><strong>anno</strong></span> <span class='ocrx_word' id='word_1_239' title='bbox 788 4489 852 4531; x_wconf 89' lang='lat' dir='ltr'><strong>vero</strong></span> <span class='ocrx_word' id='word_1_240' title='bbox 869 4476 937 4533; x_wconf 77' lang='lat'><strong>⁴252</strong></span> <span class='ocrx_word' id='word_1_241' title='bbox 950 4473 1020 4532; x_wconf 84' lang='lat' dir='ltr'><strong>banc</strong></span> <span class='ocrx_word' id='word_1_242' title='bbox 1038 4475 1187 4532; x_wconf 80' lang='lat' dir='ltr'><strong>faciendam</strong></span> <span class='ocrx_word' id='word_1_243' title='bbox 1201 4480 1383 4550; x_wconf 88' lang='lat' dir='ltr'><strong>opportunum</strong></span> <span class='ocrx_word' id='word_1_244' title='bbox 1397 4475 1518 4546; x_wconf 80' lang='lat' dir='ltr'><strong>duxerit3</strong></span> <span class='ocrx_word' id='word_1_245' title='bbox 1533 4475 1605 4548; x_wconf 86' lang='lat' dir='ltr'><strong>quod</strong></span> <span class='ocrx_word' id='word_1_246' title='bbox 1621 4474 1725 4533; x_wconf 89' lang='lat' dir='ltr'><strong>indicat</strong></span> <span class='ocrx_word' id='word_1_247' title='bbox 1740 4473 1845 4547; x_wconf 79' lang='lat' dir='ltr'><strong>linguae</strong></span> <span class='ocrx_word' id='word_1_248' title='bbox 1859 4482 1964 4545; x_wconf 77' lang='lat' dir='ltr'><strong>graecas</strong></span> 
     </span>
     <span class='ocr_line' id='line_1_32' title="bbox 550 4569 1900 4648; baseline 0.002 -24"><span class='ocrx_word' id='word_1_249' title='bbox 550 4581 631 4624; x_wconf 87' lang='lat' dir='ltr'><strong>usum</strong></span> <span class='ocrx_word' id='word_1_250' title='bbox 643 4569 715 4626; x_wconf 89' lang='lat' dir='ltr'><strong>circa</strong></span> <span class='ocrx_word' id='word_1_251' title='bbox 725 4569 871 4629; x_wconf 76' lang='lat' dir='ltr'><strong>secundam</strong></span> <span class='ocrx_word' id='word_1_252' title='bbox 882 4577 987 4646; x_wconf 90' lang='lat' dir='ltr'><strong>partem</strong></span> <span class='ocrx_word' id='word_1_253' title='bbox 1000 4571 1084 4632; x_wconf 84' lang='lat' dir='ltr'><strong>seculi</strong></span> <span class='ocrx_word' id='word_1_254' title='bbox 1097 4571 1194 4630; x_wconf 88' lang='lat' dir='ltr'><strong>decimi</strong></span> <span class='ocrx_word' id='word_1_255' title='bbox 1208 4573 1279 4630; x_wconf 81' lang='lat' dir='ltr'><strong>tertii</strong></span> <span class='ocrx_word' id='word_1_256' title='bbox 1289 4573 1347 4645; x_wconf 84' lang='lat' dir='ltr'><strong>jann</strong></span> <span class='ocrx_word' id='word_1_257' title='bbox 1357 4571 1473 4632; x_wconf 87' lang='lat' dir='ltr'><strong>multum</strong></span> <span class='ocrx_word' id='word_1_258' title='bbox 1487 4573 1558 4648; x_wconf 89' lang='lat' dir='ltr'><strong>apud</strong></span> <span class='ocrx_word' id='word_1_259' title='bbox 1572 4571 1700 4632; x_wconf 79' lang='lat' dir='ltr'><strong>Calabros</strong></span> <span class='ocrx_word' id='word_1_260' title='bbox 1712 4573 1900 4646; x_wconf 79' lang='lat' dir='ltr'><strong>degenerasse.</strong></span> 
     </span>
    </p>
   </div>
   <div class='ocr_carea' id='block_1_6' title="bbox 0 0 2154 5893">
    <p class='ocr_par' dir='ltr' id='par_1_15' title="bbox 0 0 2154 5893">
     <span class='ocr_line' id='line_1_33' title="bbox 0 0 2154 5893; baseline 0 0"><span class='ocrx_word' id='word_1_261' title='bbox 0 0 2154 5893; x_wconf 95' lang='lat' dir='ltr'><strong> </strong></span> 
     </span>
    </p>
   </div>
  </div>
 </body>
</html>
