4272 5886
531 460 592 524 sto
1033 457 1247 520 latosnlct
1272 458 1443 522 sectant
1758 463 1840 548 [ltu
1859 469 1958 530 lm.

532 599 623 672 racto
638 593 819 670 advocatie
834 594 949 668 extitit
963 595 1176 692 premunita,
1197 596 1396 671 celsitudini
1416 605 1532 672 nostre
1554 598 1716 672 stantius
1739 604 1959 699 supplicavit

534 734 706 820 quatenus
721 743 825 818 super
839 720 1090 816 indempnitate
1103 721 1213 816 ipsius
1228 725 1422 797 monasterii
1443 724 1667 820 dignaremur
1680 727 1957 802 misericorditer

537 848 732 946 providere.
761 847 830 920 Nos
853 845 970 940 itaque
999 845 1191 941 privilegiis
1221 849 1297 940 ejus
1328 848 1491 944 inspectis
1516 857 1553 922 et
1577 849 1724 942 coguitis
1757 853 1958 927 rationibus

536 995 626 1068 quas
642 994 747 1068 super
760 969 916 1064 ejusdem
933 970 999 1044 loci
1018 969 1201 1044 advocatia
1216 970 1397 1046 evidenter
1412 973 1575 1066 ostendit,
1594 975 1667 1046 suis
1682 977 1788 1069 justis
1808 981 1957 1074 suppli-

537 1097 730 1171 cationibus
747 1105 956 1186 annuentes,
977 1105 1012 1168 et
1031 1095 1269 1168 investituram
1294 1097 1384 1190 regis
1402 1096 1464 1169 lilii
1483 1099 1590 1171 nostri
1612 1121 1718 1194 qnam
1737 1103 1837 1176 salvo
1852 1126 1957 1176 man-

537 1223 619 1297 dato
642 1231 677 1296 et
693 1222 871 1294 voluntate
893 1232 1010 1295 nostra
1032 1221 1159 1294 lecerat
1180 1230 1215 1293 et
1235 1220 1403 1318 quicquid
1428 1221 1512 1296 iude
1536 1245 1597 1320 per
1613 1225 1773 1297 comitem
1795 1226 1843 1299 de
1862 1228 1955 1300 Tirol

424 1435 427 1442 Ι
538 1351 573 1422 in
593 1346 823 1445 prejudicium
851 1345 961 1442 ipsius
984 1345 1126 1418 ecclesie
1147 1356 1385 1442 attemptatum
1405 1348 1516 1421 luerat
1540 1349 1596 1420 vel
1614 1349 1659 1421 ab
1678 1349 1802 1423 eodem
1826 1352 1955 1424 comite

538 1475 614 1548 sine
633 1471 862 1570 postulatione
878 1471 1012 1544 abbatis
1033 1479 1151 1544 contra
1174 1480 1325 1544 tenorem
1348 1472 1607 1568 privilegiorum
1629 1474 1785 1566 ejusdem
1808 1477 1955 1549 ecclesie

540 1599 658 1671 illicite
676 1598 918 1694 impetratum,
940 1594 985 1669 de
1004 1595 1145 1668 consilio
1165 1596 1360 1692 principum
1377 1609 1460 1670 tunc
1477 1599 1640 1694 temporis
1657 1598 1694 1670 in
1715 1600 1813 1674 curia
1835 1613 1953 1673 nesta

540 1725 768 1820 presentium,
796 1721 832 1792 in
860 1719 994 1792 irritum
1018 1729 1235 1809 revocantes,
1258 1722 1558 1817 pronuntiavimus
1582 1733 1621 1794 ut
1644 1721 1821 1820 predictus
1845 1725 1954 1797 abbas

541 1848 697 1922 Retensis
712 1845 857 1920 ecclesie
871 1867 975 1939 quem
994 1845 1100 1919 vellet
1117 1845 1163 1919 ad
1181 1845 1337 1942 ejusdem
1353 1849 1496 1922 ecclesie
1510 1849 1744 1923 defensionem
1766 1852 1955 1944 postularet

539 1975 641 2070 juxta
654 1970 939 2045 consuetudinem
949 1970 1169 2044 advocatum.
1185 1973 1405 2067 Verumque
1418 1973 1835 2072 dictusabbasadipsius
1848 1975 1954 2049 advo·

542 2099 630 2172 catie
647 2097 800 2192 regimen
820 2097 1003 2192 imperium
1021 2095 1209 2191 postulavit
1224 2106 1258 2170 et
1276 2119 1339 2170 nos
1356 2096 1512 2170 eamdem
1532 2099 1712 2171 ecclesiam
1727 2100 1795 2172 sub
1813 2101 1956 2173 tuitione

542 2233 657 2297 nostra
675 2221 867 2317 recepimus
885 2231 920 2293 et
936 2221 1074 2314 lavore,
1094 2243 1138 2294 ne
1154 2243 1217 2318 pro
1234 2221 1389 2295 absentia
1403 2234 1518 2295 nostra
1533 2245 1719 2318 gravamen
1737 2233 1773 2296 et
1783 2225 1953 2317 jacturam

541 2349 693 2443 aliquam
710 2347 906 2438 sustineret,
925 2343 972 2418 ad
987 2346 1250 2441 postulationem
1266 2345 1348 2420 dicti
1363 2348 1498 2421 abbatis
1514 2348 1672 2422 eamdem
1687 2349 1908 2424 advocatiam
1920 2352 1953 2420 in

541 2474 626 2544 Rota
642 2471 767 2544 dilecto
794 2470 887 2546 fideli
911 2480 1027 2543 nostro
1055 2471 1169 2543 comiti
1192 2471 1323 2544 Cononi
1352 2471 1397 2545 de
1419 2473 1666 2546 Wasserburch
1692 2475 1901 2546 contulimus
1922 2487 1955 2546 et

544 2595 710 2671 tuendam
729 2596 964 2670 commisimus
978 2596 1053 2669 loco
1073 2597 1180 2668 nostri
1202 2624 1211 2668 ε
1234 2597 1292 2668 tali
1307 2596 1468 2671 videlicet
1482 2597 1585 2670 modo
1600 2605 1639 2669 ut
1652 2619 1694 2670 ea
1709 2620 1780 2694 quc
1794 2599 1832 2669 in
1849 2599 1953 2694 impe·

543 2723 635 2796 rium
652 2695 696 2796 de
709 2721 785 2818 ipsa
797 2721 979 2795 advocatia
992 2729 1148 2816 spectant
1158 2721 1328 2818 quamdiu
1345 2720 1437 2794 idem
1455 2743 1569 2794 comes
1580 2721 1710 2794 vixerit
1726 2720 1854 2795 cedant
1869 2723 1951 2810 sibi,

544 2871 609 2922 nec
622 2848 722 2921 liccat
734 2847 767 2921 ei
781 2845 878 2920 aliud
892 2868 997 2943 quam
1013 2856 1128 2919 nostro
1141 2846 1286 2942 imperio
1299 2847 1447 2944 pertinet
1459 2846 1639 2920 occasione
1652 2847 1764 2942 ipsius
1777 2845 1954 2920 advocatie

544 2975 590 3046 ab
602 2972 724 3045 eadem
738 2971 877 3044 Rotensi
895 2971 1038 3044 ecclesia
1057 2968 1210 3044 indebite
1227 2979 1435 3068 extorquere
1453 2973 1508 3044 vel
1526 2994 1602 3045 eam
1621 2971 1787 3045 indebitis
1804 2973 1950 3046 exactio·

544 3097 651 3170 nibus
675 3117 876 3190 aggravare.
898 3095 975 3192 ,Qui
1003 3095 1032 3168 si
1055 3104 1173 3169 contra
1191 3097 1358 3193 presentis
1385 3096 1635 3170 commissionis
1656 3108 1774 3170 nostre
1796 3098 1950 3192 paginam

545 3228 780 3318 attemptaret,
802 3220 911 3293 abbas
935 3220 1079 3318 predicti
1098 3221 1164 3294 loci
1182 3230 1382 3318 potestatem
1401 3223 1527 3295 habeat
1542 3245 1563 3296 a
1581 3223 1681 3295 nobis
1701 3233 1736 3294 et
1755 3223 1802 3294 ab
1817 3222 1951 3318 imperio

545 3347 686 3442 petendi
696 3345 1034 3437 aliumadvocatum,
1047 3346 1107 3417 ubi
1121 3345 1165 3419 de
1177 3346 1358 3420 manifesto
1369 3347 1568 3441 gravamine
1582 3357 1617 3419 et
1629 3346 1795 3419 indebitis
1808 3347 1952 3419 exactio·

545 3473 650 3544 nibus
666 3471 821 3563 ejusdem
840 3470 973 3541 comitis
990 3470 1091 3541 nobis
1110 3478 1145 3542 et
1159 3470 1304 3566 imperio
1319 3471 1508 3543 constiterit
1527 3473 1716 3544 manifeste.
1736 3471 1953 3544 Prohibemus

546 3599 688 3691 insuper
703 3607 742 3666 ut
759 3595 868 3667 abbas
881 3603 916 3667 et
930 3605 1122 3667 conventus
1136 3595 1245 3690 ipsius
1258 3595 1402 3670 ecclesie
1415 3607 1532 3669 contra
1547 3595 1709 3668 eumdem
1730 3597 1889 3668 comitem
1904 3594 1953 3666 vel

545 3719 785 3793 malevolentia
805 3719 860 3791 vel
884 3719 1047 3792 instinctu
1066 3719 1183 3815 aliquo
1208 3741 1276 3791 non
1299 3719 1475 3814 procedat.
1493 3719 1682 3793 Statuimus
1703 3720 1809 3792 ctiam
1826 3731 1863 3791 et
1883 3741 1954 3814 pre·

545 3846 651 3920 sentis
668 3844 785 3940 scripti
801 3845 1003 3917 auctoritate
1020 3843 1194 3919 sancimus
1208 3854 1248 3916 ut
1261 3845 1290 3916 si
1304 3843 1479 3939 predictus
1495 3867 1610 3917 comes
1622 3843 1801 3916 Conradus
1814 3841 1954 3915 heredes

546 3980 625 4068 post
642 3993 680 4042 se
703 3969 872 4044 dimiserit
888 3967 950 4063 qui
969 3969 1015 4042 ad
1038 3969 1147 4065 ipsius
1166 3969 1322 4040 Roteusis
1340 3969 1483 4042 ecclesie
1507 3969 1686 4042 tuitionem
1701 3968 1911 4040 sufficientes
1925 3977 1955 4037 et

547 4095 663 4170 idonei
682 4093 886 4186 habeantur,
912 4093 958 4167 ad
981 4095 1245 4189 postulationem
1269 4093 1353 4167 dicti
1374 4093 1510 4168 abbatis
1531 4094 1566 4166 in
1591 4093 1773 4166 advocatia
1801 4093 1879 4188 ipsa
1901 4111 1955 4186 pro

547 4231 644 4317 parte
662 4219 797 4314 imperii
819 4218 912 4292 dicto
926 4219 1014 4313 patri
1030 4241 1094 4290 suo
1109 4218 1318 4312 succedant,
1335 4220 1457 4293 eadem
1477 4229 1604 4292 statuta
1619 4229 1734 4291 nost-ra
1747 4241 1819 4313 que
1834 4217 1957 4288 indicta

547 4353 629 4416 sunt
647 4344 733 4440 patri
753 4354 788 4416 et
803 4345 870 4416 sub
885 4342 1082 4417 conditione
1102 4343 1205 4415 simili
1229 4344 1411 4416 servaturi.
1429 4343 1483 4416 Ad
1506 4335 1611 4436 hujus
1630 4343 1750 4439 itaque
1772 4341 1958 4415 collationis

548 4480 582 4540 et
597 4469 846 4541 commissionis
866 4478 981 4541 nostre
1001 4467 1201 4540 memoriam
1220 4477 1254 4540 et
1271 4469 1427 4541 stabilem
1451 4467 1664 4558 firmitatem,
1687 4466 1759 4539 duo
1773 4465 1958 4538 consimilia

547 4593 674 4688 scripta
690 4592 763 4664 lieri
784 4595 927 4666 lecimus
944 4602 979 4664 et
995 4593 1098 4686 sigilli
1118 4593 1225 4666 nostri
1241 4593 1364 4666 robore
1379 4594 1547 4687 jussimus
1568 4591 1795 4681 communiri,
1813 4609 1956 4686 quorum
