4292 5894
208 576 306 641 inm.
326 575 386 661 rt]
660 571 857 636 ursronra
882 571 1175 636 nrruouarrcr.
1202 538 1207 548 '
1565 566 1626 632 aar

208 713 374 809 respicias
395 721 431 786 et
451 711 499 785 ad
517 730 582 784 nos
607 708 829 784 landabiliter
854 709 1058 807 expeditum
1087 710 1162 783 eine
1184 710 1288 803 longa
1316 707 1481 783 dilatione
1506 715 1624 781 trans-

206 839 321 912 mittas
337 835 404 934 (l).

258 965 381 1037 ilatum
395 961 528 1058 Signis,
544 959 753 1035 llkalendas
765 959 859 1053 julii,
875 957 1095 1055 pontificatue
1115 958 1222 1032 nostri
1239 979 1330 1032 anno
1347 959 1421 1031 llll.

451 1213 587 1222 mmu·
591 1214 618 1222 u-
622 1213 1081 1222 -σ--ι-ι--ψ--α-...ι--η--η--υ-ι
1085 1213 1194 1222 --.-,--,-.
1200 1213 1204 1218 .
1209 1213 1221 1219 ..
1226 1213 1265 1220 --a-
1269 1212 1362 1220 -.-...---
1367 1210 1392 1218 --

262 1456 494 1566 Friderieus‚
509 1457 770 1541 Romanorum
791 1457 1013 1568 imperator,
1031 1458 1081 1541 ad
1103 1482 1232 1567 preces
1249 1456 1349 1540 Petri
1367 1455 1517 1539 diaconi
1530 1481 1625 1540 car-
1665 1481 1820 1590 'tw‘

209 1591 350 1676 dinalis
364 1591 493 1676 Sancti
508 1591 659 1704 Georgii
676 1592 726 1674 ad
740 1591 869 1676 velum
887 1617 1049 1676 aureum
1062 1591 1188 1675 dilecti
1205 1589 1316 1674 amici
1332 1590 1405 1694 sui,
1422 1599 1625 1675 monaste·
1706 1592 1774 1650 ³⁸⁸⁰·

208 1724 312 1808 rium
330 1724 458 1810 Sancti
471 1725 571 1810 Petri
590 1725 638 1808 de
655 1724 860 1835 Amolphia
878 1724 1134 1809 Cisterciensis
1150 1725 1296 1809 ordinis
1312 1723 1363 1809 ab
1380 1725 1514 1810 eodem
1531 1751 1626 1808 car-

210 1858 339 1943 dinale
356 1858 560 1942 fundatum
578 1858 617 1940 in
633 1885 704 1942 sua
721 1860 953 1970 protectione
970 1858 1148 1969 suscipit,
1163 1859 1274 1971 eique
1287 1857 1489 1942 confirmat
1501 1859 1630 1944 locum

211 1994 250 2076 in
274 2021 353 2105 quo
375 2003 636 2080 constructum
661 2003 719 2078 est
741 2022 830 2078 cum
852 1995 1082 2102 tenimento,
1101 1993 1286 2105 capellam
1306 1993 1435 2077 Sancti
1461 1993 1562 2078 Petri
1582 1994 1631 2076 de

210 2129 347 2213 Tuxoli
362 2129 533 2240 aliasque
545 2129 804 2241 possessiones
822 2155 920 2240 quas
935 2128 984 2213 ab
1002 2128 1137 2214 eodem
1150 2127 1354 2213 fundatore
1366 2137 1469 2212 tenet
1483 2126 1560 2240 (2).

290 2315 460 2397 (Memorat
476 2335 524 2397 ap.
536 2318 701 2392 mumma,
716 2316 826 2399 liopert
842 2317 958 2398 tropea,
971 2335 999 2396 p.
1019 2327 1088 2391 126,
1102 2331 1136 2379 n⁰
1151 2326 1228 2392 528,
1242 2335 1280 2380 ex
1293 2319 1379 2396 eopla
1392 2318 1484 2380 seeull
1495 2317 1567 2382 XVI
1579 2335 1630 2398 ep,

331 2424 490 2488 Amaltlam
505 2425 723 2487 aBethmanno
737 2423 978 2504 communicata.)

214 2584 314 2595 ..nau-n-
650 2583 1013 2592 ------u·--—-——.—·-
1019 2583 1301 2592 —u———n———m
1556 2585 1626 2596 ...-

248 2665 285 2739 (t)
300 2663 538 2734 «Quidnamvero
551 2663 586 2722 ad
599 2663 832 2722 hemedesdore
847 2663 970 2738 responsi
985 2661 1132 2721 reddiderit
1141 2679 1238 2738 parurn
1251 2663 1418 2740 exploratum
1437 2671 1480 2722 est
1497 2681 1503 2721 :
1519 2671 1548 2724 at
1567 2681 1631 2726 oon·

214 2782 229 2818 r
243 2763 379 2821 sentaneis
393 2761 486 2821 officiis
500 2761 626 2836 injuriam
639 2761 772 2821 delevisse
785 2761 849 2819 inde
860 2761 1019 2835 conjicimus
1036 2760 1109 2836 quod
1123 2761 1226 2820 similes
1238 2763 1363 2836 querelas
1374 2763 1485 2821 minime
1503 2765 1633 2840 repetitas

214 2880 230 2916 ι
243 2861 402 2937 reperimus.
416 2861 474 2919 lmo
485 2865 559 2919 extat
570 2861 600 2918 in
612 2859 682 2918 libro
696 2859 897 2936 privilegiorum
913 2859 1050 2918 Romanae
1061 2859 1199 2919 Ecclesiae
1210 2860 1364 2936 exemplum
1374 2860 1565 2934 jurisjurandi,
1577 2879 1633 2938 qno

214 2981 229 3017 r
244 2957 398 3020 Frideticm
410 2964 493 3034 atque
503 2957 637 3017 ilenricus
645 2974 693 3016 rex
705 2957 764 3032 ejus
777 2955 848 3016 filius
858 2973 888 3016 se
901 2956 930 3014 in
941 2963 1105 3032 potestatem
1120 2957 1199 3017 Sedis
1211 2958 1373 3034 apostolicae
1384 2959 1488 3018 intrares
1498 2959 1550 3018 hoo
1562 2975 1634 3020 anno

215 3058 354 3134 »pollieiti
366 3062 430 3117 sunt
443 3057 563 3132 nihilque
581 3056 646 3114 meli
663 3056 795 3115 adversus
816 3055 965 3115 Romanam
977 3055 1128 3116 Ecclesiam
1146 3073 1266 3132 unquam
1285 3057 1433 3116 molituros.
1447 3077 1461 3112 r
1476 3059 1631 3132 Remum,

212 3156 314 3216 ΑΜ.
325 3155 426 3227 mles,
436 3154 545 3213 ididan.
557 3155 667 3214 Nullum
680 3161 772 3214 nmen
783 3153 889 3214 aliunde
902 3155 1045 3230 vestigium
1054 3155 1207 3215 invenimus
1214 3155 1295 3232 hujus
1305 3156 1466 3231 juramenti,
1476 3159 1550 3233 quod
1563 3174 1632 3217 nnn-

213 3269 294 3330 quam
306 3255 335 3312 in
348 3255 436 3314 lucem
444 3253 553 3330 prodiit.

249 3353 286 3428 (2)
304 3353 364 3412 lluc
376 3353 512 3428 pectinem
524 3351 632 3411 videtur
644 3350 697 3410 hoc
709 3350 889 3425 fragmentum
906 3353 1069 3429 transumpti
1086 3369 1148 3412 ann.
1170 3355 1251 3425 ⁴388,
1262 3353 1291 3411 in
1305 3370 1360 3428 quo
1376 3353 1483 3414 dumea
1495 3355 1634 3432 priuilegia

213 3451 378 3510 monasterio
390 3449 482 3509 Sancti
494 3449 568 3508 Petri
580 3463 710 3508 concessa
720 3456 913 3524 memorantur,
927 3449 1000 3509 notis
1013 3457 1104 3509 nmen
1119 3450 1315 3525 chronologicis
1330 3468 1386 3510 non
1401 3453 1555 3528 expressis:
1568 3473 1583 3509 a
1598 3454 1634 3512 lit

215 3569 229 3604 a
244 3549 317 3624 quod
328 3549 417 3609 diotre
428 3547 705 3624 domnusimperator
714 3547 752 3607 ob
763 3551 941 3610 reverentiam
949 3550 1015 3610 dicti
1029 3550 1119 3612 Sancti
1130 3551 1203 3608 Petri
1215 3550 1350 3610 concessit
1361 3549 1454 3610 abbati
1466 3557 1494 3612 et
1504 3552 1634 3612 nauibus

215 3667 230 3700 ι
246 3647 274 3705 in
295 3648 369 3706 dioto
387 3648 550 3706 monasterio
566 3646 727 3723 degentibus
744 3653 776 3705 ut
793 3648 898 3724 possint
918 3647 1059 3722 possidere
1078 3648 1272 3708 rationabiliter
1291 3665 1386 3708 omnes
1403 3650 1593 3726 possessiones
1605 3657 1635 3710 et

216 3765 230 3800 r
245 3745 318 3804 bona
327 3745 449 3820 jamdicti
464 3745 632 3819 monasterii,
647 3761 753 3804 necnon
764 3752 793 3804 et
804 3745 973 3805 confirmant
985 3748 1146 3806 monasterio
1157 3747 1209 3823 ipsi
1221 3747 1311 3807 locum
1326 3748 1372 3823 qui
1391 3749 1491 3808 dicitur
1502 3749 1633 3809 linum·

216 3843 306 3902 »calli
324 3845 354 3902 in
372 3859 426 3918 qno
439 3843 529 3920 ipsum
542 3843 736 3903 monasterium
754 3849 798 3903 eet
816 3843 958 3903 tundalum
978 3860 1041 3902 cnm
1062 3849 1118 3904 toto
1133 3845 1282 3904 minente
1302 3861 1353 3904 suo
1373 3851 1402 3904 et
1421 3845 1551 3921 capellam
1568 3845 1633 3906 dieti

216 3941 337 4002 »Sancti
354 3941 425 4000 Petri
436 3942 472 4000 de
486 3942 568 4000 Curta
583 3941 618 4000 de
636 3941 777 4018 Amantia
795 3959 858 4002 cum
874 3942 954 4017 iustis
966 3943 1123 4002 tenimentis
1142 3943 1213 4016 suis3
1228 3949 1258 4002 et
1273 3943 1348 4018 quod
1366 3942 1534 4004 confirmarit
1551 3945 1632 4003 etiam

216 4040 319 4099 »dicto
335 4039 500 4099 monasterio
515 4041 543 4096 in
558 4046 720 4115 perpetuum
737 4055 832 4099 omnes
849 4041 1035 4116 poeeenlones
1052 4045 1080 4098 et
1102 4039 1250 4098 tenimenta
1269 4041 1415 4098 mutantes
1425 4045 1482 4098 tam
1493 4041 1521 4098 in
1532 4041 1633 4098 ducatu

216 4157 232 4192 r
246 4137 403 4212 Amnlphiae
414 4152 496 4211 quem
506 4137 536 4194 in
550 4137 685 4197 territorio
695 4136 775 4196 libuli
788 4151 852 4196 cam
864 4153 919 4196 uno
932 4135 1085 4196 molendino
1096 4143 1125 4194 et
1137 4136 1267 4212 quasdam
1279 4135 1425 4210 apothecas
1439 4135 1467 4194 in
1478 4135 1629 4212 Amulphia,

215 4240 275 4293 »et
287 4234 465 4310 quodliceret
475 4233 577 4293 eisdem
589 4232 681 4292 abbati
696 4240 725 4292 et
737 4235 866 4294 mulius
880 4235 910 4293 in
923 4235 1071 4295 tenimento
1091 4233 1169 4293 libuli
1190 4235 1218 4292 in
1237 4233 1297 4293 loco
1315 4234 1362 4309 qui
1380 4235 1479 4293 dicitur
1495 4235 1587 4294 Brmca
1601 4235 1631 4293 in

216 4353 230 4388 r
245 4333 356 4392 tlumine
365 4349 452 4394 unrnn
465 4333 500 4392 de
511 4348 582 4394 noro
593 4337 750 4393 conseruere
760 4333 956 4406 molendinum,
970 4339 998 4392 et
1009 4333 1081 4409 quod
1092 4333 1217 4392 nauata
1229 4334 1369 4392 meantia
1379 4335 1409 4390 in
1422 4334 1502 4393 terrie
1514 4334 1632 4410 propriis

216 4451 230 4486 n
246 4448 280 4491 ex
292 4431 447 4492 ummentie
457 4430 537 4490 libuli
551 4433 690 4492 annuatim
708 4438 821 4508 possem
838 4433 873 4492 ad
887 4433 1046 4508 jamdictum
1063 4433 1256 4491 monasterium
1273 4432 1372 4490 deterri
1391 4431 1475 4490 lbere
1487 4439 1516 4492 et
1527 4433 1633 4510 absque

216 4550 230 4585 r
246 4530 335 4606 aliquo
354 4533 416 4606 jure
433 4537 529 4608 portus
544 4545 593 4589 eeu
605 4530 741 4604 dohana03
755 4533 821 4590 item
839 4539 867 4590 et
884 4532 957 4607 quod
976 4533 1049 4591 idem
1067 4531 1191 4590 dominus
1203 4531 1349 4606 imperator
1363 4529 1531 4590 confirmarit
1542 4533 1633 4594 omnia

215 4647 230 4682 s
245 4628 295 4687 alia
306 4634 369 4703 jura
382 4636 411 4689 et
427 4629 612 4708 poewmnee
625 4646 695 4706 quae
708 4638 785 4691 erant
798 4630 884 4705 ipsine
897 4630 1053 4690 monasterii
1066 4630 1154 4690 eidem
1169 4629 1342 4690 monasterio.
1357 4650 1371 4685 r
1385 4629 1437 4707 dp.
1449 4631 1631 4706 Ucnrurnm,

214 4726 277 4787 lut.
293 4743 375 4802 reor„
389 4735 412 4787 t.
424 4727 486 4802 vll,
499 4746 528 4805 p.
540 4731 604 4790 att.
1194 4747 1195 4750 ¹
