4292 5894
556 559 617 622 353
1065 552 1277 616 rnrncnrcr
1302 552 1475 616 soconnr
1783 559 1866 640 [nn.
1884 560 1965 626 ram

557 697 661 770 cessit
671 695 776 769 etiam
790 695 841 768 eis
854 705 890 768 et
906 693 1070 769 omnibus
1085 691 1148 787 qui
1162 713 1243 764 cum
1257 689 1308 764 eis
1320 702 1403 764 sunt
1417 694 1474 768 vel
1489 693 1630 767 suerum
1646 704 1686 767 nt
1697 695 1816 770 omnia
1832 698 1968 775 mobilia

555 843 626 918 qne
639 821 769 894 babent
785 829 856 892 tam
873 819 970 916 apud
984 839 1022 892 se
1036 839 1141 912 mam
1159 815 1255 912 apnd
1269 815 1372 908 alios,
1387 825 1456 890 tam
1470 818 1506 890 in
1519 818 1676 914 deposito
1688 842 1794 914 quarn
1806 821 1964 918 pignore,

557 948 654 1020 salva
668 947 738 1019 sint
753 953 788 1018 et
807 967 930 1020 secura
945 944 992 1018 ad
1013 965 1102 1040 opus
1120 963 1253 1016 eorum.
1272 940 1315 1014 Et
1333 941 1363 1014 si
1381 943 1487 1038 aliqui
1509 965 1630 1016 corum
1643 945 1703 1040 qui
1723 967 1779 1018 rm
1799 947 1893 1042 ipsas
1910 949 1967 1022 ba·

555 1071 692 1146 buerint
703 1070 748 1145 ad
761 1070 1013 1145 restituendum
1026 1066 1261 1142 contradicere
1273 1067 1413 1154 renent,
1429 1067 1593 1141 dominos
1602 1069 1786 1166 imperator
1798 1070 1967 1146 debeteos

555 1217 680 1288 cogere
690 1195 737 1270 ad
750 1197 1014 1270 restitutionem.
1029 1195 1178 1268 Pereone
1192 1191 1327 1267 comitis
1339 1200 1374 1264 et
1386 1193 1541 1266 omnium
1556 1192 1835 1290 supradictorum
1845 1194 1968 1270 debent

553 1343 630 1398 esee
644 1323 740 1396 salve
757 1330 793 1396 et
810 1342 931 1396 secure
944 1341 1006 1418 per
1021 1341 1146 1396 manus
1159 1318 1313 1392 Romane
1325 1317 1495 1410 Eccleeie;
1511 1317 1628 1391 dictus
1640 1339 1724 1392 vero
1739 1341 1858 1393 comes
1869 1319 1969 1395 debet

554 1445 700 1520 reddere
711 1455 905 1542 castraque
917 1453 1023 1533 tenet,
1035 1443 1165 1518 scilicet
1177 1442 1298 1514 tnrrirn
1310 1441 1439 1533 Gelani,
1453 1465 1581 1516 serram
1592 1441 1720 1534 Gelani,
1735 1443 1925 1518 Ovinulum
1936 1455 1969 1520 et

553 1579 711 1644 sanctum
730 1571 880 1644 Potitum
899 1567 1114 1644 inmanibus
1136 1566 1268 1640 domini
1283 1566 1497 1664 imperatoris
1511 1567 1567 1640 vel
1588 1567 1701 1639 nuntii
1716 1567 1778 1662 qui
1795 1591 1861 1664 pro
1877 1581 1968 1666 parte

554 1694 687 1769 domiui
701 1694 916 1790 imperatoris
932 1693 1036 1768 luerit
1054 1693 1270 1767 constitutus.
1289 1693 1457 1768 Dominus
1472 1693 1655 1788 imperator
1671 1691 1778 1766 debet
1793 1695 1968 1769 restituae

554 1818 719 1892 omnibus
730 1819 870 1892 vasallis
880 1818 942 1913 qui
954 1840 1034 1890 curn
1049 1819 1172 1892 eodem
1186 1819 1311 1892 comite
1325 1819 1464 1890 luerunt
1476 1819 1532 1892 vel
1548 1827 1629 1892 sunt
1640 1827 1711 1890 tam
1722 1818 1855 1892 clericis
1865 1841 1967 1914 mam

555 1943 669 2034 laicis,
686 1942 837 2015 tamillis
850 1942 915 2038 qni
928 1942 1057 2018 enutio
1072 1964 1295 2039 regnoquam
1309 1941 1451 2038 illisqui
1464 1951 1545 2014 sont
1560 1952 1659 2016 eaba
1675 1963 1839 2036 mgnum,
1853 1943 1967 2018 omnia

411 2139 412 2144 ,
556 2067 662 2142 leuda
679 2079 716 2141 et
729 2067 933 2164 patrimonia
947 2089 1065 2141 eorum
1090 2090 1161 2163 que
1178 2069 1271 2162 jnstc
1290 2073 1476 2141 tenuerunt
1497 2076 1531 2140 ct
1548 2065 1768 2162 possiderunt
1785 2076 1966 2164 numquam

555 2212 680 2286 guerra
698 2192 906 2289 inciperetur
923 2191 1013 2266 inter
1031 2191 1210 2265 dominnm
1231 2191 1470 2288 imperatorem
1485 2199 1520 2264 et
1532 2191 1663 2265 dictum
1679 2191 1855 2279 comitem,
1872 2193 1967 2267 salvo

554 2316 695 2390 servitio
709 2316 806 2410 quod
824 2315 907 2389 inde
919 2316 1077 2390 debetur.
1090 2315 1212 2388 Comes
1226 2313 1330 2388 debet
1339 2317 1457 2409 jurare
1474 2314 1615 2388 domino
1626 2313 1823 2411 imperatori
1833 2315 1967 2409 quodsi

552 2461 616 2514 rex
630 2440 920 2514 lerosolimitanus
932 2439 968 2511 in
982 2439 1144 2536 proximo
1156 2439 1318 2536 passagio
1334 2439 1524 2531 transierit,
1539 2447 1575 2512 et
1586 2439 1660 2534 ipse
1671 2438 1830 2512 transibit
1840 2449 1876 2518 et
1886 2461 1966 2514 mo-

552 2564 685 2637 rabitur
699 2565 736 2637 in
749 2564 981 2640 ultramarinis
998 2563 1154 2660 partibus
1172 2584 1234 2659 per
1254 2573 1322 2636 tres
1338 2583 1460 2636 annos.
1478 2565 1514 2635 Si
1527 2583 1610 2635 vero
1621 2583 1765 2636 rexnon
1783 2564 1965 2657 bansierit,

553 2691 627 2787 ipse
638 2711 753 2764 comes
768 2691 804 2762 in
821 2689 981 2786 proximo
1001 2699 1149 2784 angusto
1161 2686 1301 2762 recedet
1317 2687 1363 2761 de
1375 2709 1482 2782 regno
1493 2697 1528 2761 et
1545 2687 1608 2760 ibit
1624 2687 1662 2760 in
1676 2687 1917 2762 lombardiam
1935 2697 1969 2762 et

554 2813 600 2887 de
613 2813 818 2888 lombardia
843 2835 913 2890 nou
936 2813 1075 2889 recedet
1090 2822 1131 2887 ut
1148 2835 1255 2908 regno
1272 2813 1549 2910 appropinquare
1566 2810 1705 2902 debeat,
1723 2812 1790 2884 nisi
1806 2836 1888 2886 cnm
1905 2835 1967 2886 vo-

554 2938 657 3010 luerit
673 2939 763 3012 nitra
777 2959 872 3012 mare
886 2939 1050 3032 transire;
1066 2948 1101 3012 et
1117 2949 1300 3035 postquam
1316 2935 1504 3029 transierit,
1522 2937 1626 3010 debet
1636 2957 1767 3008 moram
1781 2937 1894 3011 facere
1908 2960 1968 3034 per

555 3071 625 3134 tres
646 3083 777 3152 annos,
803 3061 892 3135 infra
911 3085 1000 3158 quoe
1024 3071 1092 3136 tres
1113 3084 1223 3136 annos
1241 3063 1271 3134 si
1292 3061 1455 3135 dominus
1478 3061 1665 3156 imperator
1686 3061 1965 3150 transfretaverit,

556 3206 671 3258 comes
691 3184 802 3259 donec
820 3184 983 3259 dominus
1004 3187 1188 3284 imperator
1204 3186 1240 3260 in
1257 3186 1414 3282 partibus
1435 3183 1669 3259 ultramarinis
1688 3183 1810 3276 fuerit,
1829 3205 1898 3258 oon
1912 3206 1967 3258 m-

554 3309 655 3384 cedet
682 3309 758 3384 sine
785 3309 926 3406 speciali
948 3309 1113 3384 mandato
1139 3331 1222 3401 suo;
1242 3308 1306 3383 sed
1323 3309 1353 3382 si
1382 3309 1595 3405 contingerat
1617 3308 1799 3383 dominum
1822 3309 1966 3404 impera·

553 3443 662 3508 torem
687 3434 830 3526 reverti,
862 3444 992 3507 extunc
1016 3435 1046 3507 si
1072 3454 1187 3509 comes
1212 3433 1415 3527 revertitur,
1438 3441 1537 3506 extra
1564 3455 1711 3528 regnum
1737 3431 1799 3506 nbi
1823 3431 1969 3507 voluerit

551 3557 780 3654 permanebit,
801 3579 867 3630 nec
882 3580 1029 3654 regnum
1049 3559 1125 3631 sine
1140 3559 1280 3654 speciali
1297 3555 1462 3633 mandato
1476 3558 1609 3632 domini
1630 3557 1849 3655 imperatoris
1864 3559 1966 3632 intra-

550 3679 613 3754 bit.
635 3677 756 3755 Comes
773 3681 1003 3756 lilinmsnnm
1019 3682 1177 3757 etlilium
1198 3682 1344 3757 Renaldi
1360 3684 1406 3759 de
1423 3681 1555 3760 Aversa
1572 3685 1672 3758 dabit
1695 3683 1732 3756 in
1755 3705 1883 3757 manns
1897 3703 1967 3756 ma·

550 3805 647 3902 gistri
662 3806 971 3900 Tbeutonicornm,
989 3811 1048 3880 tali
1063 3817 1181 3882 tenore
1192 3807 1328 3903 quodsi
1344 3811 1431 3882 forte
1444 3829 1559 3883 comes
1570 3807 1965 3905 sacramentnmpredic·

548 3939 622 4003 tnm
634 3953 703 4004 non
718 3932 929 4025 observaret,
940 3933 1065 4006 domus
1077 3932 1366 4006 Thentonicorum
1377 3932 1487 4006 lilium
1504 3934 1589 4008 dicti
1603 3933 1739 4008 comitis
1755 3933 1793 4004 in
1806 3933 1965 4008 manibus

549 4053 680 4128 domini
697 4055 978 4152 imperatorisvel
994 4054 1413 4152 ejusnnntiiassignabit3
1429 4057 1587 4132 etlilium
1606 4057 1752 4132 lienaldi
1780 4057 1827 4132 de
1838 4054 1966 4131 Aversa

548 4178 705 4252 similiter
725 4181 935 4274 assignabit,
953 4181 983 4254 si
997 4181 1196 4278 liaynaldus
1218 4193 1471 4257 sacramentum
1496 4181 1593 4278 quod
1607 4181 1752 4257 domino
1771 4181 1965 4278 imperatori

547 4303 649 4375 faciet
664 4324 734 4375 non
750 4313 912 4378 servaret.
937 4303 974 4377 Si
995 4327 1078 4378 vero
1100 4306 1226 4401 aliquis
1243 4309 1459 4381 vassalorum
1473 4305 1632 4400 jamdicti
1647 4303 1783 4379 comitis
1802 4304 1905 4378 vellet
1917 4304 1966 4376 ire

547 4445 628 4496 cum
649 4446 708 4511 eo,
729 4427 943 4522 quicumque
966 4439 1120 4502 remanet
1148 4429 1224 4503 loco
1246 4431 1301 4502 sni
1327 4431 1485 4506 redditos
1506 4440 1595 4504 terre
1618 4451 1682 4503 sne
1703 4428 1872 4524 percipiat
1892 4438 1966 4499 tan·

545 4567 651 4639 qoam
670 4549 699 4620 si
714 4557 803 4624 terre
819 4550 980 4625 dominns
996 4573 1137 4648 presens
1151 4564 1254 4628 esset.
1274 4550 1365 4629 Etsi
1389 4555 1514 4650 aliquis
1537 4554 1693 4651 ipsorum
1716 4553 1779 4648 qni
1799 4571 1880 4624 cnm
1903 4571 1965 4624 co-

546 4673 731 4743 mitescat
753 4675 903 4748 voluerit
926 4685 1055 4749 cartam
1070 4677 1257 4773 specialem
1278 4681 1474 4755 securitmis
1496 4679 1643 4772 bahem,
1663 4677 1827 4754 dominus
1848 4677 1964 4774 impe-
