4292 5894
549 598 610 661 eoa
1049 598 1264 661 rnruuurcr
1289 597 1462 660 sacunor
1774 597 1855 678 [aaa.
1872 599 1957 662 raca.

599 732 795 806 Fridericns
815 733 993 808 secundus
1010 733 1132 809 divina
1152 736 1291 809 favente
1310 733 1490 808 clementia
1510 733 1742 807 Romanorum
1762 733 1955 830 imperator,

552 879 688 956 semper
702 867 872 952 augustus
883 870 918 932 et
930 881 994 934 rex
1009 859 1138 953 Sicilie,
1155 859 1327 932 universis
1340 857 1475 954 imperii
1490 854 1652 930 fidelibus
1663 864 1734 929 tam
1747 857 1959 954 presentibus

551 1004 657 1078 quam
691 981 816 1054 tuturis
843 993 1037 1078 presentem
1064 983 1227 1080 paginam
1260 982 1468 1079 inspecturis
1494 981 1639 1077 gratiam
1667 1003 1766 1054 suam
1795 991 1831 1054 et
1859 1003 1958 1054 omne

551 1108 695 1180 bonum.
716 1107 887 1192 Quoniam
917 1109 1062 1181 ecclesia
1084 1109 1175 1182 beati
1198 1108 1346 1181 Servatii
1366 1108 1403 1178 iu
1425 1107 1579 1200 Treiecto
1604 1127 1651 1178 ax
1680 1105 1958 1202 predecessorum

551 1241 745 1304 nostrornm
762 1230 923 1303 divorum
941 1240 1168 1326 auguratornm
1185 1230 1422 1305 munificentia
1438 1227 1623 1324 magnifice
1637 1228 1755 1303 dotata
1771 1240 1824 1302 est
1844 1239 1880 1302 at
1893 1229 1959 1301 bo-

552 1355 691 1430 noriboe
713 1355 891 1447 decorate,
915 1377 979 1429 nos
1000 1379 1048 1430 ex
1070 1357 1187 1430 inuata
1210 1366 1245 1430 et
1271 1356 1411 1453 speciali
1432 1355 1583 1450 quadam
1607 1353 1824 1450 prerogativa
1851 1354 1959 1450 ipsam

552 1491 668 1555 nostre
683 1479 875 1554 serenitatis
894 1481 1047 1554 brachiis
1062 1483 1316 1579 amplexantes,
1342 1481 1388 1554 ad
1409 1481 1520 1576 ipsius
1542 1479 1790 1576 promotionem
1814 1489 1850 1552 et
1871 1502 1960 1574 aog-

553 1615 721 1695 mentum,
735 1605 780 1678 ob
796 1606 1023 1680 reverentiam
1036 1605 1280 1702 omnipotentis
1292 1605 1355 1678 Dei
1371 1618 1406 1678 ct
1423 1604 1515 1679 beati
1533 1605 1692 1696 Servatii,
1709 1605 1769 1700 pio
1788 1604 1961 1678 desiderio

550 1730 738 1823 maiestatis
759 1733 874 1802 nostre
897 1731 1113 1804 clementiam
1132 1730 1297 1804 intentam
1321 1751 1397 1803 esse
1414 1729 1578 1803 volumus
1595 1740 1631 1802 et
1650 1729 1850 1824 benignam.
1874 1731 1960 1802 Sana

550 1877 630 1929 curn
646 1857 682 1927 in
703 1855 833 1952 oppido
847 1856 1054 1948 Trajectensi
1076 1854 1227 1950 quedam
1250 1853 1295 1927 ait
1310 1875 1392 1928 area
1406 1853 1472 1928 sita
1494 1853 1638 1949 quidem
1657 1875 1764 1949 prope
1781 1853 1958 1928 oeclasiam

551 1988 795 2070 memoratam,
820 1980 865 2053 ab
890 1979 1034 2074 antiquo
1058 2001 1171 2075 usque
1191 1977 1238 2052 ud
1262 1979 1327 2052 bec
1349 1987 1464 2051 nostra
1486 1986 1642 2073 tempora
1670 1979 1802 2052 inutilis
1824 1981 1960 2076 penitus

552 2115 587 2179 et
599 2106 775 2202 despecte,
795 2104 969 2198 nullisque
985 2104 1122 2200 imperii
1142 2105 1263 2176 usibus
1276 2104 1440 2199 deputata
1454 2103 1639 2193 hactenus,
1661 2125 1731 2199 que
1746 2103 1814 2176 loci
1833 2127 1881 2177 ex
1900 2105 1960 2178 vi-

552 2231 692 2303 cinitate
717 2229 966 2302 deformitatem
990 2228 1105 2325 potius
1126 2238 1312 2303 memorate
1336 2226 1479 2300 ecclesie
1509 2225 1650 2300 videtur
1677 2227 1834 2322 ingerere
1855 2251 1960 2324 quam

550 2353 770 2429 commodum
799 2353 942 2448 aliquod
965 2353 1181 2445 ministrare,
1213 2362 1250 2425 ut
1271 2351 1432 2426 decorem
1456 2350 1582 2424 domos
1607 2351 1746 2424 Domini
1780 2351 1961 2448 diligenter

550 2479 831 2576 comprobemus,
857 2487 1070 2574 pretaxatam
1091 2498 1206 2550 aream
1233 2499 1314 2550 com
1337 2476 1525 2572 parietibus
1549 2477 1580 2548 si
1602 2499 1672 2571 que
1696 2475 1812 2550 adhuc
1831 2477 1960 2552 ibidem

550 2603 702 2676 eminent
726 2601 888 2674 frutribus
914 2603 987 2674 Deo
1004 2612 1039 2674 et
1065 2601 1168 2673 beato
1197 2601 1354 2676 Servatio
1379 2601 1508 2676 ibidem
1535 2610 1680 2696 patrono
1704 2601 1762 2675 die
1788 2613 1961 2699 noctuque

550 2725 798 2801 famulantibus
813 2725 859 2799 ad
878 2747 1015 2798 omnem
1045 2725 1226 2799 utilitatem
1246 2734 1281 2798 et
1300 2725 1521 2798 commodum
1538 2725 1740 2800 eorumdem
1760 2728 1962 2800 anctoritate

550 2852 720 2948 imperiali
741 2851 949 2924 contulimus
970 2855 1033 2940 [et]
1064 2850 1273 2924 donavimus
1294 2849 1491 2924 habendam
1513 2861 1548 2923 et
1572 2851 1676 2946 pleno
1694 2853 1774 2944 jure
1796 2863 1961 2950 perpetuo

549 2974 806 3072 possidendam.
826 2975 1016 3049 Statuimus
1036 2975 1142 3068 igitur
1165 2984 1199 3048 et
1223 2975 1392 3073 imperiali
1412 2973 1526 3050 edicto
1544 2973 1686 3049 firmiter
1701 2976 1902 3052 inhibemus
1925 2989 1962 3051 ut

550 3101 596 3174 de
613 3109 726 3174 cetero
744 3101 840 3174 nulla
862 3123 1013 3195 unquam
1040 3123 1185 3197 persona
1204 3123 1331 3196 magua
1349 3100 1405 3173 vel
1425 3121 1551 3195 parva,
1569 3101 1798 3175 ecclesiastica
1818 3105 1892 3194 [vel
1910 3105 1961 3176 ci-

551 3224 664 3314 vilis],
683 3223 873 3319 predictam
891 3225 1070 3298 ecclesiam
1087 3235 1121 3298 et
1138 3226 1258 3297 fratres
1279 3223 1390 3320 ipsius
1413 3226 1459 3299 de
1478 3226 1606 3319 prelata
1621 3247 1702 3298 area
1723 3237 1843 3300 oontm
1858 3227 1961 3320 hujus

551 3360 666 3423 nostre
694 3348 890 3423 donationis
916 3350 1077 3446 pagiuam
1102 3349 1295 3444 inquietare
1319 3350 1375 3422 vel
1402 3349 1507 3422 modo
1530 3349 1647 3444 aliquo
1674 3351 1855 3425 molestare
1879 3375 1961 3450 pre-

551 3481 677 3546 sumat.
708 3473 928 3569 Quicumque
951 3485 1066 3547 autem
1090 3473 1157 3546 boc
1180 3482 1383 3570 attemptare
1401 3473 1666 3570 presumpserit,
1689 3473 1960 3570 indignationem

550 3605 701 3670 nostram
725 3619 762 3671 se
780 3598 916 3672 noverit
931 3599 1083 3693 graviter
1107 3599 1326 3670 incursurum
1352 3606 1387 3671 et
1410 3619 1473 3695 pro
1497 3619 1560 3671 sue
1582 3601 1851 3694 presumptionis
1873 3625 1960 3699 pena

549 3722 800 3818 quinquaginta
821 3724 925 3796 libras
941 3724 1016 3797 auri
1034 3722 1323 3820 compositurum,
1341 3721 1558 3796 medietatem
1573 3723 1714 3817 qnidam
1731 3723 1815 3798 fisco
1830 3737 1957 3819 nostro,

549 3848 653 3921 aliam
672 3847 892 3922 medietatem
910 3847 1054 3920 ecclesie
1066 3856 1265 3920 memorate.
1285 3846 1341 3920 Ad
1358 3846 1458 3938 cujus
1472 3847 1521 3919 rei
1540 3846 1780 3921 certitudinem
1793 3857 1829 3922 et
1844 3851 1960 3924 invio-

551 3973 654 4046 labile
669 3970 921 4046 firmamentum
936 3980 1130 4068 presentem
1145 3973 1307 4068 paginam
1321 3970 1425 4044 scribi
1441 3980 1475 4044 et
1489 3971 1601 4067 sigillo
1620 3981 1735 4046 nostre
1748 3975 1960 4050 celsitudinis

549 4098 692 4172 inferius
700 4097 869 4191 jussimus
885 4097 1051 4171 roborari.

597 4225 723 4295 Datum
753 4222 891 4318 Copae,
921 4243 1012 4294 anno
1045 4220 1216 4294 dominice
1244 4221 1489 4296 incarnationis
1513 4222 1696 4297 millesimo
1725 4223 1960 4302 ducentesimo

549 4351 685 4439 XXlll⁰,
702 4369 821 4423 meuse
837 4348 1014 4440 februarii,
1034 4347 1222 4422 indictione
1240 4345 1436 4422 undecima.
