4292 5894
561 553 621 618 auo
1061 551 1275 614 rnrnnrrcr
1302 551 1475 614 ssouuur
1786 551 1871 630 [nn.
1888 551 1973 616 uss

562 688 748 786 paratoria,
767 687 863 780 dux,
890 689 1120 762 marescalcus
1143 698 1178 762 ot
1199 709 1320 762 omnus
1336 689 1480 764 comitas
1494 687 1668 762 exercitus
1681 685 1853 779 jurabunt
1873 711 1973 784 supor

560 813 693 886 animas
713 833 796 886 suas
813 813 909 908 quod
923 813 1096 908 rogabunt
1112 821 1147 886 st
1160 813 1341 886 consulant
1355 813 1432 886 sino
1450 813 1541 886 malo
1559 811 1701 907 ingenio
1714 811 1894 886 dominum
1909 814 1975 886 im·

561 947 751 1030 potatorem
769 936 866 1033 quod
887 938 1002 1012 omnia
1021 936 1219 1034 supradicta
1237 937 1342 1010 faciat
1354 936 1551 1029 observari3
1571 958 1637 1010 noc
1656 946 1760 1010 arunt
1776 936 1814 1008 in
1832 937 1972 1011 cambo

560 1061 656 1156 quod
671 1072 771 1158 pacta
791 1063 857 1135 ista
877 1061 1095 1157 aliquatenus
1110 1061 1352 1156 infringantur.
1370 1061 1494 1137 Omnia
1509 1082 1592 1134 vero
1608 1069 1708 1158 pacta
1721 1061 1787 1134 ista
1803 1060 1852 1134 do
1867 1061 1972 1136 verbo

560 1185 606 1258 ad
626 1186 773 1259 verbum
799 1184 964 1259 dominus
981 1187 1167 1283 imperator
1187 1186 1292 1260 scribi
1310 1185 1413 1261 iaciat
1430 1195 1466 1259 st
1489 1185 1632 1260 domino
1653 1205 1741 1282 papa
1763 1185 1972 1280 significabit

559 1321 594 1384 et
613 1310 647 1382 in
663 1309 733 1383 lina
746 1310 937 1384 litterarum
955 1310 1059 1385 dabat
1081 1311 1246 1386 dominus
1260 1311 1444 1408 imperator
1463 1310 1662 1407 promittere
1674 1308 1818 1384 domino
1834 1331 1923 1407 pape
1936 1319 1972 1384 st

559 1435 794 1510 cardinalibus
811 1433 907 1531 quod
928 1436 1045 1509 omnia
1063 1435 1128 1508 ista
1143 1435 1220 1508 sina
1240 1434 1332 1508 malo
1353 1435 1495 1530 ingenio
1511 1435 1614 1508 facist
1632 1442 1667 1507 ct
1683 1433 1839 1528 legaliter
1855 1434 1971 1508 obsa-

559 1561 667 1634 vabit.
685 1561 729 1633 Ut
745 1569 861 1633 autom
875 1582 946 1657 qno
957 1582 1003 1634 ex
1017 1569 1114 1656 parto
1125 1558 1260 1634 comitis
1272 1559 1364 1634 dicta
1377 1568 1459 1632 sunt
1472 1558 1716 1632 inviolabiliter
1727 1558 1968 1647 observantur,

561 1686 655 1760 idom
680 1707 795 1758 comos
815 1685 929 1760 statim
951 1685 1142 1780 assignabit
1164 1683 1276 1758 tilium
1299 1706 1402 1757 snum
1427 1683 1464 1756 in
1483 1683 1645 1758 manibus
1668 1683 1823 1778 magistri
1847 1683 1971 1758 domus

561 1809 871 1902 Thcntonioorum,
892 1810 951 1882 tali
970 1819 1087 1884 tenura
1107 1810 1203 1906 quod
1225 1810 1256 1882 si
1275 1807 1379 1884 vallat
1403 1831 1427 1883 a
1449 1809 1560 1904 pactis
1582 1807 1802 1904 aliqnatanus
1819 1808 1967 1902 rasiliro,

561 1933 686 2008 domus
710 1933 998 2008 Thoutonioorum
1021 1933 1213 2030 assignabit
1231 1933 1339 2008 lilium
1355 1933 1510 2028 jamdicti
1537 1934 1672 2007 comitis
1691 1932 1834 2008 domino
1854 1935 1970 2031 impa-

560 2059 664 2131 ratori
682 2058 739 2130 val
762 2060 838 2153 ejus
862 2059 997 2132 nuntio.
1018 2059 1054 2132 Si
1077 2079 1161 2134 varo
1183 2059 1396 2154 maungsat
1414 2059 1512 2153 quod
1528 2058 1681 2132 Ecclesia
1700 2058 1854 2132 llornana
1865 2059 1968 2150 iuxta

559 2205 679 2279 pracss
705 2183 916 2278 imperatoris
933 2185 1039 2258 nollet
1052 2184 1119 2258 bac
1135 2205 1241 2280 super
1257 2204 1296 2257 se
1312 2183 1466 2280 rocipcra
1480 2183 1536 2257 usl
1559 2180 1721 2266 dominus
1740 2182 1926 2278 imperator
1945 2203 1969 2255 u

560 2310 671 2405 pactis
691 2308 891 2401 hujusmodi
914 2309 1077 2399 resiliret,
1099 2309 1225 2384 domus
1241 2308 1530 2382 Thautonioorum
1552 2307 1707 2383 restituat
1722 2306 1842 2381 comiti
1859 2304 1969 2380 lilium

560 2455 662 2506 suum
676 2443 710 2507 st
724 2433 760 2505 in
775 2441 866 2506 statu
882 2455 948 2506 suo
961 2443 1063 2508 arunt
1076 2433 1193 2508 omnia
1206 2433 1299 2506 sicut
1309 2431 1419 2528 prius.

607 2559 733 2630 [latum
746 2557 841 2654 apud
857 2559 1055 2650 Pisoariam,
1071 2559 1166 2633 XXV
1184 2558 1315 2656 aprilis,
1331 2556 1531 2630 indictionis
1545 2556 1606 2630 Xl.

499 3267 506 3291 ‚
610 3177 846 3283 Fridcrious,
875 3178 1136 3260 Romanorum
1163 3175 1391 3286 imperator,
1415 3174 1527 3287 juxta
1551 3175 1718 3262 formam
1743 3177 1967 3262 concordias

418 3305 431 3338 ¹
556 3312 689 3394 initam
706 3337 827 3422 papae
842 3322 881 3394 at
896 3310 1155 3395 cardinalibus
1173 3310 1360 3421 promittit
1378 3335 1425 3394 ox
1448 3323 1555 3422 purte
1572 3337 1644 3396 sua
1660 3310 1791 3396 omniu
1807 3311 1967 3395 fideliter

554 3447 741 3529 servanda
767 3472 866 3557 quac
891 3446 1066 3556 promisit
1091 3445 1220 3530 comiti
1245 3445 1414 3531 Thomas
1441 3447 1490 3530 da
1513 3445 1672 3552 Celano,
1692 3443 1893 3558 Rayualdo
1918 3445 1967 3529 dc

554 3579 694 3663 Aversa
717 3589 754 3664 et
771 3605 903 3664 sorum
921 3578 1135 3663 fautoribus
1154 3577 1230 3692 (1).
1270 3570 1274 3577 ’

591 3900 628 3976 (t)
649 3923 663 3958 s
677 3903 726 3961 llis
737 3903 776 3960 ita
787 3902 872 3976 gestis
885 3901 972 3960 dictus
984 3916 1076 3960 comos
1090 3915 1153 3958 cum
1166 3900 1225 3958 suis
1240 3900 1276 3958 ad
1288 3899 1390 3959 Urbom
1403 3915 1434 3958 so
1450 3900 1576 3974 contulit3
1591 3898 1727 3959 comitissa
1740 3895 1897 3960 comitatum
1907 3902 1963 3959 llo·

558 3999 636 4058 alisii
649 3999 759 4073 rsdpit3
772 3999 963 4057 Celanansibus
972 3996 1186 4072 praecipitur,ut
1197 4003 1325 4055 exauutas
1336 3996 1370 4056 dc
1379 3997 1520 4055 domiciliis
1532 4013 1595 4055 oum
1608 3997 1798 4072 supellectibus
1807 3997 1864 4055 suis
1877 3997 1963 4056 laoero

556 4121 569 4148 n
584 4099 612 4156 in
626 4097 757 4156 clausuris
768 4096 920 4155 habitacula
932 4095 1071 4154 dsbcrant.
1084 4095 1189 4166 Quibus
1203 4093 1373 4167 excuntibus,
1385 4093 1513 4154 &lanum
1521 4101 1607 4155 totum
1617 4101 1660 4154 ast
1670 4095 1788 4152 dirutum
1800 4102 1830 4154 st
1840 4096 1963 4153 combus-

556 4203 657 4269 »tum‚
670 4196 727 4254 sola
745 4197 859 4255 ccclesia
875 4195 967 4254 Sancti
984 4195 1112 4254 lobannis
1129 4193 1288 4272 superstite,
1305 4193 1397 4269 doque
1409 4201 1514 4254 mutam
1528 4195 1636 4254 manius
1650 4200 1694 4254 ast
1710 4193 1827 4252 Gauron
1845 4201 1961 4269 postmo-

554 4293 646 4352 »dum
659 4293 801 4369 appellata.

591 4411 604 4444 a
618 4392 704 4468 [Circa
717 4393 797 4450 finam
808 4391 886 4468 anni]
900 4393 1045 4469 imperator
1056 4393 1211 4452 amioum
1224 4392 1320 4452 llolisii
1333 4393 1361 4451 in
1372 4393 1526 4451 demanium
1537 4397 1662 4464 reuocat,
1677 4407 1728 4467 pro
1739 4407 1772 4450 oo
1784 4390 1857 4465 quod
1870 4405 1960 4449 comas

555 4507 568 4540 s
583 4487 680 4545 ltolisii
692 4493 801 4547 vocatus
813 4487 848 4546 ab
859 4489 976 4550 ilenrico
991 4490 1025 4549 de
1038 4491 1127 4549 llorra
1139 4489 1266 4566 magistro
1275 4490 1420 4564 J‘ustitiario
1431 4491 1523 4549 vantra
1538 4505 1630 4548 coram
1642 4505 1675 4548 oo
1688 4489 1773 4547 noluit
1783 4489 1817 4546 ad
1828 4487 1959 4563 justitiam

554 4583 738 4644 studendum.

591 4681 707 4758 aldiran
720 4686 942 4759 pnmosmonsas
958 4687 1022 4748 anni
1037 4686 1121 4764 aaut}
1134 4687 1313 4750 lisnriomdc
1329 4689 1417 4750 Horra
1429 4689 1508 4763 jussu
1524 4685 1656 4762 imperiali
1673 4684 1834 4746 Gdanoasos
1851 4688 1958 4744 rcuoost
