4292 5894
205 569 300 635 lunser.
318 569 379 648 11.]
653 569 847 633 lltsl'oltln
873 564 1163 644 nlrnolllltllla
1548 563 1609 628 323

210 745 214 753 ·
249 705 289 776 ln
307 703 448 779 nomine
464 711 583 786 sancte
599 711 636 783 et
650 703 832 804 indiyidue
849 705 1034 781 Trinitatis.
1055 700 1224 796 Rogerius
1238 696 1361 772 divina
1381 701 1518 774 favente
1534 702 1609 774 cle·

201 827 329 902 mentia
346 827 440 918 dux,
461 827 601 906 boberti
621 826 795 924 magnifici
821 829 921 904 ducis
945 829 1045 904 heres
1062 837 1097 900 et
1112 825 1216 898 filius.
1237 824 1274 896 Si
1295 823 1454 898 divinum
1475 825 1608 897 cultum

200 957 236 1022 et
250 961 367 1032 sancte
382 951 535 1028 Ecclesie
561 951 726 1026 honorem
744 963 849 1049 atque
873 954 1054 1028 utilitatem
1081 949 1197 1024 debita
1222 947 1412 1035 reverentia
1433 957 1468 1020 et
1487 949 1609 1024 ordine

202 1073 308 1167 digno
326 1074 556 1164 attendimus
576 1077 728 1170 prolecto
745 1077 836 1152 circa
852 1089 1004 1151 sanctam
1022 1076 1082 1148 Dei
1103 1074 1290 1146 Ecclesiam
1312 1072 1610 1168 diligentissimam

201 1219 319 1270 curam
333 1206 370 1270 et.
381 1199 547 1280 solacium
563 1199 730 1279 adhibere
748 1199 930 1292 debemus,
948 1211 986 1275 ut
1006 1210 1101 1288 tanto
1117 1220 1180 1272 nos
1192 1219 1342 1292 superna
1355 1198 1464 1292 pictas
1478 1197 1610 1294 gratiam

201 1330 357 1416 protegat
379 1331 521 1416 quanto
534 1325 724 1400 ferventius
747 1345 847 1408 suam
870 1327 1059 1400 Ecclesiam
1081 1346 1143 1419 pro
1168 1322 1303 1394 viribus
1327 1323 1480 1396 exaltare
1505 1334 1610 1416 alque

204 1445 289 1518 tueri
313 1445 513 1540 satagimus.
544 1446 676 1521 Idcirco
704 1469 821 1525 amore
846 1447 1089 1546 omnipotentis
1113 1445 1175 1520 Dei
1197 1445 1260 1539 qui
1287 1445 1445 1518 servilem
1470 1466 1610 1518 carnem

202 1587 338 1642 sumere
350 1578 385 1644 et
408 1569 521 1642 crucis
537 1592 673 1644 samem
688 1571 887 1667 patibulum
901 1581 936 1646 et
950 1573 1037 1646 mori
1054 1592 1123 1644 non
1142 1569 1350 1664 dedignatus
1368 1577 1421 1642 est
1434 1577 1473 1640 ut
1487 1590 1550 1642 nos
1565 1569 1610 1642 ab

202 1701 317 1766 eterna
339 1701 448 1766 morte
470 1693 647 1784 liberaret,
669 1717 825 1770 necnon
847 1719 911 1793 pro
935 1697 1045 1770 salute
1066 1696 1181 1768 anime
1199 1694 1426 1789 suprascripsi
1446 1693 1611 1788 genitoris

202 1818 306 1890 nostri
319 1824 355 1890 ct
371 1817 546 1909 genitricis
563 1827 677 1892 nostre
687 1827 723 1894 et
733 1829 824 1895 statu
836 1830 951 1894 nostre
967 1819 1168 1916 reipublice,
1185 1840 1246 1912 per
1260 1819 1491 1890 interventum
1502 1815 1612 1892 Adele

202 1940 326 2015 dilecte
340 1942 498 2036 conjugis
513 1952 640 2032 nostre,
658 1941 893 2036 conoedimus,
909 1945 1034 2020 damus
1050 1951 1085 2016 et
1097 1941 1340 2016 confirmamus
1353 1942 1390 2014 in
1405 1941 1611 2015 monasterio

201 2065 291 2141 beuti
312 2067 459 2138 martiris
478 2067 648 2141 laurentii
665 2067 875 2165 delivered,
901 2069 962 2141 ubi
980 2090 1074 2140 nunc
1093 2068 1254 2141 dominus
1271 2065 1442 2138 Guarinus
1463 2087 1608 2138 venera-

202 2188 279 2262 bilis
289 2189 398 2263 abbas
411 2200 537 2286 preest,
554 2191 731 2266 ecclesiam
743 2192 858 2267 Sancti
868 2193 1033 2266 Iohannis
1046 2191 1092 2266 de
1104 2192 1204 2266 Tidia
1216 2212 1287 2284 que
1299 2199 1352 2262 est
1365 2191 1429 2262 sita
1442 2190 1477 2262 in
1494 2198 1610 2264 monte

201 2312 374 2408 Capillone
394 2337 474 2391 cum
489 2315 651 2388 omnibus
669 2316 882 2410 pertinentiis
898 2319 971 2388 suis
987 2325 1022 2390 ot
1036 2317 1152 2412 ipsum
1170 2323 1320 2387 montem
1338 2335 1399 2410 per
1416 2314 1480 2387 hos
1494 2313 1579 2385 lines
1597 2339 1606 2384 :

203 2459 223 2510 a
241 2447 335 2531 parte
357 2438 498 2513 orientis
516 2449 569 2512 est
588 2439 827 2512 carbonarium
844 2440 973 2513 castelli
992 2449 1026 2512 et
1043 2439 1093 2512 sic
1111 2436 1294 2511 descendit
1309 2437 1345 2507 in
1364 2436 1533 2508 directum
1550 2461 1611 2534 per

202 2583 306 2634 onam
319 2561 525 2634 vallicellam
544 2571 579 2633 et
593 2560 692 2636 vadit
708 2562 836 2637 directe
853 2585 958 2658 super
972 2564 1123 2656 burgum
1138 2571 1172 2633 et
1188 2559 1368 2636 descendit
1383 2582 1444 2654 per
1457 2560 1612 2633 medium

203 2684 351 2777 burgum
375 2683 566 2759 instratum
589 2689 773 2778 majorem,
796 2707 819 2759 a
839 2695 936 2783 parte
955 2686 1111 2760 meridiei
1128 2694 1182 2758 est
1199 2683 1438 2756 carbonarium
1456 2696 1557 2758 velus
1577 2695 1613 2758 et

200 2807 356 2880 ascendit
374 2808 549 2903 usquead
570 2809 733 2882 verticem
752 2811 878 2884 montis
900 2819 934 2883 et
955 2833 1000 2884 ex
1019 2810 1142 2882 eodem
1162 2812 1266 2882 latere
1287 2809 1413 2882 montis
1431 2808 1612 2885 descendit

201 2953 261 3026 per
284 2933 409 3006 vallem
431 2935 593 3025 majorem
613 2955 726 3028 usquc
748 2935 897 3007 inviam
924 2934 1099 3031 publicam
1118 2944 1153 3006 ot
1174 2933 1264 3004 sicut
1279 2941 1372 3004 tenet
1393 2933 1450 3006 via
1472 2933 1612 3027 publica

200 3077 311 3150 usque
333 3057 572 3130 carbonarium
597 3056 743 3152 predicti
767 3058 910 3132 castelli.
933 3056 1162 3132 concedimus
1180 3058 1284 3130 eliam
1310 3067 1433 3129 terram
1459 3067 1610 3130 nostram

201 3179 390 3276 reipublice
413 3182 641 3276 pertinentem
667 3204 747 3256 cum
769 3183 862 3256 sonte
885 3183 948 3278 qui
968 3183 1133 3256 Turriceli
1156 3189 1312 3264 vocatur,
1332 3203 1403 3276 que
1427 3180 1531 3254 habet
1548 3181 1612 3254 hos

200 3303 286 3378 lines
307 3331 316 3376 :
336 3305 455 3400 incipit
472 3329 492 3380 a
508 3307 616 3380 limile
637 3308 697 3402 qui
715 3315 767 3380 est
780 3308 869 3382 inter
887 3307 978 3382 hanc
995 3316 1120 3394 terram
1142 3315 1176 3378 et
1196 3315 1319 3380 terram
1342 3304 1510 3378 Guidonis
1528 3307 1611 3382 dia-

201 3428 277 3500 coni
293 3437 328 3502 el
345 3429 444 3502 vadit
463 3451 564 3504 secus
580 3431 672 3505 vium
687 3453 847 3525 magnam
865 3432 1041 3527 publicam
1058 3453 1170 3526 usque
1181 3431 1363 3506 carrariam
1377 3451 1446 3525 que
1459 3431 1554 3504 venit
1568 3429 1613 3504 de

200 3549 316 3624 Stablo
343 3566 378 3626 et
396 3552 576 3628 descendit
596 3575 658 3650 per
679 3553 870 3649 prodictam
891 3557 1073 3628 carrariam
1096 3577 1209 3650 usque
1230 3576 1396 3650 magnum
1416 3554 1559 3627 limitem
1578 3563 1612 3628 ct

201 3674 330 3750 deinde
346 3674 444 3750 vadit
459 3699 521 3772 per
537 3677 680 3750 limitem
698 3688 732 3752 et
747 3680 892 3754 venitin
909 3680 1142 3752 monticellum
1156 3678 1217 3774 qui
1232 3690 1284 3752 est
1301 3679 1336 3750 in
1355 3681 1465 3752 fronte
1469 3732 1608 3752 .....

203 3851 476 3874 .........
502 3803 579 3898 ipso
596 3803 792 3877 monticello
817 3804 972 3878 ascendit
987 3813 1023 3879 et
1040 3804 1170 3900 directe
1189 3804 1225 3876 in
1243 3805 1367 3876 vallem
1381 3825 1445 3900 per
1462 3803 1611 3876 rivulam

200 3921 299 3996 vadit
312 3933 346 3998 el
363 3927 519 4021 pervenit
536 3927 574 3998 in
590 3927 797 4022 jamdictum
812 3928 953 4000 limitem
972 3928 1033 4024 qui
1050 3936 1102 4002 est
1122 3928 1211 4000 inter
1235 3926 1325 4000 hanc
1344 3937 1468 4000 terram
1487 3937 1522 4000 et
1541 3937 1610 4002 ter·

199 4069 273 4122 ram
297 4047 465 4125 Guidonis
487 4049 624 4134 diaconi
649 4060 684 4124 et
708 4073 770 4148 per
797 4053 914 4149 ipsum
943 4052 1086 4126 limitem
1115 4050 1213 4125 vadit
1238 4053 1275 4124 in
1298 4051 1488 4148 predictam
1516 4053 1610 4126 viam

199 4195 373 4267 magnam.
394 4175 574 4271 Simulque
591 4175 815 4251 concedimus
834 4177 869 4250 in
888 4175 964 4272 ipso
987 4177 1194 4250 monasterio
1218 4185 1322 4270 lotam
1346 4199 1486 4250 causam
1504 4200 1610 4272 quam

199 4295 387 4372 Trislamns
404 4299 449 4372 de
462 4301 577 4400 Mileto
587 4301 624 4374 in
639 4303 738 4375 Troia
751 4324 773 4375 a
784 4302 886 4376 nobis
897 4302 1020 4396 mouit,
1038 4303 1194 4396 exceptis
1208 4301 1328 4376 decem
1342 4301 1479 4373 villanis
1492 4312 1527 4376 et
1540 4311 1608 4375 ter·

197 4443 271 4493 ram
290 4439 352 4516 pro
371 4443 442 4496 uno
459 4434 571 4500 amtro
588 4433 623 4499 et
640 4425 778 4500 duobus
794 4427 884 4500 casis
900 4449 989 4521 quas
1005 4425 1145 4500 domine
1163 4425 1368 4498 Fredelsone
1386 4427 1489 4498 uxori
1507 4425 1608 4500 Geroi

200 4545 374 4620 dedimus.
406 4549 547 4624 Necnon
581 4558 617 4624 et
645 4551 866 4626 concedimus
895 4553 932 4624 in
961 4551 1115 4646 predicto
1150 4549 1356 4622 monasterio
1387 4559 1495 4622 terras
1522 4551 1609 4625 inira

200 4669 364 4744 Troianus
381 4669 468 4746 fines
480 4673 516 4746 in
535 4675 680 4750 Martina
698 4698 767 4770 quo
784 4677 910 4750 habent
923 4675 987 4748 hos
1001 4674 1087 4748 lines
1104 4701 1112 4748 ε
1131 4673 1258 4748 arado
1271 4677 1445 4750 Tranense
1458 4675 1610 4748 fluminis
