4368 5876
581 530 640 592 174
1082 531 1296 598 serenator
1321 535 1495 599 sectant
1807 537 1887 619 [Aru.
1905 538 1992 600 1221.

576 665 653 746 rias
681 672 719 746 et
745 663 926 748 forestam
948 672 1070 748 terrae
1098 666 1254 752 Ordeoli
1269 671 1389 754 donat
1405 681 1444 754 et
1465 669 1656 779 concedit,
1675 670 1806 782 eisque
1830 697 1992 780 posses-

577 797 719 902 siones,
739 797 932 882 libertates
947 807 985 882 et
1002 797 1263 888 immunitates
1281 804 1423 888 ibidem
1442 831 1640 916 expressas
1656 805 1870 890 confirmat.

639 1069 763 1158 ¹(Edld.
787 1069 883 1133 dunc.
908 1071 1052 1146 Laurus,
1071 1073 1108 1134 B.
1131 1072 1264 1136 Joacdtm
1283 1073 1350 1137 abb.
1376 1073 1510 1137 serm
1532 1071 1711 1138 mmmm
1731 1076 1839 1138 osas
1857 1073 1992 1156 descura,

694 1195 726 1256 p.
742 1185 847 1254 teta,
867 1193 906 1238 ax
923 1178 1005 1240 arch.
1020 1187 1151 1242 monast.
1171 1180 1325 1262 Sagittur.)

622 1419 816 1494 Fridericus
845 1419 966 1496 divina
998 1423 1137 1496 lavante
1158 1423 1339 1498 clementia
1367 1424 1598 1499 Romanorum
1632 1426 1829 1522 imperator,
1856 1445 1992 1522 semper

574 1554 745 1642 augustus
763 1555 797 1618 et
811 1568 876 1620 rex
900 1545 1029 1621 Sicilie.
1052 1549 1157 1622 Decet
1178 1549 1392 1646 imperialem
1415 1549 1654 1626 excellentiam
1677 1559 1712 1624 et
1729 1549 1934 1644 dignitatem
1953 1560 1992 1626 nt

575 1683 706 1768 quanto
730 1672 854 1745 solium
878 1693 982 1744 suum
1006 1672 1144 1768 pietatis
1168 1684 1205 1748 et
1229 1674 1361 1768 justitie
1383 1674 1500 1750 studio
1524 1676 1723 1767 adornatur,
1749 1683 1843 1748 tantu
1869 1674 1937 1769 piis
1957 1681 1992 1745 et

573 1798 676 1892 justis
702 1797 992 1892 postulationibus
1021 1799 1293 1896 supplicantium
1320 1800 1506 1896 benignius
1535 1796 1801 1876 condescendat.
1831 1798 1915 1872 lnda
1940 1806 1992 1870 est

576 1921 683 2016 igitur
701 1919 796 2017 quod
816 1921 937 1996 divine
954 1923 1092 2018 pietatis
1111 1923 1256 2016 intuitu,
1278 1945 1343 2020 pru
1364 1923 1518 1998 remedio
1538 1945 1680 2020 quoqne
1702 1923 1895 1997 animamm
1916 1921 1991 1994 feli·

577 2047 670 2120 cium
694 2047 871 2142 qnondam
894 2048 1152 2144 progenitomm
1170 2057 1367 2122 nostrorum
1387 2048 1470 2123 dive
1489 2047 1758 2138 recordationis,
1774 2047 1991 2124 attendentes

576 2173 681 2246 etiam
694 2173 800 2244 vitam
814 2171 1027 2245 laudabilem
1040 2182 1075 2246 et
1089 2183 1242 2247 sanctam
1257 2173 1389 2248 ordinis
1402 2171 1634 2248 cisterciensis
1647 2181 1682 2246 ct
1696 2173 1990 2246 conversationem

575 2321 680 2393 quam
697 2297 832 2389 vivitis,
854 2296 1042 2390 donamus,
1062 2297 1285 2372 concedimus
1298 2309 1334 2373 et
1350 2299 1385 2372 in
1406 2308 1613 2396 perpetuum
1630 2297 1875 2373 confirmamus
1892 2297 1992 2370 vobis

575 2424 832 2498 venerabilibus
854 2423 971 2497 abbati
988 2423 1155 2498 Palumbo
1173 2423 1268 2498 fideli
1289 2433 1406 2499 nostro
1420 2433 1455 2498 et
1472 2424 1658 2498 conventui
1678 2425 1801 2498 Sancte
1818 2421 1925 2496 Maria
1945 2420 1991 2494 de

575 2549 757 2642 Sagittario
773 2557 809 2623 et
823 2548 1080 2623 successoribus
1097 2550 1221 2622 vestris
1243 2558 1351 2624 terras
1369 2549 1592 2624 laboratorias
1612 2559 1646 2622 et
1659 2551 1819 2622 forestam
1837 2556 1989 2622 nostram

574 2685 663 2748 terre
676 2674 815 2748 Ordeoli
833 2675 870 2746 in
887 2675 965 2748 loco
987 2673 1049 2770 qui
1072 2673 1199 2748 dicitnr
1220 2673 1267 2747 de
1291 2675 1470 2767 ventrose,
1487 2675 1549 2770 qni
1571 2673 1698 2747 talibus
1724 2673 1847 2747 divisis
1863 2680 1899 2746 et
1922 2681 1989 2745 ter·

573 2799 677 2873 minis
702 2809 881 2896 separatur
902 2826 911 2871 ε
933 2799 979 2874 ab
1005 2800 1137 2874 oriente
1160 2800 1285 2896 incipit
1302 2800 1475 2873 avallone
1496 2799 1558 2895 qui
1583 2798 1711 2874 dicitur
1730 2799 1776 2872 de
1796 2798 1930 2873 Marino
1953 2797 1988 2870 in

574 2947 645 3021 quo
659 2935 710 2998 est
725 2927 821 2998 lacus
837 2924 882 2998 de
901 2925 935 2997 la
950 2925 1045 2996 Muta
1068 2935 1104 2998 et
1118 2925 1299 3000 descendit
1318 2947 1380 3021 per
1393 2925 1559 2998 Maricam
1577 2934 1613 2998 et
1632 2925 1789 3000 ascendit
1807 2946 1869 3022 per
1886 2946 1990 3018 grau·

576 3050 656 3124 dem
678 3053 813 3123 Sarrum
830 3060 865 3123 et
886 3049 985 3123 vadit
1003 3073 1065 3146 per
1086 3053 1195 3147 ipsam
1216 3053 1350 3124 Serram
1376 3070 1486 3146 usqne
1511 3051 1558 3124 ad
1580 3052 1693 3124 lacum
1712 3049 1774 3145 qni
1795 3049 1921 3124 dicitnr
1944 3047 1990 3122 de

574 3176 762 3266 Ventroso,
791 3183 825 3245 et
848 3174 894 3246 ab
915 3174 991 3270 ipsu
1012 3175 1091 3246 lacu
1114 3175 1213 3249 vadit
1234 3198 1295 3272 per
1320 3175 1415 3249 viam
1437 3196 1550 3270 nsque
1571 3175 1619 3249 ad
1642 3176 1771 3248 lonoem
1792 3173 1937 3246 Vultum
1954 3181 1990 3246 et

576 3299 755 3373 descendit
774 3298 821 3372 ad
842 3297 1008 3373 Muricem
1023 3299 1169 3374 Caldam
1189 3309 1224 3373 et
1237 3297 1365 3374 deinde
1382 3297 1564 3373 descendit
1582 3298 1629 3373 ad
1648 3301 1823 3374 fananum
1843 3296 1890 3371 de
1901 3299 1989 3371 Jun-

573 3425 624 3498 cis
645 3433 682 3498 ct
705 3423 834 3499 deinde
852 3425 954 3499 vadit
977 3426 1022 3500 ad
1043 3427 1211 3500 Maricam
1234 3425 1278 3501 de
1299 3426 1415 3523 Appio
1436 3426 1498 3521 qui
1519 3435 1572 3499 est
1593 3448 1615 3499 a
1640 3435 1736 3522 parte
1760 3427 1882 3516 Barce,
1907 3433 1943 3498 et
1965 3447 1988 3496 a

573 3550 704 3624 Murice
720 3551 766 3625 de
788 3550 902 3647 Appio
925 3551 1103 3626 descendit
1121 3574 1182 3648 per
1202 3551 1367 3626 Medeam
1387 3551 1432 3625 de
1458 3553 1492 3624 la
1509 3549 1672 3640 Petrada,
1692 3560 1728 3622 et
1748 3547 1876 3622 deinde
1890 3545 1988 3620 vadit

572 3696 683 3770 nsque
697 3674 744 3748 ad
757 3675 952 3771 predictum
969 3677 1140 3751 vallonem
1155 3676 1200 3750 de
1216 3676 1348 3751 Marino
1360 3684 1395 3750 et
1412 3697 1475 3774 per
1492 3676 1609 3773 ipsum
1623 3673 1797 3749 vallonem
1810 3671 1988 3747 descendit

571 3800 633 3872 ubi
661 3800 784 3897 incipit
808 3800 1004 3875 claudendo
1031 3791 1278 3893 tenimentum,
1305 3802 1448 3875 liberam
1471 3808 1506 3874 et
1523 3800 1674 3896 quietam
1693 3799 1741 3873 ab
1765 3797 1859 3871 omni
1883 3816 1987 3870 onere

571 3926 749 3999 servitutis
764 3934 799 4000 et
810 3927 965 4022 qualibet
980 3927 1146 4001 molestia.
1163 3926 1392 4001 Concedimus
1408 3925 1511 4000 etiam
1530 3925 1632 4000 vobis
1644 3934 1680 3999 et
1694 3923 1936 3998 confirmamus
1949 3921 1986 3994 in

571 4053 695 4148 primis
713 4053 827 4126 locum
850 4053 964 4150 ipsum
990 4051 1036 4128 dc
1062 4054 1247 4149 Sagittario
1263 4054 1302 4126 in
1318 4074 1389 4148 quo
1408 4051 1522 4148 ipsum
1547 4050 1793 4124 monasterinm
1810 4047 1915 4121 situm
1934 4055 1987 4120 est

574 4198 653 4249 cnm
666 4177 818 4270 juribus,
829 4177 1019 4251 bonoribus
1032 4185 1067 4250 et
1080 4177 1297 4274 pertinentiis
1311 4176 1386 4250 anis
1402 4185 1437 4250 et
1450 4178 1546 4271 largo
1561 4175 1749 4249 tenimento
1764 4174 1855 4248 circu
1871 4172 1986 4268 ipsum

568 4303 817 4375 monasterium
842 4325 864 4377 a
888 4324 1190 4398 quorumcumque
1206 4303 1394 4394 baronum,
1421 4303 1608 4387 uomitum,
1638 4298 1836 4396 principum
1859 4304 1896 4370 et
1918 4295 1987 4370 do-

568 4427 742 4501 minorum
769 4437 884 4500 nostra
912 4426 1081 4524 dignitate
1113 4428 1314 4501 inferiorum
1341 4427 1497 4500 molestie
1525 4436 1560 4502 et
1584 4448 1606 4500 a
1632 4423 1786 4520 quolibet
1811 4421 1985 4495 servitutis

564 4551 652 4645 jugo
671 4551 818 4625 liberum
835 4561 870 4625 at
886 4553 1055 4648 quietum.
1080 4554 1309 4629 Concedimns
1328 4553 1470 4652 insuper
1495 4552 1598 4627 vobis
1622 4562 1657 4624 et
1677 4548 1922 4624 confirmamus
1944 4568 1986 4621 uc

570 4675 615 4749 de
639 4699 731 4750 novo
759 4680 960 4754 auctoritate
984 4678 1119 4776 imperii
1144 4687 1310 4776 perpetuo
1335 4679 1460 4756 damus
1479 4687 1517 4754 et
1542 4676 1765 4754 conoedimuc
1787 4695 1921 4749 mamm
1952 4681 1986 4746 et
