4436 5870
535 529 577 590 30
1040 527 1257 589 rntotrtttct
1283 527 1457 590 shcttttht
1761 531 1841 610 [dn.
1863 532 1950 610 lm

534 664 723 737 munimus.
751 661 985 737 Alienationes
1012 685 1119 758 vero,
1138 665 1357 738 venditiones
1371 663 1505 738 etalias
1531 666 1769 740 oonoessiones
1796 669 1948 740 iactasa

534 781 837 886 predecessoribus
861 787 983 884 prelati
1010 789 1161 884 episcopi
1186 790 1231 864 de
1251 790 1356 863 rehus
1378 788 1531 884 predicte
1553 789 1697 864 ecclesie
1718 800 1836 866 contra
1859 793 1949 887 legi-

535 914 635 987 timas
660 921 694 985 et
712 912 896 986 canonicos
918 913 1113 985 sanctiones
1143 913 1180 984 in
1210 911 1377 986 damnum
1404 922 1439 986 et
1461 913 1690 1009 prejudicium
1724 915 1949 990 Bononiensis

534 1037 678 1112 ecclesie
714 1036 888 1108 irritamus
916 1027 954 1108 et
978 1037 1198 1110 decernimus
1227 1059 1296 1110 non
1328 1038 1456 1112 valere.
1486 1037 1715 1114 concedimus
1742 1060 1884 1136 quoqne
1913 1053 1947 1114 et

531 1162 739 1236 mandamus
764 1161 860 1256 qnod
887 1170 1038 1256 potestus
1060 1169 1095 1234 et
1116 1183 1301 1235 commune
1327 1161 1481 1235 Bononie
1501 1162 1538 1234 in
1555 1183 1673 1236 eorum
1699 1163 1854 1237 districto
1884 1187 1946 1260 pro

530 1287 682 1360 bannitis
697 1285 846 1358 haheant
862 1307 950 1380 quos
970 1286 1156 1382 episcopus
1176 1285 1402 1360 Bononiensis
1416 1285 1462 1360 de
1476 1286 1550 1359 suis
1568 1286 1669 1360 terris
1690 1287 1862 1360 hannierit
1881 1311 1945 1361 nec

529 1411 580 1484 eis
609 1411 666 1484 elii
694 1411 846 1505 aliquam
870 1408 1106 1484 defensionem
1134 1419 1287 1507 prestent
1315 1409 1426 1484 donec
1451 1411 1486 1483 in
1513 1411 1631 1486 hanno
1652 1411 1803 1507 episcopi
1828 1422 1940 1486 erunt.

530 1539 674 1631 insuper
692 1535 894 1630 episcopum
913 1536 1083 1630 prelatum
1103 1543 1138 1606 et
1154 1535 1334 1607 eeclesiam
1352 1535 1601 1608 Bononiensem
1617 1557 1698 1607 cum
1715 1535 1877 1609 omnihus
1897 1537 1942 1610 ad

530 1661 767 1758 episcopatum
801 1659 952 1732 Bononie
991 1658 1243 1754 pertinentibus
1275 1659 1341 1731 suh
1378 1668 1491 1732 nostra
1528 1660 1694 1755 imperiali
1733 1661 1942 1755 protectione

530 1784 751 1879 suscipimus.
769 1781 959 1855 Statuimus
976 1803 1059 1878 ergo
1074 1791 1109 1856 et
1121 1791 1237 1856 nostra
1251 1781 1421 1878 imperiali
1437 1783 1638 1856 auctoritate
1655 1781 1831 1858 sancimus
1846 1786 1940 1878 quod

529 1898 624 1980 nulla
638 1908 778 1980 omnino
795 1927 954 2002 persona,
964 1908 1032 1980 alta
1049 1908 1105 1979 vel
1118 1907 1273 1994 humilis,
1291 1907 1520 1980 ecclesiastica
1531 1908 1588 1980 vel
1599 1906 1776 1998 secularis,
1789 1909 1940 1980 nullom·

528 2053 599 2129 que
622 2051 805 2104 commune
822 2030 889 2103 hoc
908 2040 1023 2104 nostre
1039 2031 1229 2124 majestatis
1249 2031 1474 2126 privilegium
1497 2029 1625 2102 audeat
1643 2029 1774 2103 violare
1792 2051 1857 2102 nec
1877 2029 1939 2103 ali·

528 2155 657 2252 quihus
680 2156 931 2228 calumniarum
955 2155 1090 2250 injuriis
1106 2177 1169 2228 seu
1190 2154 1328 2227 damnis
1346 2155 1525 2227 occasione
1543 2154 1661 2226 statuti
1683 2156 1739 2228 vel
1756 2165 1938 2228 consuetu·

528 2281 619 2354 dinis
633 2281 783 2353 civitatis
797 2289 963 2354 attentare
976 2288 1163 2377 presumat.
1184 2279 1287 2364 Quod
1298 2279 1498 2373 omisserit,
1512 2277 1548 2350 in
1561 2277 1726 2351 ultionem
1741 2277 1937 2351 temeritatis

526 2427 588 2479 suc
611 2414 793 2502 componat
808 2404 858 2478 CC
872 2405 978 2478 libras
1001 2405 1079 2499 puri
1101 2403 1195 2496 auri,
1216 2403 1436 2476 medietatem
1457 2421 1591 2476 carnem
1613 2410 1745 2488 nostre,
1770 2402 1935 2496 reliquam

526 2539 659 2627 partem
674 2530 837 2627 episeopo
854 2538 889 2602 et
903 2530 1048 2603 ecclesie
1064 2529 1284 2603 Bononiensi.
1302 2526 1357 2602 Ad
1376 2529 1476 2620 eujus
1491 2527 1541 2600 rei
1561 2534 1688 2599 certam
1706 2526 1741 2597 in
1763 2525 1935 2620 postorum

525 2655 735 2729 evidentiam
757 2663 950 2750 presentem
973 2654 1104 2727 exindo
1128 2653 1294 2750 paginam
1311 2651 1478 2724 conscribi
1503 2661 1537 2725 et
1551 2649 1739 2744 majestatis
1756 2659 1872 2723 nostre
1891 2649 1935 2721 si·

524 2780 605 2874 gillo
620 2777 786 2870 jussimus
803 2777 1021 2850 communiri.

572 2903 683 2993 Hujus
708 2901 758 2973 rei
790 2911 894 2974 testes
916 2911 998 2972 sunt
1024 2901 1230 2974 Bartholdns
1258 2899 1491 2996 Aquilejeosis
1512 2895 1723 2995 patriarcha,
1751 2895 1934 2991 Sigiiridos

523 3025 793 3120 Mogontinensis
811 3025 906 3098 sedis
923 3025 1202 3121 archiepiscopus
1205 3079 1278 3097 .....
1306 3023 1372 3120 (l).

571 3149 716 3244 Signum
735 3149 953 3221 invictissimi
974 3150 1105 3223 domini
1118 3149 1225 3221 nostri
1248 3148 1412 3222 Friderici
1429 3150 1459 3221 ll
1478 3149 1709 3221 Romanorum
1722 3143 1934 3241 imperatoris

523 3263 598 3347 divi
615 3271 688 3368 (εἰς)
712 3273 851 3367 augusti
865 3282 901 3346 et
921 3273 1014 3367 regis
1035 3273 1148 3346 Sicilie
1159 3271 1453 3370 (Moooprcmmo).
1957 3351 1962 3360 ,

569 3397 643 3491 Ego
658 3396 835 3471 Conradns
849 3397 1019 3492 Spirensis
1040 3397 1252 3470 silletensis
1271 3397 1476 3493 episcopus,
1493 3397 1679 3495 imperialis
1699 3397 1778 3472 aule
1798 3395 1931 3470 canoal-

522 3521 644 3614 larius,
669 3521 746 3605 uice
766 3521 897 3596 domini
911 3521 1130 3614 Engemherti
1154 3520 1365 3594 Coloniensis
1389 3520 1636 3618 archiepiscopi
1653 3531 1688 3594 et
1708 3519 1815 3593 totius
1836 3516 1931 3591 ltalie

520 3643 809 3718 archicancellarii
825 3642 1022 3738 recognovi.

568 3764 652 3840 Acta
669 3777 750 3840 sunt
767 3769 833 3840 hec
849 3789 941 3842 anno
959 3767 1134 3842 dominice
1154 3769 1400 3842 incarnationis
1419 3770 1466 3842 hl.
1482 3767 1544 3842 CC.
1562 3767 1647 3860 XX,
1664 3768 1853 3863 imperante
1866 3764 1928 3839 do·

520 3889 614 3964 mino
630 3899 747 3964 nostro
767 3891 917 3985 glorioso
928 3889 1103 3964 Fridorice
1119 3890 1349 3966 Romanorum
1370 3893 1592 3988 imperatore,
1610 3910 1746 3985 semper
1759 3897 1923 3984 augusto,

520 4036 611 4088 anno
628 4015 763 4112 imperii
776 4015 852 4107 ejus
866 4016 893 4088 l.

566 4140 690 4212 Datum
708 4162 770 4235 per
785 4161 927 4214 manum
943 4139 1081 4213 ilenrici
1099 4139 1143 4212 de
1159 4141 1277 4212 Tanna
1290 4141 1476 4237 imperialis
1490 4137 1734 4237 prothonotarii
1746 4139 1782 4208 in
1797 4137 1928 4210 hlonta·

520 4259 610 4332 malo
622 4281 728 4356 prope
738 4262 879 4355 Urbem,
894 4264 953 4336 Vll
967 4263 1133 4337 kalendas
1145 4262 1355 4355 decembris,
1373 4263 1560 4336 indictione
1571 4263 1630 4335 tx.

1733 4452 1915 4466 ...ιιι-ι·-

559 4561 594 4633 (t)
613 4563 658 4620 Sic
672 4565 700 4620 in
712 4565 827 4637 duobus,
841 4569 953 4624 caeteris
965 4567 1076 4624 testibus
1086 4584 1139 4625 non
1150 4569 1296 4642 expressis.
