4436 5870
552 591 595 654 80
1055 597 1268 660 rnrnxnrcr
1294 599 1468 662 sacuam
1783 601 1859 686 [aar.
1878 603 1962 666 reae.

554 749 697 808 conum
719 723 951 811 cardinalem
979 730 1046 840 qni
1071 727 1225 814 fodrum
1251 731 1290 813 in
1314 732 1375 816 his
1402 733 1742 844 quoquepartibus
1756 735 1827 845 ipsi
1852 733 1966 818 iaciat

556 859 739 969 impendi.

636 1128 736 1208 (Edld.
751 1131 977 1208 Wnnnrwmrr,
991 1133 1073 1198 Novo
1084 1133 1189 1196 moad.
1205 1133 1366 1217 diplomat..
1386 1143 1407 1200 t.
1423 1139 1455 1214 1,
1473 1155 1504 1216 p.
1521 1145 1624 1212 45-47,
1637 1154 1655 1198 e
1668 1137 1733 1200 cod.
1749 1137 1846 1198 Vatlc.
1860 1135 1962 1214 7183.)

600 1349 770 1422 Honorius
785 1353 981 1449 episeopus,
998 1376 1121 1428 servus
1138 1375 1316 1428 servorum
1332 1355 1408 1444 Dei,
1424 1353 1597 1427 Friderioo
1607 1353 1836 1426 Romanomm
1854 1353 1963 1448 impe·

549 1473 652 1544 ratori
671 1495 808 1572 semper
828 1491 976 1572 augusto
997 1488 1032 1552 et
1046 1479 1120 1574 regi
1137 1479 1264 1552 Sicilie.
1279 1479 1355 1552 Nou
1372 1478 1546 1552 credimus
1559 1477 1654 1572 quod
1668 1499 1822 1571 nuquam
1838 1475 1962 1570 aliquis

548 1597 723 1672 Romanus
738 1601 893 1694 pontifex
906 1602 1123 1676 sinceriorem
1138 1605 1312 1676 caritatem
1326 1603 1372 1676 ad
1385 1603 1534 1696 aliquem
1550 1603 1790 1698 imperatorem
1803 1601 1962 1672 habuerit

547 1741 653 1814 quam
677 1743 741 1795 nos
761 1723 808 1796 ad
825 1745 1007 1820 personam
1026 1736 1085 1800 tue
1100 1726 1321 1799 sublimitatis
1341 1725 1522 1815 habemns,
1546 1724 1637 1798 sicut
1656 1723 1879 1798 evidentibus
1899 1745 1961 1818 po·

550 1845 645 1917 tuisti
663 1867 872 1942 cognoscere
890 1850 1099 1942 argumentis
1123 1861 1159 1923 et
1179 1871 1387 1945 cognosces,
1415 1849 1520 1922 dante
1542 1849 1706 1937 Domino,
1734 1847 1857 1920 diebus
1880 1867 1962 1918 om-

549 1967 654 2041 nibus
674 1969 745 2042 vite
766 1981 893 2044 nostre.
915 1972 953 2044 Si
971 1993 1055 2064 ergo
1077 1974 1113 2044 in
1134 1973 1334 2047 exhibendo
1357 1971 1418 2044 tibi
1441 1971 1560 2046 fodero
1584 1971 1752 2067 imperiali
1775 1970 1962 2044 difficultas

550 2092 616 2164 tuit
633 2093 749 2188 aliqua
772 2095 828 2168 vel
854 2095 1028 2186 delectus,
1054 2119 1162 2191 grave
1183 2097 1283 2170 nobis
1305 2105 1358 2168 est
1381 2095 1569 2192 plurimum
1590 2103 1625 2168 et
1643 2094 1825 2167 molestum
1843 2115 1908 2166 nec
1922 2093 1960 2166 id

551 2217 650 2290 nobis
674 2227 785 2313 potest
810 2219 1028 2314 aliquatenus
1052 2221 1228 2316 imputari.
1257 2223 1304 2293 Te
1327 2221 1419 2293 enim
1445 2220 1743 2315 appropinquante
1766 2217 1814 2292 ad
1838 2217 1960 2290 Tuscie

550 2350 676 2437 partes,
691 2342 864 2416 universis
878 2343 1076 2417 civitatibus
1091 2354 1207 2417 nostre
1220 2341 1343 2416 ditioni
1357 2345 1521 2437 subiectis
1536 2363 1699 2439 expresse
1714 2341 1960 2414 mandavimus

549 2475 589 2537 ut
609 2467 866 2560 procurationes
883 2468 960 2540 sive
978 2468 1135 2542 foderum
1155 2469 1218 2540 tibi
1237 2467 1421 2542 liberaliter
1444 2477 1479 2541 et
1500 2468 1651 2542 hilariter
1672 2467 1896 2557 exhiberent,
1918 2487 1959 2538 ac

548 2611 593 2662 ne
610 2590 690 2684 quis
705 2591 852 2683 jussioni
872 2601 988 2664 nosue
1010 2603 1223 2688 presumeret
1244 2593 1426 2684 contraire,
1450 2591 1612 2665 dilectum
1635 2589 1745 2662 filium
1765 2590 1958 2664 Aletrinnm

548 2713 801 2787 subdiaconum
813 2724 849 2788 et
863 2715 1077 2810 capellanum
1096 2725 1250 2788 nostrum
1263 2715 1325 2809 qni
1341 2737 1410 2789 non
1424 2717 1539 2788 minus
1551 2725 1605 2788 est
1618 2713 1682 2786 tibi
1693 2736 1799 2808 qnam
1815 2714 1959 2788 ecclesie

547 2839 700 2911 Romane
718 2837 876 2920 devotus,
894 2839 1000 2912 immo
1022 2839 1083 2934 qui
1103 2848 1194 2912 totns
1209 2849 1261 2913 est
1285 2849 1383 2930 tuus,
1400 2839 1484 2912 illuc
1503 2839 1677 2912 destinare
1694 2838 1894 2910 curavimus
1920 2849 1959 2910 ut

547 2961 664 3034 omnia
683 2962 843 3035 decenter
862 2985 924 3058 per
943 2967 1018 3056 ejus
1036 2963 1300 3036 sollicitudinem
1322 2965 1586 3058 complerentur,
1610 2972 1646 3035 et
1662 2961 1747 3058 quia
1765 2962 1958 3035 secundum

547 3097 700 3159 tenorem
722 3085 892 3181 privilegii
915 3109 1020 3182 super
1037 3087 1103 3160 boc
1126 3087 1206 3159 lacti
1224 3087 1312 3160 inter
1333 3087 1512 3160 eeclesiam
1532 3096 1567 3160 et
1589 3087 1773 3182 imperium
1799 3085 1957 3160 foderum

548 3211 662 3304 ipsnm
681 3230 750 3282 non
770 3209 873 3282 debet
893 3209 959 3282 nisi
980 3231 1042 3306 per
1062 3211 1202 3283 nuntios
1225 3210 1367 3284 ecclesie
1388 3212 1540 3285 Romane
1557 3210 1699 3304 requiri.
1721 3210 1826 3282 Porro
1847 3210 1958 3306 impe·

546 3344 675 3406 ratores
692 3333 836 3407 Romani
855 3333 1055 3426 hujusmodi
1073 3335 1330 3430 procurationes
1342 3355 1403 3408 seu
1421 3333 1579 3408 foderum
1593 3334 1735 3427 exigere
1747 3354 1817 3407 non
1830 3333 1958 3407 babent

545 3460 582 3533 in
599 3458 768 3532 Maritima
790 3459 845 3531 vel
865 3459 1070 3554 Campania,
1091 3481 1171 3532 cnm
1197 3481 1259 3556 per
1278 3469 1391 3556 partes
1407 3461 1484 3533 illas
1497 3481 1567 3533 non
1592 3459 1638 3531 sit
1656 3480 1776 3531 eornm
1793 3459 1957 3532 transitus

545 3582 686 3678 quando
700 3583 746 3656 ad
760 3603 921 3655 coronam
935 3583 1080 3655 veniunt
1099 3585 1154 3656 vel
1170 3583 1311 3678 quando
1329 3583 1376 3656 ad
1393 3583 1530 3679 propria
1544 3592 1778 3671 revertuntur,
1794 3591 1831 3655 et
1845 3581 1876 3654 si
1895 3582 1956 3675 qni

544 3706 612 3779 boc
629 3706 818 3800 aliqnando
832 3716 1034 3803 receperunt
1047 3707 1093 3780 ad
1114 3707 1349 3780 invadendum
1363 3729 1509 3802 regnum
1523 3707 1639 3779 Sicilie
1652 3705 1867 3798 anhelantes,
1887 3727 1956 3778 non

541 3829 674 3924 justitia
693 3829 755 3902 sed
777 3830 939 3904 violentia
957 3830 1154 3904 intervenit.
1173 3831 1242 3904 Sed
1256 3830 1286 3902 si
1305 3830 1373 3902 hoc
1387 3829 1542 3902 debitum
1560 3839 1668 3917 esset,
1686 3827 1828 3901 deberet
1842 3839 1957 3900 tamen

543 3978 606 4051 per
624 3955 764 4028 nuntios
783 3956 926 4028 ecclesie
947 3956 1099 4028 Romane
1118 3955 1246 4048 requiri
1263 3957 1365 4047 juxta
1389 3965 1541 4028 tenorem
1566 3953 1738 4049 privilegii
1761 3953 1954 4028 memorati.

542 4079 612 4152 Nos
629 4087 743 4152 tamen
762 4078 826 4151 bec
843 4078 933 4151 circa
951 4099 1134 4173 personam
1150 4087 1245 4151 tuam
1261 4078 1402 4152 minime
1424 4077 1660 4170 attendentes,
1680 4078 1745 4152 sed
1765 4077 1959 4152 volentesa
1991 4119 1994 4122 ·

544 4203 668 4275 nostris
693 4222 831 4275 omnem
855 4201 917 4274 tibi
942 4200 1235 4274 honorificentiam
1261 4201 1447 4275 liberaliter
1472 4201 1650 4286 exhiberi,
1675 4201 1722 4275 ad
1743 4209 1859 4297 partes
1882 4202 1958 4276 illas

543 4324 736 4397 direximus
761 4324 925 4398 dilectum
953 4323 1063 4396 filium
1088 4332 1242 4396 nostrum
1266 4325 1307 4397 R.
1334 4325 1451 4398 Sancti
1476 4322 1600 4419 Angeli
1624 4323 1811 4398 diaconum
1839 4323 1958 4397 cardi-

544 4446 673 4535 nalem,
695 4447 756 4540 qui
775 4447 838 4518 tibi
859 4456 911 4519 est
933 4447 1073 4542 speciali
1098 4447 1223 4520 affectu
1245 4458 1280 4520 et
1300 4447 1483 4521 devotione
1499 4449 1706 4540 conjunctus
1720 4456 1756 4522 et
1773 4447 1836 4542 qni
1852 4447 1958 4520 totius

544 4569 728 4663 Campania
743 4578 778 4640 et
792 4569 961 4642 Maritime
973 4581 1083 4642 rector
1095 4570 1225 4657 existit,
1244 4571 1397 4663 injuncto
1412 4570 1527 4643 eidem
1540 4557 1581 4642 ut
1595 4569 1753 4644 foderum
1768 4579 1804 4642 et
1818 4589 1957 4642 omnem

544 4688 838 4765 honorificentiam
850 4692 912 4764 tibi
927 4693 1030 4766 iaciat
1042 4691 1195 4765 studiose
1206 4703 1240 4766 et
1252 4693 1435 4788 diligenter
1452 4693 1620 4790 impendi.
1639 4693 1683 4766 Et
1695 4713 1792 4765 nnnc
1809 4691 1958 4787 receptis

2192 3979 2194 4034 l

2193 4037 2194 4074 t
