4436 5870
479 569 518 632 12
981 576 1196 640 scibbolet
1220 577 1394 640 secutor
1706 571 1785 655 [Ars.
1803 565 1891 632 122⁰.

477 703 609 798 quibus
627 704 759 780 dictum
781 713 1031 784 monesterium
1048 721 1084 784 et
1104 711 1251 788 ecclesie
1269 709 1452 809 privilegia
1475 709 1532 783 vet
1554 707 1690 782 chartas
1711 704 1891 780 authenti-

477 835 572 900 oetas
584 826 714 902 habent
725 829 771 902 ed
781 831 940 923 jamdicti
956 835 1153 908 monasterii
1166 845 1201 908 et
1214 837 1370 910 omnium
1384 834 1605 908 ecdcsiarum
1616 851 1758 904 suarum
1769 849 1889 924 pacem

476 952 674 1046 etquietmn
688 964 724 1026 et
735 951 998 1047 firmitudinem,
1015 957 1198 1034 utilitatem
1207 970 1242 1034 et
1257 958 1580 1046 corroborationem,
1593 954 1758 1051 precipue
1769 969 1890 1026 omncs

478 1075 602 1150 boscos
616 1076 662 1150 de
673 1077 887 1174 pigognaga,
899 1079 1064 1154 videlicet
1078 1080 1316 1176 Corpenetnm,
1332 1080 1521 1176 spinctum,
1538 1099 1673 1152 sacram
1693 1075 1738 1150 de
1758 1075 1889 1148 Petreta

477 1208 512 1272 et
530 1221 666 1274 soccum
683 1200 729 1276 de
744 1203 868 1277 Rozetn
883 1215 918 1278 st
930 1206 1092 1278 Savetam
1109 1217 1144 1280 et
1164 1207 1281 1280 omnia
1296 1226 1517 1302 quecumque
1535 1203 1639 1276 hebet
1653 1201 1746 1274 idem
1769 1218 1891 1271 mone·

478 1325 621 1397 sterium
642 1325 678 1396 in
698 1336 794 1401 curte
816 1326 861 1402 de
883 1327 1098 1423 Pigognoga,
1115 1329 1205 1403 siout
1225 1330 1420 1404 continetur
1435 1329 1470 1401 in
1486 1323 1678 1423 privilegiis
1704 1323 1778 1396 suis
1800 1330 1835 1393 et
1854 1320 1890 1392 in

478 1457 572 1522 certa
588 1448 753 1522 iohannis
768 1451 894 1524 nummi
912 1461 948 1524 et
966 1453 1116 1548 aliaque
1131 1455 1283 1528 inantea
1297 1456 1368 1528 Deo
1382 1453 1486 1528 dante
1498 1449 1646 1546 adipisci
1664 1458 1699 1520 et
1715 1445 1892 1540 acquirere

477 1574 603 1669 poterit
619 1572 810 1664 donemus,
831 1576 1056 1650 concedimus
1079 1589 1115 1652 et
1140 1578 1385 1652 confirmamus
1407 1587 1444 1650 et
1459 1597 1520 1674 per
1538 1575 1629 1648 hono
1653 1571 1805 1645 divalem
1826 1590 1892 1663 pa-

479 1697 597 1792 ginam
619 1699 881 1772 corroboramus
903 1701 940 1770 in
959 1709 1178 1796 perpetuum.
1198 1703 1353 1776 emersa
1370 1721 1490 1774 omncs
1507 1697 1757 1794 possessiones,
1773 1713 1891 1768 omncs

479 1831 587 1894 terras
599 1829 633 1893 ct
645 1842 766 1894 omnes
780 1823 927 1918 potudes
944 1845 1014 1918 que
1036 1834 1187 1920 tempore
1207 1823 1370 1897 Friderici
1386 1835 1421 1896 ct
1439 1821 1576 1896 Henrici
1594 1821 1841 1916 imperatorum
1858 1825 1890 1888 et

478 1954 596 2017 nostro
615 1953 768 2041 tempore
785 1947 940 2041 predicto
961 1948 1169 2022 monasterio
1188 1957 1224 2020 et
1243 1948 1405 2022 omnibus
1422 1947 1496 2020 suis
1511 1945 1665 2020 ecclesiis
1682 1953 1717 2017 et
1739 1941 1813 2014 suis
1829 1941 1890 2013 bo-

478 2067 632 2140 minibus
650 2091 671 2141 a
690 2067 741 2164 (a)
756 2071 894 2142 nunciis
918 2069 1044 2143 nostris
1068 2071 1264 2144 intromisso
1281 2091 1342 2144 scu
1363 2071 1528 2165 impedite
1550 2071 1605 2142 vei
1627 2065 1744 2142 saisita
1766 2063 1892 2136 fuerint

479 2192 536 2264 vet
552 2199 652 2281 sunt,
673 2191 786 2264 eidem
804 2193 1012 2266 monasterio
1028 2200 1065 2266 ct
1080 2194 1157 2287 ejus
1176 2193 1330 2268 ecclesiis
1352 2203 1387 2266 et
1409 2193 1572 2266 omnibus
1597 2190 1672 2262 suis
1692 2187 1891 2263 hominibus

480 2313 710 2406 restituimus,
738 2313 939 2404 reddimus,
966 2317 1137 2390 donamus
1158 2325 1194 2388 et
1215 2316 1457 2389 confirmamus
1482 2325 1517 2387 et
1538 2314 1687 2410 presenti
1710 2309 1891 2406 privilegio

478 2439 751 2512 corroboramus.
774 2439 919 2535 insuper
930 2459 1053 2512 omnes
1068 2442 1301 2534 possessiones
1317 2461 1405 2533 quas
1418 2439 1579 2512 Albsrtus
1594 2438 1704 2511 abbas
1719 2433 1891 2508 Gualterio

478 2562 695 2658 deGunzaga
715 2561 751 2634 in
766 2560 935 2635 beneficio
950 2562 1047 2636 teudi
1058 2563 1134 2635 sine
1149 2563 1285 2635 licentia
1300 2572 1493 2636 nostrorum
1506 2569 1762 2636 antecessorum
1776 2556 1888 2643 dedit,

315 2733 322 2746 -
476 2687 787 2781 queposseesionss
800 2685 837 2756 in
851 2685 1045 2780 dampnum
1060 2692 1095 2756 et
1109 2685 1352 2758 detrimontum
1366 2683 1889 2780 ipsiusmonasteriivertuntur,

478 2807 576 2902 quod
599 2829 821 2901 nequaqnam
840 2808 911 2902 pati
928 2827 1115 2900 possumus
1129 2827 1194 2878 nec
1211 2806 1396 2899 debemus,
1413 2808 1537 2880 Azconi
1556 2807 1673 2880 obbuti
1695 2799 1891 2876 monasterii

480 2930 597 3004 Sancti
617 2930 794 3002 Benedicti
814 2930 958 3022 suisque
981 2929 1238 3002 successoribus
1259 2929 1396 3004 nominc
1416 2932 1536 3026 prefati
1560 2928 1757 3003 monasterii
1783 2927 1892 3020 impe-

481 3052 560 3125 riali
577 3051 776 3123 auctoritate
789 3050 971 3124 reddimus
985 3060 1021 3124 et
1033 3053 1245 3124 restituimus
1262 3061 1297 3125 et
1311 3075 1430 3126 eorum
1445 3055 1565 3127 datum
1583 3055 1614 3126 si
1632 3052 1719 3147 quid
1732 3049 1837 3124 fucrit
1857 3048 1890 3118 in

483 3176 618 3247 inritum
626 3173 826 3246 reducimus
834 3173 912 3246 etin
920 3183 1128 3269 perpetuum
1137 3185 1373 3266 cessamus;et
1382 3176 1428 3249 de
1434 3173 1889 3273 predictispossessionibus,

483 3296 648 3370 videlicet
664 3296 790 3369 Braida
805 3296 1011 3369 monasterio
1028 3296 1192 3388 Gunzage
1206 3298 1384 3391 adjacente
1396 3321 1475 3372 cnm
1489 3299 1601 3392 burgo
1621 3298 1658 3369 in
1674 3319 1717 3370 ea
1734 3295 1848 3392 posito
1860 3300 1895 3364 et

484 3420 563 3494 aliis
575 3419 786 3514 quibusdam
798 3419 1075 3513 possessionibus
1093 3421 1289 3494 monosterii
1312 3421 1357 3494 de
1374 3420 1536 3516 Gunmga
1549 3421 1586 3494 in
1599 3423 1703 3494 Lecto
1718 3417 1896 3492 Paludeuo

484 3543 605 3640 positis
619 3550 654 3614 et
666 3542 702 3612 in
718 3549 814 3614 curte
822 3541 988 3636 Gunzago
1000 3541 1045 3616 de
1056 3542 1198 3615 oonsilio
1213 3544 1307 3616 curie
1322 3553 1436 3618 nostre
1449 3545 1527 3618 vice
1539 3542 1738 3619 monasterii
1750 3536 1897 3637 predicti

485 3662 583 3760 quod
595 3662 642 3737 ad
656 3683 721 3736 nos
730 3663 923 3758 specialiter
936 3664 1085 3757 pertinet
1094 3665 1171 3758 lege
1181 3687 1317 3760 semper
1334 3667 1481 3741 valitura
1495 3669 1609 3762 ipsum
1625 3665 1850 3750 investimus,
1866 3668 1900 3733 ot

485 3806 569 3860 cum
588 3785 682 3858 omni
696 3786 826 3858 honore
845 3794 880 3857 et
898 3784 1058 3858 districtu
1073 3795 1108 3859 et
1120 3785 1359 3878 jurisdictione
1375 3790 1442 3885 ipsi
1465 3790 1581 3863 abbati
1598 3787 1901 3862 corroboravimus

485 3910 629 4003 suisque
643 3907 899 3980 successoribus
910 3908 946 3979 in
963 3917 1179 4004 perpetuum.
1189 3911 1381 3983 Statuentes
1394 3921 1429 3984 et
1440 3912 1593 3986 districtc
1602 3912 1672 3986 sub
1685 3910 1807 3984 debito
1816 3907 1903 3982 flde-

487 4033 593 4105 litatis
608 4039 724 4106 nostre
733 4030 961 4126 precipientes
976 4039 1016 4102 ut
1025 4030 1143 4101 nullus
1155 4029 1243 4122 dux,
1257 4033 1421 4126 marchio,
1437 4056 1566 4124 comes,
1581 4035 1699 4106 nutius
1714 4029 1902 4128 gastaldio,

487 4157 606 4228 nullus
625 4156 833 4227 nunciorum
854 4155 912 4226 vel
936 4153 1094 4226 fidelium
1115 4162 1307 4227 nostrorum
1326 4177 1391 4228 nec
1410 4159 1527 4229 nuilus
1542 4157 1646 4230 etiam
1667 4157 1781 4250 ipsius
1801 4151 1907 4226 Gual·

490 4279 567 4350 terii
584 4278 751 4350 heredum
774 4279 831 4351 vet
854 4275 1111 4374 proheredum,
1131 4277 1227 4348 nulia
1246 4275 1395 4371 deniqne
1418 4300 1564 4374 persona
1587 4280 1761 4375 prefatum
1785 4297 1909 4351 mone-

491 4399 634 4472 sterium
652 4397 697 4470 de
715 4399 892 4491 jamdictis
912 4398 1189 4494 possessionibus
1212 4396 1257 4470 de
1282 4407 1393 4471 cetero
1415 4403 1594 4475 molestare
1619 4408 1682 4473 aut
1702 4399 1911 4496 perturbans

534 4659 576 4740 (a)
597 4661 633 4722 In
646 4662 795 4738 impressis
808 4665 847 4735 tt,
861 4661 950 4722 mdc.
