4368 5876
547 484 604 546 176
1053 482 1267 544 tttttofflttct
1292 484 1465 546 SECUllllll
1777 485 1857 564 [Arna.
1875 487 1959 550 tmt.

546 619 650 692 etiam
666 619 780 693 facere
802 618 960 710 valeant;
982 627 1018 691 et
1033 627 1074 690 ut
1088 619 1210 693 iratres
1226 630 1262 693 et
1277 620 1435 694 homines
1452 619 1535 694 dicti
1553 619 1752 694 monasterii
1772 643 1834 718 per
1848 623 1961 696 omnia

546 744 734 818 tenimenta
755 743 912 839 predicta
930 753 965 816 et
983 744 1057 818 loca
1076 765 1212 818 necnon
1228 756 1263 819 et
1279 755 1386 820 terras
1404 755 1538 818 nostras
1559 745 1665 818 totius
1685 746 1791 818 noshi
1814 745 1962 820 demanii

547 893 588 943 ac
603 870 709 942 etiam
724 869 907 956 baronum,
925 869 1105 960 comitum,
1120 870 1372 954 marchionum,
1389 871 1533 964 ducum,
1551 871 1747 968 principum
1761 880 1797 944 et
1809 871 1963 946 omnium

548 997 694 1069 aliorum
715 995 936 1068 dominorum
960 994 1064 1068 totius
1080 996 1178 1090 regni
1195 996 1311 1070 Sicilie
1329 996 1438 1070 libere
1452 995 1607 1070 vendant
1623 1006 1659 1068 et
1676 1007 1814 1088 emant,
1836 996 1965 1070 ducant

548 1120 710 1193 animalia
729 1129 763 1192 et
782 1118 951 1192 reducant
971 1128 1006 1190 et
1027 1141 1267 1215 quascumque
1287 1143 1342 1194 res
1356 1121 1542 1195 extrahant
1561 1121 1607 1196 ad
1630 1120 1767 1194 libitum
1781 1121 1965 1196 voluntatis

547 1267 667 1318 eorum
691 1245 824 1338 absque
839 1245 1021 1316 exactione
1035 1243 1134 1338 datii,
1155 1247 1303 1340 gabello,
1324 1247 1474 1342 passagii
1493 1257 1528 1319 et
1550 1246 1727 1342 platoagii.
1749 1247 1785 1320 Si
1804 1265 1889 1320 vero
1904 1243 1965 1318 ali·

548 1369 645 1465 quod
662 1369 829 1442 damnum
846 1369 891 1442 ab
910 1367 1110 1443 hominibus
1127 1372 1335 1444 monasterio
1350 1380 1385 1445 et
1402 1371 1601 1444 bominibus
1618 1373 1694 1465 ejus
1709 1369 1968 1467 quomodolibet

550 1496 653 1570 luerit
681 1497 832 1586 illatum,
857 1494 1049 1568 vicinaliter
1074 1496 1277 1570 emendetur
1299 1497 1431 1594 absquo
1456 1519 1548 1594 pena
1573 1496 1813 1593 prohibitionis
1840 1495 1964 1585 banni;

552 1622 715 1694 nolumus
734 1621 827 1693 enim
847 1629 886 1694 ut
907 1621 952 1695 de
978 1622 1050 1695 ullo
1076 1622 1192 1697 banno
1217 1631 1400 1698 teneantur
1425 1624 1562 1714 fratros,
1587 1622 1711 1712 oblati,
1732 1619 1912 1695 domestici
1935 1628 1969 1692 et

553 1746 710 1820 homines
728 1756 763 1818 et
776 1745 879 1818 ceteri
893 1746 1016 1820 vasalli
1031 1756 1066 1820 et
1082 1747 1272 1822 subditiuo
1288 1749 1478 1822 servientes
1494 1747 1650 1844 predicto
1667 1747 1875 1820 monasterio
1893 1744 1969 1818 ubi·

553 1893 703 1964 cumque
726 1871 926 1945 commorati
947 1871 1093 1962 luerint,
1114 1872 1182 1944 nisi
1205 1872 1350 1970 imperio
1370 1883 1404 1948 ot
1422 1875 1624 1948 excellentie
1640 1873 1817 1968 dignitatis
1841 1881 1968 1962 nostre,

555 2017 620 2070 nec
649 1996 840 2091 abaliquo
874 1995 1015 2070 domino
1051 2018 1272 2094 quacumque
1297 1999 1499 2072 anctoritate
1525 1999 1717 2094 prefulgent
1751 1997 1972 2070 molestentur

557 2122 673 2216 aliqua
691 2121 823 2195 ratione
840 2124 897 2196 vel
915 2143 1039 2212 causa,
1056 2123 1279 2217 castigentur,
1302 2125 1530 2220 corrigantur,
1552 2123 1787 2217 astringantur
1809 2131 1869 2196 aut
1885 2141 1972 2194 con-

559 2244 766 2320 demnentur
790 2257 860 2320 tam
880 2247 1026 2320 civiliter
1041 2269 1147 2343 quam
1165 2248 1388 2324 criminaliter
1409 2249 1475 2322 nisi
1493 2271 1515 2320 a
1533 2251 1664 2344 prelato
1688 2248 1830 2322 domino
1849 2235 1974 2320 abbate

558 2380 593 2444 ct
617 2371 875 2444 successoribus
893 2372 968 2445 suis
989 2373 1154 2446 canonice
1176 2373 1406 2464 intrantibus,
1426 2395 1728 2468 quorumcumque
1751 2371 1975 2444 nibilominus

558 2497 744 2585 baronum,
770 2497 947 2585 comitum,
969 2499 1225 2590 marchionum,
1247 2499 1401 2592 ducum,
1421 2499 1618 2596 principum
1633 2510 1669 2572 et
1690 2499 1837 2572 aliorum
1860 2495 1975 2572 domi-

560 2643 683 2694 norum
704 2623 942 2716 temporalium
967 2623 1128 2719 strepitu,
1147 2624 1300 2719 potentia
1314 2634 1350 2698 et
1366 2625 1488 2698 timore
1509 2623 1677 2720 depulsis.
1702 2622 1804 2696 Unde
1826 2642 1889 2716 pro
1913 2641 1975 2694 ex·

561 2747 717 2818 callentis
745 2757 779 2820 et
799 2747 957 2819 libertate
978 2746 1070 2821 dicte
1089 2749 1233 2822 ecclesie
1253 2749 1416 2822 volumus
1443 2757 1478 2822 et
1500 2748 1656 2822 consulte
1682 2747 1830 2840 gratiose
1854 2765 1978 2820 conoe-

563 2870 679 2943 dimns
694 2879 730 2942 et
748 2891 912 2964 expresse
935 2881 1144 2946 mandamus
1160 2872 1292 2947 dictum
1314 2873 1475 2947 abbatem
1492 2883 1526 2946 ot
1543 2871 1606 2966 qui
1622 2893 1685 2968 pro
1702 2880 1857 2966 tempore
1876 2868 1979 2940 luerit

564 2995 698 3066 nullum
720 2993 828 3066 alium
851 2993 1063 3090 superiorem
1086 2995 1215 3068 babere
1232 2997 1269 3067 in
1287 2996 1448 3069 omnibus
1466 2997 1582 3070 causis
1603 3004 1673 3068 mm
1692 2994 1855 3068 civilibus
1873 3011 1978 3087 quam

565 3117 816 3209 criminalibus,
837 3128 872 3190 et
887 3117 1055 3192 adversus
1078 3141 1198 3193 omnes
1220 3142 1302 3193 suos
1327 3121 1500 3214 subiectos
1521 3123 1577 3194 vel
1601 3119 1759 3194 subditos
1781 3127 1818 3194 et
1834 3117 1980 3193 ventos

565 3242 748 3336 utriusque
766 3264 873 3314 sexus
888 3265 968 3315 cum
984 3244 1057 3316 suis
1075 3243 1263 3318 mobilibus
1281 3245 1443 3318 omnibus
1463 3256 1497 3318 et
1515 3245 1700 3320 stabilibus
1715 3243 1807 3342 [qui]
1828 3263 1867 3316 se
1887 3242 1981 3338 ipsos

566 3367 632 3463 ipsi
644 3367 850 3440 monasterio
862 3366 898 3438 iu
910 3368 982 3442 vita
995 3369 1051 3443 vel
1065 3369 1102 3442 in
1114 3377 1318 3444 testamento
1329 3370 1476 3446 reddere
1489 3371 1547 3445 vel
1562 3370 1687 3444 offerre
1697 3370 1882 3460 voluerint,
1892 3367 1983 3440 sicut

565 3494 602 3565 in
621 3491 834 3565 mortificatis
848 3491 922 3565 fieri
939 3493 1038 3582 solet,
1054 3495 1199 3568 liberam
1217 3494 1367 3569 habeant
1387 3505 1605 3591 potestatem.
1624 3493 1803 3568 Addentes
1821 3491 1927 3566 etiam
1947 3500 1984 3564 et

567 3615 808 3689 confirmantes
829 3616 945 3689 abbati
966 3628 1001 3689 et
1021 3617 1207 3690 conventui
1221 3618 1305 3692 dicti
1318 3619 1517 3692 monasterii
1531 3628 1571 3692 ut
1582 3619 1684 3692 liceat
1700 3619 1752 3692 eis
1769 3619 1806 3688 in
1820 3615 1984 3713 predictis

568 3739 776 3828 tenimentis,
800 3741 903 3832 locis,
923 3742 1039 3834 terris,
1063 3741 1220 3815 homiues
1241 3743 1449 3816 adventitios
1467 3743 1637 3818 attrahere
1662 3753 1697 3816 et
1716 3742 1847 3816 habere
1869 3743 1906 3812 in
1928 3761 1984 3813 re-

569 3863 900 3938 commendationem
918 3887 1052 3938 necnon
1064 3867 1218 3962 recipere
1235 3867 1282 3940 ad
1296 3867 1526 3941 habitandum
1543 3879 1614 3942 tam
1630 3867 1676 3941 de
1694 3867 1857 3941 demanio
1870 3875 1986 3938 nostro

569 4011 675 4084 quam
697 3989 742 4061 dc
764 3989 862 4061 terris
878 3998 1068 4062 ceterorum
1092 3989 1323 4078 dominorum,
1348 4001 1383 4064 et
1401 3992 1498 4086 quod
1523 3991 1591 4088 ipsi
1614 3991 1771 4064 homines
1789 4011 1912 4084 aquas,
1937 3989 1988 4059 li-

570 4136 651 4208 gna,
671 4113 834 4206 herbagia
851 4124 886 4186 et
900 4123 1012 4187 cetera
1028 4113 1220 4188 necessaria
1238 4115 1346 4188 libere
1362 4117 1556 4212 percipiant
1572 4117 1608 4188 in
1626 4115 1823 4190 tenimentis
1838 4124 1875 4187 et
1891 4111 1989 4186 terris

572 4239 780 4333 supradicti,
813 4261 878 4310 neo
903 4240 1008 4312 alicui
1035 4261 1181 4336 persone
1203 4249 1384 4314 teneantur
1412 4242 1478 4314 nisi
1506 4241 1672 4339 predictis
1698 4240 1817 4314 abbati
1849 4247 1886 4312 et
1908 4257 1991 4310 mo-

573 4344 721 4435 nasterio
745 4364 974 4460 respondere,
993 4373 1028 4436 et
1045 4364 1092 4438 de
1109 4365 1388 4461 quibuscumque
1410 4368 1652 4461 questionibus
1675 4363 1897 4439 nullomodo
1922 4359 1989 4433 nisi

575 4486 722 4558 incuria
742 4487 824 4558 dicti
847 4489 1041 4562 monasterii
1061 4489 1212 4564 debeant
1228 4492 1425 4584 conveniri,
1450 4493 1608 4589 exeeptis
1632 4499 1766 4564 tantum
1789 4486 1993 4561 homiuibus

576 4611 750 4682 extraneis
767 4611 803 4682 in
822 4613 985 4685 omnibus
1010 4613 1124 4688 causis
1142 4637 1232 4710 quos
1254 4614 1301 4689 ad
1320 4617 1452 4690 curiam
1474 4627 1627 4692 nostram
1641 4616 1806 4689 volumus
1820 4613 1994 4710 peninere
