4298 5898
173 493 272 556 lentur.
292 492 353 572 la]
623 490 819 556 HISTORIA
843 491 1136 557 clanottllflca
1528 494 1587 556 503

174 627 224 700 ita
244 625 341 722 quod
368 625 581 720 quicumque
610 625 696 699 illud
716 627 846 700 tenebit
871 648 913 699 ea
939 628 1072 722 integre
1096 626 1270 700 tenebitur
1295 625 1497 722 adimplere.
1516 629 1585 702 Nos

174 760 290 823 autem
316 750 541 846 personaliter
553 751 749 842 juravimus
767 750 862 845 quod
881 753 1102 824 transibimus
1119 754 1209 825 ultra
1228 750 1374 823 marein
1391 750 1585 823 subsidium

173 875 275 947 Teme
297 875 419 946 Sancte
444 874 480 946 in
504 873 663 970 passagio
685 875 933 971 suprascripto,
955 884 989 949 et
1010 875 1228 972 Raynaldum
1255 883 1374 946 natum
1406 874 1586 969 qnondam

174 998 275 1070 ducis
290 999 417 1092 Spoleti
427 998 544 1090 jurare
559 999 702 1072 fecimus
718 999 754 1070 in
769 1000 886 1072 anima
899 1010 1014 1074 nostra
1026 1022 1089 1073 nos
1102 998 1244 1071 firmiter
1258 1007 1293 1071 et
1304 996 1456 1070 'fideliter
1468 1021 1586 1072 serva·

174 1130 270 1194 turos
288 1123 421 1216 reliqua
439 1121 567 1214 omnia,
588 1123 679 1195 sicut
692 1125 853 1219 superius
870 1133 952 1196 sunt
967 1145 1132 1219 expressa
1148 1121 1219 1220 (l);
1241 1131 1275 1195 et
1295 1121 1450 1218 predicta
1469 1121 1584 1194 omnia

173 1244 434 1318 observabimus
453 1245 544 1319 bona
566 1244 654 1337 lide,
682 1247 750 1320 lata
775 1269 821 1319 ex
843 1270 935 1320 nuno
959 1246 1327 1321 excommunicationis
1355 1246 1525 1318 sententia
1548 1245 1584 1316 in

172 1391 279 1464 quam
308 1368 503 1444 incidemus
523 1369 552 1442 si
571 1392 641 1442 non
666 1372 998 1446 transfretaverimus
1021 1371 1057 1444 in
1087 1371 1248 1468 passagio
1271 1369 1504 1466 suprascripto
1528 1371 1585 1442 val

172 1514 243 1564 nou
269 1491 475 1566 duxerimus
505 1495 562 1566 vel
587 1496 798 1567 tenuerimus
823 1497 1002 1568 nobiscum
1029 1497 1123 1568 millo
1145 1495 1270 1568 milites
1295 1495 1353 1568 vel
1379 1516 1450 1566 non
1477 1493 1586 1567 mise-

172 1616 282 1688 rimus
307 1617 531 1712 prescriptam
558 1620 755 1713 pecuniam,
782 1620 872 1692 sicut
898 1622 1060 1716 superius
1086 1633 1139 1692 est
1163 1640 1379 1715 expressum.
1406 1618 1442 1690 Si
1468 1626 1583 1690 autem

174 1738 399 1813 defecerimus
417 1741 455 1812 in
472 1743 645 1838 aliquibus
663 1743 721 1816 vel
739 1743 776 1816 in
800 1743 917 1838 aliquo
934 1752 1139 1832 ceterorum,
1160 1742 1314 1816 Ecclesia
1331 1743 1482 1814 Romana
1501 1761 1583 1813 sen-

174 1863 330 1938 tentiabit
345 1864 381 1936 in
399 1887 463 1938 nos
483 1875 518 1940 et
535 1866 571 1938 in
596 1876 720 1941 terram
737 1877 889 1943 nostram
905 1869 951 1943 de
972 1877 1160 1964 spontaneo
1181 1877 1217 1940 et
1238 1867 1309 1960 Jam
1334 1866 1474 1961 prestito
1501 1887 1585 1938 con·

172 2009 277 2061 sensu
302 1999 430 2062 nostro.
455 1991 558 2077 Quod
586 1993 616 2064 si
647 1993 682 2064 in
707 1994 854 2085 alicujus
882 1994 1018 2067 termini
1043 1995 1211 2067 solutione
1237 1991 1485 2078 defecerimus,
1514 1991 1582 2062 leta

173 2111 339 2184 sententia
354 2121 530 2185 teneamur
548 2114 722 2205 adstricti,
739 2116 787 2189 ita
804 2115 943 2210 quodsi
961 2126 1036 2214 post
1054 2115 1238 2188 terminum
1254 2115 1422 2210 elapsum,
1436 2136 1498 2210 per
1510 2123 1583 2186 tes-

173 2234 364 2308 timoniales
389 2237 518 2310 litteras
542 2260 661 2312 eorum
686 2240 748 2334 qui
772 2262 836 2335 pro
862 2262 944 2334 rege
963 2263 1005 2314 ao
1030 2241 1222 2335 patriarcha
1245 2251 1281 2313 et
1304 2239 1468 2333 magistro
1490 2240 1582 2310 Hos-

172 2361 287 2455 pitalis
304 2362 591 2436 Tbeutonicorum
612 2365 657 2437 ad
676 2364 911 2460 recipiendam
932 2367 1069 2438 statutis
1084 2363 1238 2438 terminis
1264 2364 1375 2458 ipsam
1397 2363 1580 2457 pecuniam

172 2491 378 2576 statuentur,
396 2485 546 2561 Ecclesia
563 2488 715 2562 Romane
734 2488 920 2561 constiterit
936 2511 999 2561 nos
1018 2487 1064 2562 de
1079 2486 1278 2581 hujusmodi
1297 2485 1501 2558 satisfecisse
1518 2485 1579 2558 de·

171 2607 277 2700 fectu,
295 2610 410 2682 statim
423 2633 527 2706 super
540 2612 599 2684 illo
612 2613 757 2686 articulo
770 2613 990 2686 absolvemur
1002 2635 1066 2686 nec
1082 2634 1187 2708 super
1199 2611 1278 2684 aliis
1294 2609 1474 2682 occasione
1487 2609 1579 2681 illius

171 2732 339 2808 sententm
357 2735 582 2828 gravabimur
599 2738 670 2809 ullo
694 2736 810 2811 modo.
827 2736 885 2812 Ad
906 2738 1011 2830 hujus
1032 2747 1148 2811 autem
1171 2733 1222 2809 rai
1247 2738 1411 2828 majorem
1434 2733 1579 2806 eviden-

172 2855 254 2927 tiam
280 2877 421 2952 presens
446 2859 611 2955 scriptum
635 2859 709 2934 fieri
732 2861 875 2934 fecimus
900 2871 935 2934 et
960 2863 1056 2936 bulla
1078 2883 1184 2934 aurea
1209 2869 1324 2933 nostro
1347 2859 1483 2954 typario
1507 2859 1580 2929 im-

171 3001 288 3076 pressa
297 2983 466 3076 jussimus
484 2983 657 3079 insigniri.

219 3105 346 3180 Datum
361 3107 457 3202 apud
474 3108 637 3180 Sanctum
652 3107 880 3202 Germanum,
905 3131 996 3182 anno
1016 3108 1191 3184 dominica
1209 3107 1453 3182 incarnationis
1471 3107 1582 3180 mille-

170 3227 259 3302 simo
276 3227 512 3305 ducentesimo
529 3232 844 3332 vicesimoquinto,
865 3255 984 3308 mense
997 3235 1094 3328 julii,
1116 3233 1350 3307 tertiedecime
1365 3231 1577 3304 indictionis.

223 3757 460 3868 fridericus,
489 3760 749 3845 Romanorum
773 3763 997 3872 imperator,
1026 3758 1255 3842 munasterio
1287 3759 1415 3842 Sancti
1447 3758 1584 3842 Salva-
1643 3768 1749 3866 affl„

170 3892 263 3976 toris
281 3894 321 3976 in
339 3904 469 3978 monte
487 3893 639 3978 Amiato
655 3895 897 4005 privilegium
915 3922 939 3978 a
955 3904 1062 4003 patre
1075 3918 1146 3976 suo
1158 3893 1321 3976 Hannon
1335 3901 1440 3976 sexto
1458 3893 1585 4001 impe-
1622 3876 1767 3984 ⁰²29?le

170 4033 295 4110 ratore
316 4028 419 4137 apud
435 4028 541 4112 Pisas
554 4031 608 4111 20
619 4029 707 4140 julii
727 4030 830 4110 flet
848 4027 1060 4130 indultum,
1081 4034 1238 4108 renovat
1254 4035 1292 4107 et
1304 4025 1518 4108 confirmat.

1499 4226 1574 4236 ...-

206 4341 244 4417 (1)
266 4345 327 4402 «Et
340 4349 406 4403 tunc
419 4345 447 4403 in
458 4345 516 4421 ipsa
528 4347 641 4405 ecclesia
651 4349 677 4407 S.
693 4347 818 4405 Germani
834 4348 922 4405 dictus
937 4347 1082 4420 imperator
1093 4344 1210 4419 capitula
1222 4343 1288 4402 haec
1299 4359 1406 4402 servare
1413 4343 1584 4418 juravit,etc.

172 4457 187 4494 ι
200 4441 297 4499 domm
308 4443 430 4517 predicto
442 4459 536 4502 mense
543 4445 603 4517 jolii
616 4446 643 4502 in
655 4445 725 4502 festo
737 4444 828 4502 Sancti
838 4443 930 4502 iacobi
941 4445 984 4520 (25
995 4445 1074 4518 julii).
1088 4443 1123 4501 Et
1136 4449 1200 4500 tunc
1213 4459 1262 4517 per
1274 4441 1421 4500 cardinales
1431 4441 1505 4516 ipsos
1515 4443 1585 4514 jam·

173 4554 187 4591 a
202 4539 290 4597 dictus
303 4541 448 4615 imperator
460 4543 639 4616 ajnramento
650 4542 722 4616 quod
735 4543 808 4616 apud
821 4541 935 4601 Verulae
944 4541 1044 4601 fecerat
1053 4543 1225 4600 denuntiatus
1237 4546 1280 4599 est
1289 4539 1455 4598 absolutus.»
1464 4541 1538 4596 ltrec.
1547 4555 1584 4595 nn

169 4635 199 4692 S.
213 4635 317 4708 Genu„
332 4638 460 4697 carone.
472 4639 509 4696 nd
521 4655 589 4697 can.
601 4643 680 4698 ⁴225.
