4292 5894
194 586 292 646 lucrm.
311 585 372 664 lt]
650 582 849 646 HISTORIA
872 579 1165 644 DlPLOMATlGA.
1550 585 1612 650 359

193 729 286 794 rator
301 719 336 793 ei
355 717 431 791 lieri
449 719 563 792 ieciet.
582 721 751 794 Dominus
764 739 848 794 vero
861 721 1047 817 imperatur
1064 721 1168 796 debet
1184 719 1269 794 dare
1282 719 1400 794 comiti
1414 719 1610 812 Thomasic,

194 843 298 917 uxori
312 843 389 935 ejus
406 852 440 916 et
458 843 532 916 suis
550 842 737 918 heredibus
753 845 1009 942 inperpetuum
1030 844 1231 917 comitatum
1246 844 1372 918 Molieii
1392 866 1474 917 cum
1492 845 1615 920 civita·

195 968 302 1060 tubus,
323 968 490 1059 baroniis,
509 968 624 1042 feudis
646 979 681 1043 et
697 991 778 1044 cum
793 968 955 1042 omnibus
971 969 1200 1065 pertinentiis,
1216 968 1358 1063 justitiis
1374 977 1409 1041 et
1424 969 1615 1043 rationibus

195 1093 270 1166 suis
284 1101 354 1166 tum
374 1093 410 1165 iu
428 1093 589 1168 demanio
607 1115 714 1188 mam
730 1095 766 1167 iu
785 1093 938 1187 servitio,
962 1095 1060 1167 salvo
1077 1093 1219 1167 servitio
1234 1093 1331 1189 quod
1352 1092 1436 1166 inde
1451 1093 1612 1185 debetur,

195 1225 308 1312 preter
331 1216 509 1292 icrtelitias
538 1228 727 1292 castrorum
760 1240 849 1314 quas
877 1220 950 1315 ipse
978 1218 1071 1291 dirui
1096 1218 1243 1292 voluerit
1270 1230 1305 1291 et
1330 1227 1444 1315 preter
1467 1219 1615 1293 lloccam

194 1339 304 1412 Buani
327 1349 480 1434 tautum,
505 1361 612 1436 quam
637 1340 802 1415 dominns
825 1343 1013 1438 imperetur
1033 1341 1070 1414 in
1096 1363 1221 1414 manus
1244 1363 1325 1414 sues
1351 1341 1482 1415 tenebit
1503 1342 1615 1417 donec

196 1463 381 1558 imperator
402 1467 447 1538 nb
471 1465 703 1540 ultramarinis
725 1467 884 1562 pertibus
908 1475 1114 1540 revertetur.
1132 1465 1252 1539 Dictus
1272 1473 1388 1540 autem
1414 1487 1528 1540 comes
1545 1489 1614 1542 non

197 1588 324 1661 serviet
341 1590 386 1664 de
408 1590 570 1665 demanio
595 1592 779 1665 comitatus
806 1591 918 1666 donec
941 1600 1041 1664 extra
1066 1611 1212 1686 regnum
1239 1591 1360 1682 luerit;
1384 1591 1465 1663 etsi
1489 1591 1615 1688 aliquis

197 1709 367 1786 bmnurun
392 1703 574 1788 comitatus
600 1716 706 1789 nollet
730 1717 844 1790 eidem
870 1716 987 1790 comiti
1017 1716 1197 1790 servitium
1225 1716 1338 1790 lacere
1366 1715 1458 1788 sicut
1488 1716 1610 1810 debet,

199 1827 362 1909 dominus
384 1837 571 1933 imperator
595 1839 700 1913 debet
724 1840 839 1936 ipsum
860 1861 984 1935 cogere
1010 1837 1057 1914 ed
1081 1838 1292 1913 iaciendum.
1319 1839 1483 1913 eunomia
1509 1841 1614 1916 etiem

201 1955 363 2034 domiuus
384 1963 568 2058 imperator
588 1963 704 2038 eidem
723 1964 840 2037 comiti
858 1971 893 2038 et
911 1963 1102 2038 heredibus
1122 1963 1195 2035 suis
1214 1963 1473 2057 justitiariatum
1499 1965 1616 2037 comi·

202 2091 293 2158 tetus
306 2087 462 2179 ejusdem
478 2109 559 2160 cum
579 2089 743 2162 omnibus
757 2089 900 2184 justitiis
919 2098 954 2162 et
973 2089 1166 2162 rationibus
1181 2088 1416 2182 justitiariatui
1432 2089 1615 2185 pertinea-

202 2208 311 2300 tlbue,
332 2221 550 2308 preterquam
574 2205 620 2288 de
640 2213 831 2288 baronibus
851 2222 887 2288 et
906 2213 1076 2288 militibus
1096 2213 1279 2286 comitatus
1301 2213 1427 2308 ipsius3
1446 2215 1508 2308 qui
1532 2215 1614 2289 licet

203 2333 288 2404 uelit
300 2335 397 2428 quod
417 2337 463 2411 de
479 2333 641 2411 omuibus
658 2359 729 2433 que
752 2336 798 2412 ad
817 2336 1035 2433 justitiarium
1054 2336 1241 2434 pertinent,
1263 2335 1379 2409 eidem
1399 2337 1516 2410 comiti
1539 2360 1613 2412 res·

203 2458 423 2552 pondeeutet
434 2460 630 2555 intendant,
646 2470 816 2536 tamen-ut
829 2461 918 2536 fides
927 2470 962 2536 et
976 2460 1116 2535 devotio
1129 2481 1236 2556 quam
1249 2460 1467 2556 imperatorie
1481 2463 1613 2535 sereni-

203 2581 264 2653 tati
284 2584 491 2679 opponendo
506 2607 545 2659 se
561 2585 716 2681 predicto
733 2585 850 2659 comiti
868 2594 1063 2667 constanter
1076 2593 1111 2658 et
1128 2583 1272 2658 firmiter
1291 2587 1505 2661 servaverint
1526 2587 1612 2684 ipsis

201 2705 365 2802 prodesse
381 2708 418 2780 in
438 2709 555 2806 aliquo
571 2710 746 2800 videatur,
766 2710 886 2786 statuit
899 2709 997 2805 quod
1014 2731 1094 2782 cum
1114 2709 1239 2805 aliquis
1260 2709 1413 2805 ipsorum
1433 2709 1479 2784 de
1496 2710 1613 2806 aliqua

203 2851 307 2904 causa
321 2829 514 2929 appellatus
526 2835 628 2908 fuerit
642 2857 705 2932 pro
718 2857 789 2930 qne
801 2834 980 2924 honorem,
996 2856 1179 2931 personmn
1192 2843 1226 2908 et
1239 2842 1364 2908 terrem
1380 2834 1536 2909 amittere
1550 2833 1613 2910 de·

201 2953 294 3049 beat,
313 2958 449 3052 questio
463 2979 579 3033 coram
592 2959 717 3033 comite
727 2960 785 3033 vel
802 2981 916 3034 coram
935 2979 977 3033 eo
994 2959 1056 3055 qui
1075 2979 1136 3054 pro
1151 2957 1276 3030 comite
1291 2958 1394 3030 luerit
1412 2959 1610 3050 ventiletur,

204 3099 319 3152 comes
335 3103 418 3154 vero
433 3083 489 3157 val
505 3083 563 3156 ille
577 3083 639 3180 qui
653 3092 802 3160 statutus
819 3085 923 3158 luerit
938 3085 1014 3158 loco
1028 3084 1082 3156 sui
1103 3104 1173 3178 que
1187 3103 1234 3154 ex
1254 3090 1401 3177 utraque
1421 3091 1518 3178 parte
1535 3105 1613 3180 pro-

204 3200 316 3300 posita
333 3207 460 3280 luerint
475 3207 533 3282 vel
551 3209 699 3304 allegata
723 3209 760 3281 in
780 3208 918 3304 scriptis
938 3206 1052 3303 redigi
1073 3206 1176 3280 faciet
1197 3215 1233 3280 et
1257 3204 1400 3280 dominc
1416 3207 1611 3302 imperatori

201 3330 259 3405 vel
275 3333 353 3424 eius
366 3333 462 3408 curie
478 3334 701 3430 presentabit.
717 3333 819 3408 Curia
829 3355 915 3408 vero
929 3331 1063 3409 domini
1077 3331 1290 3428 imperatoris
1302 3333 1406 3425 juxte
1416 3333 1514 3426 quod
1526 3335 1614 3412 crdo

197 3454 288 3547 J'uris
307 3458 463 3548 exegerit
482 3467 517 3532 et
534 3459 703 3556 expedire
719 3458 911 3533 decreverit
937 3459 1141 3532 sententiam
1156 3453 1400 3554 promulgabit.
1422 3458 1465 3530 Et
1487 3468 1526 3530 ut
1549 3459 1613 3534 do·

201 3579 294 3652 natio
313 3581 422 3674 ipsius
440 3583 620 3656 comitatus
637 3581 736 3657 drma
750 3591 786 3657 et
807 3591 881 3657 reta
899 3591 1114 3678 permaneat,
1131 3580 1295 3683 dominus
1310 3581 1497 3676 imperator
1512 3582 1614 3658 faciet

200 3699 274 3775 fieri
291 3703 383 3778 dicto
405 3705 521 3778 comiti
549 3706 771 3804 privilegium
787 3707 957 3781 bullatum
981 3706 1078 3779 bulla
1100 3726 1225 3796 aurea,
1242 3707 1344 3797 juxta
1362 3704 1614 3780 ordinationem

199 3827 354 3923 magistri
376 3827 500 3904 domus
521 3832 825 3906 Tbeutcuicorum.
846 3831 961 3905 Faciet
978 3831 1082 3904 etiam
1098 3828 1263 3902 dominus
1280 3827 1464 3924 imperator
1480 3829 1612 3903 restitui

199 3950 293 4034 dicto
318 3953 498 4051 Reynaldo
520 3954 565 4030 de
590 3954 723 4061 Aversa
745 3955 991 4054 patrimonium
1011 3975 1115 4027 suum
1138 3961 1174 4027 et
1194 3953 1400 4048 omniaque
1419 3953 1513 4046 juste
1531 3975 1613 4049 pos·

198 4077 290 4152 sedit
311 4088 497 4176 antequem
514 4102 640 4174 guerra
661 4081 881 4177 inciperetur,
902 4080 1001 4166 salvo
1017 4077 1160 4172 servitio
1179 4075 1276 4173 quod
1295 4075 1378 4149 inde
1394 4075 1552 4150 debetur.
1569 4077 1613 4151 lit

198 4207 240 4272 ut
254 4201 371 4276 omnia
383 4203 530 4300 istaque
545 4203 639 4278 dicte
651 4211 735 4278 sunt
746 4203 846 4279 firme
861 4211 897 4276 et
911 4213 986 4280 rete
1000 4210 1238 4300 permaneant,
1253 4199 1416 4275 domiuus
1431 4200 1614 4296 imperator

200 4320 304 4400 debet
328 4328 442 4402 iacere
466 4328 636 4426 publicari
660 4329 776 4404 omnia
796 4337 897 4426 pecta
921 4347 1037 4402 coram
1055 4325 1246 4400 baronibus
1268 4331 1304 4396 et
1327 4317 1496 4397 militibus
1512 4346 1613 4400 exer·

200 4446 290 4524 citus
311 4458 345 4524 et
359 4473 475 4527 coram
493 4453 625 4528 nuntiis
639 4476 727 4550 quos
746 4475 862 4528 comes
878 4474 984 4552 super
998 4453 1065 4526 hoc
1081 4451 1230 4542 miserit,
1251 4447 1415 4523 videlicet
1433 4451 1530 4545 quod
1548 4450 1610 4524 do·

199 4573 318 4647 minus
343 4577 527 4674 imperator
545 4601 587 4654 ea
607 4602 679 4677 que
705 4581 797 4656 diota
823 4587 905 4653 eunt
933 4586 1121 4683 spontanea
1144 4559 1322 4650 voluntate
1347 4576 1428 4648 iecit
1452 4586 1487 4649 et
1510 4577 1612 4652 saciet

200 4695 447 4776 iuviolabiliter
471 4704 660 4780 observari.
682 4702 939 4802 archiepiscopi
958 4725 1042 4777 vero
1059 4711 1095 4777 et
1110 4701 1263 4800 episcopi
1284 4700 1380 4774 curie
1397 4701 1530 4776 domini
1545 4703 1611 4778 im·
