4272 5886
551 457 613 522 538
1053 465 1268 528 rulnflltlcl
1293 465 1467 528 escorni
1776 463 1863 543 [lin.
1882 466 1967 528 lm

552 596 589 668 in
612 595 779 693 imperiali
799 599 982 696 privilegio
1007 623 1089 676 cum
1119 601 1284 698 predictis
1307 603 1471 676 omnihus
1496 599 1633 696 plenius
1659 601 1898 674 continentur.
1927 603 1966 676 [lt

551 730 668 796 numm
681 721 787 816 hujus
797 725 1359 800 concessionisetcoulirmntionis
1377 780 1491 798 .....
1509 735 1677 822 perpetuo
1689 727 1964 799 matiscon-

550 867 653 920 cnsso
675 849 800 922 robore
814 849 1004 941 firmitatis,
1021 873 1163 947 presens
1182 851 1348 948 scriptum
1366 849 1441 924 heri
1457 850 1602 922 fecimus
1619 859 1737 922 ettam
1755 851 1963 945 misrriptis

549 971 694 1044 testibus
721 994 826 1066 qnam
852 973 947 1046 bulla
973 995 1071 1048 coeen
1095 975 1231 1071 typario
1252 983 1368 1047 nostre
1388 973 1579 1046 serenimis
1602 971 1769 1068 impressu
1790 974 1961 1065 jmsimm

549 1097 766 1170 communiri.

596 1222 713 1294 lenes
739 1231 855 1296 anwm
882 1233 964 1296 snut
987 1225 1117 1320 Symon
1141 1225 1349 1298 venerahilis
1371 1222 1532 1320 Tyrensis
1554 1221 1838 1317 archiepiscopus
1864 1223 1960 1318 regui

545 1345 832 1420 iherosolimitani
851 1347 1092 1438 cancellarius,
1109 1349 1271 1422 Bulianus
1287 1349 1448 1422 domiuus
1463 1346 1629 1444 sydonis,
1644 1347 1766 1418 Daniel
1779 1345 1827 1418 de
1839 1347 1960 1420 Tera-

545 1470 695 1560 munde‚
717 1470 896 1562 Nimiam,
920 1471 1096 1546 Gainanus
1117 1473 1163 1548 de
1180 1473 1298 1570 Cipro,
1315 1473 1429 1547 Gnido
1446 1473 1579 1562 luleus,
1598 1467 1715 1542 Guido
1734 1470 1782 1544 de
1805 1471 1957 1562 llomun,

543 1595 627 1668 linio
644 1594 849 1692 patriarcha,
868 1597 1054 1671 Gervaeins
1067 1597 1112 1672 de
1127 1599 1237 1672 Eman
1256 1599 1410 1686 castello,
1430 1597 1600 1670 iohannes
1613 1595 1778 1686 Picenus,
1799 1596 1960 1668 lisimont

540 1717 715 1810 Grimaut,
734 1719 908 1796 Goffridus
928 1720 973 1795 de
990 1723 1130 1807 villers,
1156 1721 1271 1798 Guido
1299 1723 1345 1798 de
1371 1721 1483 1797 Nuhie
1507 1719 1559 1817 (a)
1583 1729 1618 1794 et
1643 1719 1810 1814 magistu
1835 1721 1956 1794 Petrus

542 1846 701 1920 medicus
717 1855 845 1938 noster,
862 1843 983 1920 fideles
997 1848 1102 1922 uoshi
1121 1847 1220 1942 regni
1234 1844 1536 1921 iherosolimitani.

589 1969 715 2044 Actum
742 1981 795 2046 eet
819 1970 886 2046 hoc
910 1993 1003 2046 anno
1025 1973 1071 2046 ab
1094 1973 1329 2046 incarnatione
1353 1970 1491 2044 Domini
1515 1967 1698 2040 millesimo
1713 1965 1955 2040 ducentesimo

542 2094 709 2172 vicesimo
720 2103 841 2188 sexto,
862 2117 982 2170 mense
998 2097 1163 2190 januarii,
1180 2107 1304 2192 quarte
1317 2095 1452 2170 decime
1469 2093 1679 2167 indictionis.

589 2223 714 2294 Datum
736 2243 798 2316 per
821 2243 944 2296 manns
963 2222 1122 2316 Symonis
1147 2221 1309 2318 Tyrensis
1331 2221 1579 2318 archiepiscopi
1599 2221 1698 2316 regni
1717 2223 1953 2297 iherosolimi-

539 2347 613 2420 tani
632 2348 840 2436 cancellarii,
858 2357 1023 2442 regnante
1041 2347 1180 2421 domina
1199 2356 1314 2420 nostra
1331 2346 1492 2420 Ysuhella
1507 2347 1570 2420 Dei
1590 2347 1700 2442 gralia
1720 2348 1951 2422 Romanortnn

540 2471 777 2568 imperatrice,
797 2493 932 2568 semper
949 2481 1116 2566 angusta,
1131 2472 1329 2546 ierosolime
1341 2478 1377 2543 et
1389 2471 1505 2544 Sicilie
1519 2469 1655 2565 regina,
1670 2471 1812 2567 imperii
1829 2473 1905 2566 ejus
1919 2482 1951 2544 ot

538 2597 723 2693 utriusque
737 2598 836 2692 regni
848 2597 1137 2671 iherosolimitani
1153 2605 1189 2671 et
1205 2596 1322 2670 Sicilie
1338 2617 1431 2670 anno
1448 2595 1578 2692 primo,
1598 2595 1757 2670 feliciter.
1775 2596 1900 2671 Amen.

590 3217 780 3302 Hnnorius
798 3243 898 3328 papa
919 3215 1109 3299 Friderico
1136 3213 1395 3297 Romanorum
1422 3208 1640 3320 imperatori
1660 3207 1814 3290 nuntiat
1841 3231 1940 3316 quo-

536 3353 652 3436 modo
670 3379 800 3462 preces
827 3351 909 3462 ejus
932 3376 1046 3459 super
1068 3346 1307 3432 absolutione
1331 3343 1482 3430 comitis
1505 3341 1727 3452 Tripolitani
1750 3340 1941 3424 admittere

536 3513 614 3572 non
631 3487 769 3597 potuit,
792 3511 881 3568 cum
898 3483 1021 3567 nuntii
1041 3483 1211 3594 ejusdem
1227 3481 1375 3566 comitis
1392 3477 1629 3562 conditiones
1646 3502 1671 3558 a
1690 3473 1942 3558 cardinalibus

537 3620 687 3706 oblatas
704 3621 870 3730 recipere
889 3618 1094 3703 noluerint.

608 3813 704 3890 (Edit.
716 3828 762 3890 up
771 3805 1064 3891 annumerat
1076 3804 1435 3884 cccicc,tom.1udsnn.
1449 3810 1537 3879 122⁶,
1551 3800 1656 3876 sm,
1671 3800 1816 3878 elleglst.
1830 3795 1883 3858 lm.
1898 3803 1940 3866 tt,

656 3930 690 3982 n·
706 3916 786 3999 lot.)

587 4082 779 4175 Honorius,
805 4089 895 4169 eto,
917 4077 1119 4168 Frederico,
1141 4085 1196 4150 etc
1198 4113 1939 4148 ...................

543 4255 1163 4282 ................
1180 4201 1295 4297 'Super
1320 4196 1536 4273 absolutione
1559 4215 1643 4268 vero
1662 4189 1865 4288 Tripolitani
1891 4207 1942 4260 oo

580 4409 619 4492 (a)
640 4411 677 4473 In
691 4409 865 4489 procedenti
883 4415 982 4470 numm
999 4427 1008 4468 ε
1023 4407 1163 4469 Nicoluus
1178 4401 1316 4478 Aetolici,
1329 4403 1474 4465 timinam
1489 4402 1528 4464 de
1547 4401 1646 4478 cipro,
1661 4397 1761 4460 Guldo
1773 4391 1810 4456 dc
1824 4391 1940 4475 insana

540 4515 638 4578 Gnldo
651 4515 690 4577 de
702 4516 830 4594 ilmina,
842 4517 907 4577 llao
919 4519 1057 4595 copulor
1069 4509 1248 4593 patriarche,
1263 4511 1422 4574 Gerruslus
1434 4509 1472 4570 de
1487 4502 1660 4589 Maipcrtci,
1675 4503 1827 4566 iohannes
1839 4499 1941 4572 Pina,

539 4619 721 4684 animm
733 4617 913 4698 Grimaidur,
928 4621 1070 4684 Golrldns
1081 4620 1119 4682 dc
1138 4607 1268 4700 Villierr,
1287 4619 1385 4681 Guldo
1397 4615 1553 4682 deNuhle.
1574 4611 1640 4677 Vid.
1651 4629 1684 4691 p.
1698 4617 1766 4673 586.
