4292 5894
169 535 269 600 lemur.
287 535 347 622 lb]
543 609 547 622 Ι
615 529 814 596 HISTORIA
838 529 1134 594 oratottttmca
1522 528 1585 592 383

170 675 337 770 scriptum
357 669 503 745 modum
524 668 754 760 cessaverint,
773 666 922 764 predicti
940 667 1073 743 domini
1091 668 1224 764 possint
1242 688 1302 742 eos
1321 687 1444 762 cogere
1465 666 1589 763 pigno-

170 798 270 872 ribus
293 796 402 893 captis
422 795 470 869 ad
494 795 589 891 ipsas
610 814 734 892 operas
755 791 978 890 praetendas,
1006 792 1055 866 ita
1077 801 1191 867 mmen
1213 791 1264 890 (a)
1286 800 1325 864 ut
1349 813 1411 889 pro
1436 790 1590 887 qualibet

171 944 278 1021 opera
294 927 418 1018 negata
435 929 470 994 et
491 940 562 993 non
583 918 716 993 exibita
737 939 806 992 non
827 917 910 1015 plns
929 917 981 990 eis
1002 939 1126 1015 capere
1149 917 1250 992 liceat
1272 917 1412 990 nomine
1436 914 1590 1011 pignoris

171 1048 240 1122 nisi
258 1046 305 1122 ad
324 1046 445 1120 valens
464 1052 621 1118 tarenum
639 1065 750 1134 unum
765 1041 1067 1139 dmalpbitanum3
1087 1044 1231 1141 spallam
1244 1063 1385 1138 quoque
1402 1041 1438 1114 in
1459 1039 1590 1113 carnis-

172 1173 286 1271 privio
299 1181 334 1245 et
348 1169 472 1264 viginti
486 1189 554 1243 ova
569 1169 606 1240 in
628 1167 760 1241 Pascha
775 1167 995 1265 prestabunt3
1013 1167 1058 1242 de
1075 1167 1197 1243 ceteris
1215 1189 1298 1241 vero
1318 1165 1501 1264 operibus,
1518 1188 1589 1240 ser·

170 1299 319 1374 uitiiset
339 1295 533 1370 redditibus
559 1293 731 1366 immunes
746 1295 784 1366 in
801 1295 1009 1367 futurumst
1031 1293 1131 1368 liberi
1150 1302 1385 1390 perseverent;
1406 1313 1491 1366 sane
1513 1290 1590 1364 sine

172 1423 311 1497 licentia
328 1421 549 1496 dominorum
565 1439 708 1492 snorum
727 1419 849 1492 villani
868 1418 958 1496 lilios
975 1440 1058 1493 suos
1078 1439 1148 1492 non
1168 1417 1360 1515 perducant
1372 1415 1419 1490 ad
1438 1415 1590 1489 officium

172 1547 354 1622 clericatus
367 1568 431 1619 nee
445 1544 534 1618 filias
549 1565 631 1618 suas
648 1543 945 1618 matrimonialiter
960 1545 1123 1640 copulent
1132 1543 1209 1617 sine
1219 1543 1358 1616 licentia
1370 1543 1589 1618 dominorum

172 1673 368 1765 extraneis,
390 1671 476 1768 quin
495 1668 543 1768 (b)
566 1669 694 1743 luerint
720 1669 757 1741 in
781 1689 927 1742 numero
944 1669 1151 1744 villanorum
1173 1669 1321 1742 militum
1338 1667 1384 1744 de
1404 1670 1587 1759 Surrento;

172 1799 262 1872 inter
288 1819 327 1871 ee
352 1805 469 1870 antem
495 1796 526 1868 si
544 1794 656 1869 velint
679 1794 799 1868 villani
825 1793 1043 1870 matrimonia
1063 1795 1244 1892 copulare,
1262 1794 1298 1866 in
1312 1793 1592 1889 quibuscumque

172 1923 277 1998 rebus
290 1923 434 1996 liberam
448 1920 599 1994 babeant
612 1920 831 2002 facultatem
854 1941 959 2016 super
973 1918 1233 1994 venditionibus
1246 1940 1329 1993 vero
1334 1970 1587 1992 .......

176 2100 348 2121 .....
369 2044 408 2120 id
422 2046 510 2120 inter
524 2066 584 2118 eos
598 2043 751 2118 obtineat
765 2043 863 2140 quod
877 2044 1044 2117 hactenus
1054 2044 1274 2136 servabatur3
1292 2043 1339 2117 de
1352 2042 1491 2115 villanis
1504 2063 1590 2116 vem

172 2173 270 2270 quod
286 2173 405 2266 lugam
427 2171 663 2267 arripuerunt,
687 2168 774 2242 illud
787 2169 847 2261 jus
864 2169 1029 2266 predictis
1047 2170 1218 2257 ecelesiis,
1238 2168 1471 2260 monasteriis,
1489 2166 1589 2242 nobi-

172 2297 267 2370 libus
285 2305 321 2370 et
339 2297 416 2370 aliis
432 2295 533 2369 bonis
552 2295 752 2369 bominibus
770 2296 923 2368 Surrenti
939 2304 1162 2370 conservetur
1181 2292 1278 2390 quod
1295 2292 1341 2367 de
1361 2293 1438 2366 aliis
1451 2293 1590 2368 villanis

172 2421 400 2518 fngientibus,
417 2422 479 2518 qui
495 2421 654 2515 angarias
667 2429 702 2496 et
713 2421 938 2519 parangarias
952 2419 1092 2514 debent,
1113 2441 1175 2518 per
1187 2419 1273 2492 alias
1285 2427 1399 2516 partes
1413 2419 1511 2511 regni
1523 2418 1587 2491 dc·

89 2535 93 2540 ’
172 2547 278 2620 minis
291 2569 411 2620 eornm
425 2556 599 2639 servatum
613 2543 1257 2642 omnibusqnereliseorumsuperbac
1270 2543 1413 2618 materia
1427 2543 1590 2641 perhanc

173 2683 326 2746 nostram
342 2670 595 2768 providentiam
608 2669 662 2769 (l)
677 2679 846 2769 perpetuo
861 2670 1069 2763 terminatis;
1089 2691 1210 2768 operas
1224 2679 1339 2744 autem
1357 2670 1394 2743 in
1411 2669 1589 2744 bobusvel

172 2797 292 2894 cappis
311 2795 393 2871 dicti
411 2796 533 2872 villani
555 2797 759 2894 prestabant
781 2797 873 2872 sinin
895 2805 1163 2871 consueverunt.
1182 2792 1239 2869 Ad
1261 2795 1362 2888 cujus
1385 2796 1436 2868 rei
1459 2817 1590 2869 memo·

172 2923 261 2996 riam
278 2943 422 3018 presens
436 2922 601 3020 scriptum
618 2944 681 3019 per
696 2944 821 2998 manus
837 2921 963 2997 notarii
976 2919 1156 2996 Nicodemi
1171 2920 1215 2994 de
1233 2920 1497 2994 Montecaveoso
1514 2919 1590 2994 lieri

172 3047 319 3122 iacimus
331 3047 456 3122 nostris
470 3047 784 3144 subscriptionibus
801 3047 1064 3140 communitum,
1087 3068 1195 3129 anno,
1212 3066 1332 3119 mense
1352 3052 1387 3119 et
1401 3045 1590 3119 indictione

172 3174 391 3271 pmtitulatis.
403 3213 454 3230 -
468 3173 618 3248 lacobus
630 3173 799 3248 Pattensis
817 3169 1078 3271 episcopusffi),
1095 3167 1226 3245 domini
1248 3169 1464 3269 imperatoris
1484 3169 1590 3242 lami-

172 3298 280 3374 liaris.
292 3339 335 3352 —
345 3298 419 3394 Ego
432 3295 621 3371 llainaldus
634 3296 710 3370 dux
723 3296 914 3394 Spoleti-
928 3297 1002 3392 Ego
1019 3296 1138 3369 Simon
1151 3317 1277 3390 magne
1294 3294 1481 3393 imperialis
1496 3295 1591 3368 curie

168 3421 297 3516 judex.
309 3463 360 3478 -
372 3423 446 3518 Ego
458 3422 579 3496 Petrus
598 3420 643 3496 de
660 3423 785 3496 Sancto
802 3421 973 3496 Germano
990 3421 1177 3518 imperialis
1194 3420 1290 3494 curie
1305 3418 1431 3514 judex.
1451 3461 1499 3474 —
1516 3420 1590 3516 ligo

173 3545 349 3622 Gollridus
366 3546 411 3622 de
427 3549 552 3620 Sancto
568 3544 738 3620 Germano
755 3545 941 3644 imperialis
957 3545 1054 3620 curie
1065 3544 1190 3639 judex.

179 3733 188 3744 '
217 3765 259 3850 (a)
280 3767 317 3829 n
336 3769 479 3846 lepreso
496 3773 573 3839 um,
586 3767 674 3829 mne.

213 3869 253 3954 (b)
271 3874 308 3936 ln
321 3875 465 3952 impresso
478 3891 576 3956 mom,
591 3873 680 3936 male.

211 4192 249 4270 (t)
264 4191 421 4252 Notandum
437 4197 466 4250 et
483 4206 582 4251 nomen
598 4197 628 4250 et
644 4207 702 4262 res3
725 4207 742 4252 a
763 4192 896 4250 sententio
913 4190 1062 4266 discrepat,
1078 4206 1142 4249 cnm
1160 4191 1310 4250 sententiae
1327 4191 1485 4278 approbatio
1503 4191 1587 4268 impe

172 4290 248 4351 iialis
260 4291 413 4350 necessaria
422 4291 510 4350 luerit.
520 4289 688 4350 Providentia
697 4289 748 4348 ista
760 4290 822 4350 voci
831 4295 938 4348 nostrae
952 4289 1054 4364 vulgari
1065 4292 1235 4347 trumocticn
1247 4287 1302 4347 lere
1313 4290 1468 4365 respondet.

211 4389 248 4464 (ἱ)
266 4389 377 4447 luseris
391 4389 579 4464 episcoporum
595 4389 762 4446 Pattonsium
780 4393 808 4445 et
820 4387 1003 4463 liparensium
1012 4387 1084 4464 apud
1093 4387 1229 4447 llocabum
1241 4387 1346 4445 Pirrum
1358 4403 1412 4446 nou
1422 4394 1590 4448 memoratur

174 4503 262 4548 annus
272 4502 327 4562 quo
339 4486 455 4546 lacobus
467 4485 560 4546 sedem
578 4485 703 4545 obtinuit.
716 4485 776 4544 lam
790 4501 856 4545 vero
867 4485 902 4546 nb
913 4501 983 4545 anno
997 4487 1067 4546 teat
1082 4485 1263 4562 praesulatum
1273 4485 1428 4558 exercebat,
1438 4492 1470 4544 ut
1483 4502 1518 4545 ex
1535 4487 1587 4546 tstc

173 4586 337 4645 documento
348 4591 462 4644 constat.
473 4585 551 4646 Unde
563 4590 671 4643 notatur
682 4601 764 4648 ‚error
775 4584 914 4660 Wadingii
926 4584 954 4642 in
967 4583 1036 4644 libro
1046 4584 1191 4643 Annalium
1204 4601 1313 4642 suorum
1327 4585 1428 4659 primo,
1447 4584 1494 4660 qui
1504 4585 1587 4644 vitam

174 4684 295 4745 Aneelni
305 4684 397 4744 lacobi
412 4683 626 4761 praedecessoris
637 4684 665 4741 in
676 4683 831 4758 episcopatu
843 4683 961 4742 Pattensi
973 4683 1101 4760 usquein
1112 4699 1212 4742 anunm
1226 4685 1295 4744 tato
1306 4683 1440 4758 producit.
