4292 5894
221 533 319 598 lanum.
339 533 400 613 tl]
670 528 870 592 HISTORIA
894 525 1186 590 ntrtonnrtca
1576 527 1636 590 31¹1

220 692 301 744 cum
319 667 483 743 omnibus
503 663 721 756 hominibus,
741 663 912 738 casalibus
930 663 1111 760 predictis,
1133 663 1237 756 justis
1260 661 1475 752 tenimentis,
1497 661 1639 736 liberta·

224 793 318 866 tibus
335 802 371 865 et
395 790 534 884 iuribus
550 789 712 863 omnibus
735 799 769 862 et
794 787 986 862 rationibus
1014 787 1087 860 suis
1113 787 1180 860 sub
1205 785 1344 883 speciali
1370 787 1580 882 protectione
1598 779 1639 860 'et

223 916 426 992 defensione
450 924 564 988 nostro
582 913 788 1010 recipimus,
808 921 844 986 et
870 910 1034 984 restitutis
1064 909 1177 984 cidem
1201 910 1391 1007 privilegiis
1408 911 1633 1006 supradictis,

224 1040 270 1114 de
293 1049 409 1115 nostra
435 1038 575 1134 speciali
599 1038 709 1133 gratia
733 1046 768 1111 et
788 1046 881 1110 recta
904 1036 1072 1108 sententia
1094 1044 1332 1131 acceptamus,
1354 1036 1578 1109 concedimus
1603 1044 1638 1108 et

226 1175 393 1262 perpetuo
414 1161 657 1237 confirmamus
682 1161 837 1258 predicte
857 1159 1033 1233 Bibinensi
1058 1160 1202 1234 ecclesie
1226 1159 1343 1232 omnia
1360 1181 1580 1254 quecumque
1601 1162 1637 1233 in

227 1288 419 1385 privilegiis
433 1287 599 1383 predictis
620 1286 755 1382 plenius
771 1295 806 1358 et
826 1283 979 1380 apertius
997 1284 1234 1376 continentur,
1255 1283 1456 1356 auctoritate
1473 1286 1640 1379 presentis

228 1412 345 1509 scripti
373 1411 579 1485 mandantes
607 1408 750 1484 firmiter
770 1409 943 1482 uniuersis
966 1418 1138 1503 quatenus
1163 1409 1279 1482 nullus
1303 1408 1347 1482 de
1369 1417 1482 1482 cetero
1503 1409 1548 1480 sit
1570 1418 1640 1481 tam

227 1557 334 1611 ausus
347 1535 398 1634 (a)
415 1535 477 1631 qni
491 1557 596 1632 super
612 1535 776 1632 predictis
796 1534 922 1610 dictam
938 1535 1157 1608 bibinenscm
1175 1534 1368 1627 ecclesiam,
1390 1535 1590 1631 episcopum
1607 1546 1643 1607 et

228 1681 445 1736 successores
456 1661 533 1753 ejus
546 1659 714 1756 impedire
728 1661 784 1734 vel
800 1661 982 1733 molestare
999 1667 1186 1754 presumat.
1204 1659 1305 1744 Quod
1321 1659 1382 1754 qui
1398 1659 1644 1755 presumpserit

228 1785 503 1880 indignationem
525 1785 631 1859 nostri
655 1785 814 1857 culminis
840 1807 880 1858 se
907 1785 1044 1858 noverit
1063 1784 1283 1857 incursurum
1308 1797 1343 1859 et
1363 1806 1486 1882 penam
1506 1786 1542 1856 in
1559 1807 1643 1881 pre·

231 1909 333 1982 dictis
352 1909 545 2005 privilegiis
562 1908 858 2005 comprehensam.
883 1905 939 1980 Ad
955 1907 1060 2000 hujus
1079 1905 1343 2004 acceptationis,
1360 1908 1591 1981 concessionis
1609 1917 1643 1980 et

228 2033 498 2108 confirmationis
523 2043 638 2107 nosue
669 2032 870 2107 memoriam
900 2040 935 2104 et
957 2032 1063 2105 robur
1088 2042 1255 2129 perpetuo
1286 2031 1473 2106 valiturum
1501 2053 1642 2128 presens

228 2159 393 2254 scriptum
406 2158 511 2231 scribi
528 2170 564 2232 et
579 2158 694 2254 sigillo
707 2157 895 2251 majestatis
911 2167 1027 2230 nostre
1040 2157 1208 2248 jussimus
1223 2157 1442 2230 communiri.

275 2285 362 2355 Data
378 2282 473 2378 apud
491 2283 655 2355 Sanctum
672 2281 893 2373 Germanum,
911 2302 1003 2354 anno
1016 2280 1189 2354 dominice
1202 2283 1445 2354 incarnationis
1459 2281 1640 2356 millesimo

230 2405 467 2480 ducentesimo
481 2407 648 2480 vicesimo
663 2407 776 2499 tertio,
792 2427 910 2479 mense
927 2405 1103 2497 februarii,
1120 2405 1304 2480 undecime
1322 2406 1530 2480 indictionis.

282 3015 480 3100 Conrndus
497 3016 790 3102 Hildesemensis
812 3017 1011 3128 episcopus
1028 3017 1338 3103 ministerialibus
1355 3023 1533 3107 ecclesiae
1551 3049 1643 3110 suae
1667 3035 1848 3154 igme-sm

229 3147 359 3232 scribit
389 3150 584 3259 quomodo
615 3175 765 3235 moram
797 3176 908 3235 suam
939 3151 1138 3261 protulerit
1167 3155 1400 3262 expectando
1430 3156 1532 3241 diem
1563 3187 1642 3271 quo
1683 3122 1834 3210 ¹⁰¹⁸l¹¹²ffi¹3

228 3281 331 3392 Papa
348 3308 437 3365 cum
456 3284 715 3368 cardinalibus
732 3296 770 3368 et
791 3286 998 3396 imperator
1018 3312 1108 3369 oum
1126 3313 1215 3398 rege
1237 3299 1275 3370 et
1296 3290 1511 3398 patriarcba
1527 3292 1641 3380 Jeru-

228 3414 458 3526 solymitano
475 3417 708 3528 caeterisque
724 3418 959 3528 principibus
983 3419 1144 3504 invicem
1162 3432 1380 3530 occurrent,
1400 3423 1449 3507 de
1466 3449 1642 3512 successu

229 3545 366 3633 Terrae
385 3549 546 3634 Sanctae
563 3561 602 3634 et
618 3577 711 3661 pace
729 3553 896 3663 generali
913 3554 1124 3637 tractatmi.

312 3790 424 3872 (Edidit
436 3795 474 3856 Η.
487 3795 684 3876 Sunnnnonr,
697 3795 908 3879 ldcrlronrdiqc
923 3793 1142 3877 llrlnndcnsr'tr
1154 3795 1201 3858 dic
1215 3799 1315 3864 Βοιώ.
1333 3799 1440 3874 Geruli,
1455 3811 1523 3865 emt.
1539 3805 1641 3880 lbetl,

348 3915 380 3978 p.
395 3908 488 3979 tlt,n·
497 3902 567 3964 ltu
579 3919 617 3964 ex
626 3900 838 3984 biplorrmmio
850 3901 1022 3966 Hildcrllem.
1038 3921 1185 3967 manen.
1199 3905 1342 3968 hactenus
1354 3907 1480 3985 inedito3
1492 3926 1643 3988 perperam

352 4012 453 4069 autom
467 4007 506 4069 nd
519 4025 591 4070 ann.
609 4018 685 4071 1²2⁵
700 4010 778 4072 bano
790 4011 942 4089 epistolum
955 4009 1133 4092 collocavlt.)

279 4218 459 4293 Conradus
476 4221 538 4293 Dei
560 4222 669 4317 gratia
685 4221 952 4296 Hildesemensis
969 4222 1171 4320 episcopus,
1187 4222 1321 4298 dilectis
1334 4247 1375 4298 ac
1393 4223 1555 4300 fidelibus
1573 4227 1646 4300 suis

231 4343 405 4417 universis
426 4343 694 4419 Hildesemeusis
719 4347 864 4420 ecclesie
888 4346 1169 4422 ministerialibus
1191 4349 1337 4444 gratiam
1360 4372 1458 4422 suam
1484 4361 1518 4423 et
1543 4372 1645 4424 omne

228 4467 375 4540 bonum.
395 4471 505 4566 Super
524 4470 659 4546 diutina
683 4494 779 4548 mora
800 4482 915 4547 nostra
930 4495 1035 4568 qnam
1061 4473 1206 4548 facimus
1226 4497 1290 4549 ros
1308 4475 1471 4550 admirari
1488 4498 1558 4550 non
1576 4474 1648 4548 du·-

273 4666 316 4749 (o)
337 4670 373 4731 ln
386 4671 528 4748 impresso
540 4677 676 4748 mlum,
688 4675 823 4752 pessime.
