4368 5876
517 585 575 646 116
1015 585 1230 648 FllllllilllCl
1254 585 1426 650 suebant
1738 583 1819 666 [dar.
1837 583 1925 648 1221.

517 719 681 794 omnibus
695 719 886 792 rationibus
905 718 1040 816 imperii
1057 721 1204 815 quilibet
1222 722 1479 819 eirespondere
1494 721 1619 796 debeat
1632 729 1798 816 tanquam
1812 720 1923 794 nobis.

518 843 748 918 Concedimus
766 844 867 917 eliam
888 844 955 941 ipsi
974 843 1066 918 fideli
1083 853 1200 920 nostro
1217 855 1257 919 ut
1274 847 1348 944 ipae
1369 867 1431 944 par
1452 869 1490 921 se
1506 855 1541 920 et
1559 844 1697 940 judices
1718 867 1800 920 snos
1821 846 1928 943 possit

517 989 725 1064 cognoscere
739 968 785 1043 de
802 965 964 1042 omnibus
978 969 1093 1043 causis
1113 971 1276 1044 ciuilibus
1292 980 1327 1046 et
1343 971 1579 1046 criminalibus
1592 980 1628 1045 et
1642 969 1928 1068 appellationibus

517 1095 622 1168 etiam
637 1095 672 1166 in
691 1093 766 1190 ipsa
782 1094 957 1188 provincia
970 1094 1254 1192 provenientibus
1265 1092 1334 1192 (l),
1355 1092 1441 1168 dare
1456 1096 1690 1192 possessiones
1713 1104 1748 1168 et
1769 1095 1922 1185 restitui,

516 1241 713 1316 supponere
730 1219 833 1292 etiam
860 1219 1039 1310 civitatee,
1062 1228 1174 1294 eastra
1197 1228 1232 1295 et
1248 1220 1324 1294 loca
1347 1229 1382 1292 et
1403 1241 1568 1316 percnum
1595 1220 1711 1293 mnne
1735 1219 1871 1316 imperii
1892 1227 1925 1291 et

516 1344 696 1418 absolvere
712 1343 756 1417 de
771 1344 907 1434 banne,
924 1355 959 1418 et
971 1353 1084 1418 cetera
1102 1344 1219 1417 omnia
1236 1345 1349 1419 iacere
1362 1365 1432 1439 que
1449 1365 1512 1417 nos
1534 1345 1645 1418 iacere
1659 1365 1851 1440 possemus,
1867 1365 1925 1416 se-

516 1467 670 1542 cundum
688 1468 785 1565 quod
801 1467 847 1540 ad
867 1469 1045 1541 utilitatem
1064 1469 1198 1563 imperii
1222 1467 1357 1541 noverit
1371 1468 1559 1564 pertinere3
1578 1469 1626 1542 ita
1640 1467 1736 1564 quod
1753 1466 1924 1563 quidquid

514 1594 590 1690 ipse
613 1592 826 1666 ordinaverit
850 1615 913 1666 seu
936 1593 1126 1689 preceperit
1152 1593 1199 1664 ita
1217 1603 1330 1664 ratum
1353 1599 1387 1666 et
1406 1591 1545 1665 firmum
1562 1592 1731 1667 habeatur
1750 1613 1792 1664 ac
1812 1591 1842 1663 si
1863 1611 1924 1664 nos

515 1741 575 1792 ore
589 1718 728 1814 proprio
745 1717 962 1804 fecissemus3
980 1718 1095 1790 banna
1118 1729 1233 1789 autem
1255 1725 1290 1789 et
1307 1739 1413 1812 penas
1430 1717 1647 1812 pecuniarias
1665 1737 1754 1811 quas
1771 1715 1847 1812 ipse
1860 1736 1925 1810 po·

515 1845 624 1915 suerit
642 1841 741 1914 firma
758 1841 828 1912 sint
841 1861 882 1912 ac
898 1840 927 1911 si
942 1861 1006 1912 nos
1021 1839 1255 1935 posuissemus
1270 1861 1324 1912 ea.
1345 1841 1379 1912 Si
1397 1841 1478 1935 quis
1495 1849 1611 1913 autem
1630 1839 1662 1914 ei
1681 1837 1926 1935 presumpserit

515 1967 653 2042 rebellis
673 1965 841 2051 existere,
872 1964 1082 2059 imperialem
1109 1964 1381 2057 indignationem
1408 1973 1633 2059 nostrumque
1657 1963 1778 2037 odium
1800 1983 1839 2035 se
1864 1981 1926 2034 no-

516 2092 605 2164 verit
621 2090 854 2162 incursurum.
872 2087 927 2162 Ad
939 2089 1044 2182 hujus
1057 2109 1140 2160 vero
1158 2089 1207 2161 rei
1226 2090 1362 2184 plenam
1381 2089 1537 2163 notitiam
1563 2089 1654 2162 banc
1669 2087 1832 2184 paginam
1847 2107 1926 2159 con-

516 2215 621 2288 scribi
638 2223 823 2308 nostroque
840 2213 952 2307 sigillo
967 2213 1134 2304 jussimus
1148 2212 1365 2285 communiri.

566 2339 676 2430 Hujus
693 2338 742 2410 rei
763 2349 844 2409 sunt
866 2347 969 2410 testes
992 2336 1155 2411 dominus
1174 2337 1368 2433 prepositus
1387 2337 1432 2410 de
1451 2339 1569 2410 Tanna
1586 2335 1654 2432 (o),
1671 2335 1867 2408 Ermannus
1883 2335 1927 2410 de

516 2464 659 2552 Calena,
684 2463 867 2558 episcopus
888 2461 1085 2551 lodiensia,
1104 2463 1266 2555 magister
1287 2462 1437 2556 Euripus
1461 2460 1610 2534 Previde
1630 2469 1665 2534 et
1683 2459 1830 2534 Rufinus
1845 2461 1928 2533 Pla-

516 2590 690 2680 centinus,
712 2587 884 2661 lohannes
906 2586 951 2659 de
971 2586 1077 2679 Regio
1101 2597 1136 2658 et
1156 2585 1321 2658 liebertus
1348 2585 1393 2658 de
1417 2587 1540 2660 Sancta
1567 2585 1675 2658 illaria
1703 2583 1749 2658 ad
1776 2595 1927 2658 montem

421 2694 425 2711 “
516 2710 1050 2806 curreJuarce‚erarrrprure.

564 2839 649 2909 Data
666 2835 776 2908 laudi
791 2834 857 2930 (2),
876 2833 987 2928 pridie
1004 2853 1112 2905 nonas
1127 2831 1303 2904 februarii.

570 3467 804 3573 FridericuS,
828 3466 1089 3551 Romanorum
1109 3468 1333 3578 imperator,
1357 3468 1519 3579 lingerio
1542 3465 1672 3552 abbati
1699 3463 1931 3550 Casaemarii

561 3654 602 3737 (a)
624 3657 660 3718 ln
673 3659 815 3735 impresso
827 3651 863 3716 dc
874 3655 956 3730 dan,
970 3656 1058 3717 male.

557 3949 594 4024 (t)
613 3949 654 4007 lix
674 3949 753 4022 bnjns
769 3945 943 4020 delegationis
959 3944 1053 4020 vigore
1071 3945 1143 4004 idem
1159 3943 1311 4006 Euarardus
1328 3947 1489 4006 senteutiam
1507 3947 1695 4022 pronuntiarit
1713 3945 1743 4004 in
1761 3959 1844 4004 eausa
1861 3957 1933 4017 qrrae

519 4034 674 4107 vertebatur
686 4046 756 4104 inter
772 4045 923 4103 soffredm
935 4043 1126 4102 Pistoriensem
1146 4043 1302 4118 episcopum
1321 4050 1350 4102 et
1366 4060 1509 4103 commune
1529 4045 1642 4108 Platorii,
1659 4059 1744 4119 super
1760 4042 1934 4118 possessione

521 4162 570 4204 seu
588 4151 682 4202 tenuta
704 4142 882 4217 quorumdam
900 4140 1000 4215 jurium
1018 4141 1187 4215 episcopatus
1208 4141 1346 4216 praedicti.
1364 4162 1377 4197 r
1393 4142 1491 4200 lictum
1512 4158 1598 4218 prope
1615 4147 1723 4217 portam
1742 4140 1826 4198 casui
1840 4137 1933 4196 Sancti

523 4240 666 4299 »lliniatis
687 4239 745 4298 sire
763 4239 883 4308 Cassam,
902 4253 993 4295 coram
1012 4239 1152 4295 Guerzone
1172 4239 1289 4309 notario,
1311 4238 1498 4297 lldebrandinc
1517 4237 1688 4312 llaresootti,
1709 4235 1831 4296 Annaldo
1849 4233 1934 4291 milita

525 4335 545 4392 υ·
553 4344 581 4396 et
594 4337 713 4396 itubertn
725 4342 753 4393 et
762 4335 884 4393 lobanna
896 4333 1033 4408 judicibus
1044 4335 1119 4392 curia
1130 4339 1159 4390 et
1170 4334 1230 4392 aliis
1241 4335 1377 4409 pluribus,
1391 4351 1462 4394 anno
1475 4335 1622 4394 natiuitatis
1633 4333 1741 4394 Domini
1757 4333 1786 4394 lt
1799 4331 1842 4392 GC
1853 4330 1932 4396 xxi,

525 4434 646 4509 »mrinto
660 4448 746 4491 nonas
759 4432 836 4504 maii,
850 4431 995 4490 indictione
1005 4447 1086 4490 noua.
1098 4451 1112 4485 n
1125 4432 1273 4504 Zaumu,
1284 4431 1369 4504 lbid„
1381 4451 1411 4508 p.
1425 4435 1555 4492 ata-aco.

561 4532 598 4606 (2)
615 4532 674 4589 lam
691 4546 708 4589 a
722 4529 840 4588 secunda
861 4534 939 4604 parte
955 4528 1057 4587 mensis
1072 4529 1188 4602 ianuarii
1205 4528 1341 4588 conradus
1359 4530 1388 4588 in
1405 4530 1564 4590 lombardia
1580 4528 1753 4602 morabatur3
1770 4527 1829 4586 vid.
1850 4542 1934 4602 supra

523 4647 552 4703 p.
566 4629 613 4685 75.
627 4627 676 4684 Die
688 4627 815 4700 vigesimo
828 4626 906 4683 tertio
917 4625 1032 4699 januarii
1043 4626 1115 4700 apud
1128 4625 1272 4684 Bononiam
1288 4627 1379 4685 comiti
1398 4627 1511 4702 Ugolino
1529 4627 1565 4686 de
1580 4626 1680 4687 Punico
1693 4631 1825 4700 mquam
1843 4624 1935 4698 irnpe-

523 4724 596 4783 rialis
609 4723 710 4798 legatus
720 4739 816 4782 omnes
826 4723 884 4796 ejus
894 4722 1079 4796 possessiones
1090 4721 1265 4783 confirmarit.
1281 4723 1321 4784 (ll.
1335 4725 1464 4796 Sarrou,
1476 4725 1580 4785 Amul.
1596 4723 1724 4800 Bolopn„
1734 4729 1757 4782 t.
1768 4723 1816 4795 111,
1829 4739 1859 4798 p.
1870 4725 1896 4779 3.
