4368 5876
537 594 596 656 loo
1036 595 1255 663 autuaulcl
1281 598 1455 662 securint
1752 595 1836 676 [Ass.
1853 595 1938 658 tuat.

535 739 625 801 tores
647 739 682 802 et
707 728 850 803 rebelles
871 729 992 805 eadem
1011 733 1213 808 auctoritate
1236 735 1352 808 banuo
1370 732 1540 830 imperiali
1565 729 1658 804 mille
1676 729 1841 804 librarum
1865 732 1940 804 auri

535 863 719 948 supponat,
736 855 965 951 appellatione
981 867 1124 932 remota.

583 981 707 1052 Datum
721 981 892 1074 Messene,
914 982 1031 1056 idibus
1044 985 1149 1078 Junii,
1168 985 1357 1061 indictione
1370 985 1429 1058 lX.

425 1659 473 1696 an.
589 1623 778 1707 Honorius
807 1650 907 1734 pepe
932 1624 1165 1709 Fridericum
1192 1626 1452 1711 Romenomm
1474 1625 1739 1735 imperatorem
1770 1623 1944 1705 hortatur

537 1759 586 1841 ad
614 1757 742 1868 galeas
774 1785 872 1869 quas
903 1760 1121 1869 praeparari
1148 1760 1236 1844 fecit
1260 1761 1300 1842 in
1324 1759 1508 1843 auxilium
1539 1756 1733 1840 christiani
1760 1754 1943 1839 exercitus

535 1893 847 1976 transmittendas
865 1892 1049 2001 celeriter,
1070 1919 1160 1977 cum
1177 1893 1289 1977 multi
1308 1892 1391 2004 jam
1413 1893 1461 1976 de
1483 1919 1590 1976 mora
1608 1891 1690 2002 ejus
1706 1898 1946 1974 murmurent

537 2026 685 2137 sibique
702 2025 924 2110 diletionem
941 2029 1017 2112 voti
1031 2029 1232 2140 praecipue
1248 2029 1448 2139 imputent.

618 2270 723 2348 (uota.
738 2274 845 2350 partlm
865 2273 1039 2353 Ravaem„
1054 2271 1163 2335 namt
1179 2270 1286 2345 cecla,
1301 2279 1371 2337 tom.
1396 2273 1427 2348 l,
1442 2271 1482 2333 ad
1501 2287 1572 2333 anu.
1589 2265 1820 2352 1²²1,8Vl,c
1840 2273 1944 2348 regest

654 2380 763 2442 Honor.
779 2396 849 2441 unu.
865 2383 903 2456 V,
915 2383 997 2460 epist.
1015 2381 1096 2462 voe.)

585 2595 767 2688 Honorius,
786 2606 872 2688 etc.;
893 2597 1091 2690 Frederico,
1108 2606 1173 2670 etc.
1190 2597 1225 2670 Si
1237 2597 1366 2692 alique,
1386 2605 1440 2670 etc
1442 2645 1944 2668 .............

537 2847 673 2918 Utinam
689 2844 882 2919 attenderes
893 2869 998 2940 qnam
1015 2847 1286 2922 desiderabiliter
1299 2857 1332 2920 te
1343 2847 1546 2944 prestolatur
1556 2844 1730 2918 exercitus
1743 2843 1950 2917 christianus

538 2970 689 3043 militans
710 2969 856 3042 Domino
883 2969 918 3040 in
942 2971 1098 3065 partibus
1118 2971 1353 3044 transmarinis
1379 2981 1414 3044 et
1434 2971 1632 3044 adverteres
1647 2978 1813 3065 quantam
1841 2968 1887 3042 de
1917 2977 1951 3041 te

539 3115 636 3188 spem
664 3092 857 3188 promiseris
885 3095 1035 3168 Ecclesie
1060 3097 1210 3189 generali
1242 3095 1394 3168 credenti
1422 3117 1484 3191 pro
1515 3103 1607 3169 certe
1630 3093 1727 3190 quod
1755 3115 1951 3190 proponens

539 3219 751 3291 Hierusalem
766 3219 801 3289 in
818 3219 986 3316 principio
1002 3221 1106 3292 letitie
1123 3230 1182 3293 tue
1195 3221 1391 3316 postpositis
1408 3219 1484 3292 aliis
1498 3219 1544 3293 ad
1557 3219 1852 3314 recuperationem
1876 3221 1951 3312 ejus

540 3341 619 3413 totis
644 3340 823 3413 desideriis
845 3342 1032 3437 aspirares,
1062 3343 1238 3438 presertim
1266 3366 1346 3418 cum
1371 3343 1507 3416 adhoc
1535 3343 1596 3416 tibi
1621 3343 1789 3417 Dominus
1812 3363 1951 3416 omnem

541 3466 700 3539 obtulerit
723 3466 930 3539 facultatem.
960 3467 1027 3540 Sed
1051 3489 1145 3540 nunc
1175 3467 1273 3539 multi
1297 3475 1530 3561 murmurant,
1558 3467 1656 3539 multi
1681 3466 1831 3540 clament
1855 3465 1951 3561 quod

539 3591 715 3687 postponis
746 3591 873 3686 exequi
891 3601 1010 3665 votum
1035 3600 1149 3684 tuum;
1171 3602 1232 3665 aut
1248 3601 1288 3664 ut
1300 3593 1389 3665 velle
1407 3591 1493 3667 illud
1508 3591 1636 3686 exequi
1661 3590 1813 3664 videaris
1836 3592 1953 3685 galeas

539 3739 626 3812 quas
653 3717 781 3790 feceras
808 3716 982 3813 preparari
1008 3717 1143 3791 detines
1166 3717 1265 3812 quasi
1294 3727 1407 3790 tecum
1435 3718 1472 3790 iu
1500 3727 1560 3792 tuo
1591 3718 1753 3792 comitatu
1783 3716 1954 3791 ducturus

539 3841 677 3916 easdem
694 3867 701 3912 :
718 3864 787 3937 que
799 3842 829 3914 si
841 3843 981 3915 forsitan
990 3864 1085 3915 nunc
1096 3843 1278 3916 transirent
1290 3866 1454 3939 magnum
1464 3853 1604 3940 possent
1613 3845 1768 3918 conterre
1782 3841 1954 3915 auxilium

538 3967 706 4042 exercitui
724 3964 909 4039 christiano
924 3969 984 4061 qui
1007 3989 1049 4040 eo
1067 3966 1200 4061 indiget
1213 3969 1446 4041 vehementer.
1475 3969 1520 4040 Ut
1532 3969 1637 4064 igitur
1655 3967 1756 4039 boce
1773 3975 1807 4038 te
1819 3985 1953 4059 oppro-

537 4093 652 4165 brium
675 4094 810 4167 auferes
834 4115 898 4165 nec
923 4115 986 4166 nos
1009 4094 1114 4167 iacias
1133 4095 1178 4166 ab
1200 4093 1400 4166 horninibus
1423 4094 1562 4166 lacerari
1579 4091 1642 4188 qui
1661 4091 1861 4165 diletionem
1880 4088 1952 4162 voti

539 4217 638 4291 nobis
661 4219 824 4315 precipue
852 4217 1061 4314 imputantes
1083 4229 1200 4292 contre
1225 4241 1289 4292 nos
1310 4219 1429 4312 jurant
1452 4220 1673 4308 incessanter,
1703 4216 1809 4288 immo
1832 4222 1873 4285 ut
1903 4211 1953 4284 illi

540 4343 753 4437 complaceas
771 4341 871 4433 cujus
886 4351 920 4415 te
935 4342 1102 4438 obsequio
1117 4341 1306 4437 devovisti,
1329 4343 1544 4446 serenitatem
1560 4352 1654 4415 tuam
1673 4361 1855 4436 rogamus,
1873 4358 1954 4410 mo-

540 4488 662 4538 nemus
682 4474 717 4538 ct
733 4465 909 4538 hortamur
931 4475 1075 4560 attente,
1096 4467 1313 4542 obsecrantes
1337 4491 1400 4565 per
1417 4469 1600 4541 Dominum
1621 4469 1738 4541 Iesum
1756 4463 1949 4551 Christum,

539 4600 711 4685 quatenus
731 4590 762 4662 ei
781 4591 841 4684 qui
862 4598 914 4662 est
932 4591 1058 4665 veritas
1078 4615 1188 4667 verax
1211 4593 1363 4668 existens
1384 4615 1524 4668 eausam
1547 4595 1622 4689 ejus
1647 4590 1685 4664 in
1707 4591 1852 4665 veritate
1868 4609 1953 4686 per-

543 4724 677 4788 tractes.
