4368 5876
259 565 359 652 luter.
374 561 418 648 9.]
705 557 902 620 HISTORIA
929 559 1223 624 ntnnoatsl'lca.
1612 561 1669 622 10⁷

259 701 391 793 Sicilie,
404 699 527 773 Actoni
546 707 580 770 et
596 696 765 794 Phylippo
782 692 829 767 de
842 697 941 789 Troja
955 695 1116 770 fidelibus
1132 700 1205 770 suis
1219 700 1362 790 gratiam
1379 719 1479 770 suam
1495 707 1531 768 ct
1543 697 1667 770 bonam

257 828 483 900 voluntatem.
500 823 590 910 Quia
604 823 816 921 prepositum
832 831 869 895 et
881 824 1125 900 monasterinm
1140 825 1255 898 Sancti
1267 823 1451 919 Angelide
1463 824 1605 897 Murano
1619 821 1669 920 (u)

258 973 338 1024 cum
356 949 518 1024 omnibns
536 946 809 1045 possessionibus
826 945 915 1037 suis,
936 947 1142 1042 honoribus,
1159 948 1365 1024 obedientiis
1380 969 1444 1021 neo
1458 970 1528 1023 non
1546 957 1582 1021 et
1598 969 1671 1021 om·

258 1075 363 1148 nibus
390 1073 491 1147 bonis
514 1073 588 1145 suis
611 1072 677 1145 sub
704 1071 844 1166 speciali
868 1072 1077 1167 protectione
1097 1083 1131 1146 et
1153 1072 1353 1147 defensioue
1375 1072 1536 1147 culminis
1562 1073 1669 1146 nostri

257 1198 468 1295 recepimus,
485 1197 615 1271 idcirco
632 1195 789 1270 fidelitati
807 1205 920 1270 vestre
936 1195 1088 1270 districte
1106 1197 1328 1295 precipiendo
1344 1199 1551 1270 mandamns
1573 1219 1670 1292 quu-
1708 1277 1710 1287 .
1750 1207 1753 1216 '

258 1334 375 1414 tenus,
395 1323 484 1396 siout
501 1321 547 1396 de
566 1321 676 1417 gratia
698 1329 814 1394 nostru
834 1319 1026 1414 confiditis,
1050 1341 1071 1395 a
1089 1322 1323 1395 molestatione
1340 1330 1373 1394 et
1389 1320 1541 1418 dampno
1558 1321 1670 1419 ipsius

259 1447 456 1523 monasterii
475 1456 510 1525 ot
531 1446 710 1526 bominum
727 1467 869 1518 suornm
891 1445 1029 1541 penitus
1047 1448 1092 1520 de
1111 1455 1223 1521 cetero
1247 1456 1462 1520 remanentes
1479 1447 1530 1520 eis
1552 1449 1669 1524 omnia

260 1572 386 1665 injuste
399 1571 597 1646 sibi-ablata
617 1570 820 1666 adplenum
834 1569 1013 1645 restituere
1029 1570 1200 1661 debeatis;
1221 1571 1422 1646 mandatum
1439 1582 1593 1646 nostrum
1609 1585 1668 1646 ta-

260 1698 336 1770 liter
351 1697 524 1794 impleturi
544 1705 585 1768 ut
604 1717 709 1793 super
722 1695 789 1770 hoc
804 1694 852 1769 ad
866 1694 1076 1770 audientiam
1092 1706 1242 1770 nostram
1262 1696 1307 1769 de
1322 1705 1435 1771 cetero
1447 1699 1541 1790 justa
1553 1700 1669 1793 qucri-

258 1821 376 1895 monia
390 1843 460 1894 nou
474 1829 639 1894 recurrat.

305 1949 432 2021 Datum
446 1947 582 2043 Capua,
602 1945 774 2040 vigesimo
790 1945 902 2042 primo
913 1945 1082 2040 januarii,
1101 1967 1193 2019 nona
1209 1943 1407 2021 indictione.

311 2345 518 2432 Riecurdus
530 2344 579 2428 de
593 2343 690 2432 Olea
705 2343 938 2455 justiciarius
948 2343 1097 2454 Aprutii
1105 2345 1249 2428 eisdem
1258 2345 1391 2431 scribit
1402 2348 1450 2431 de
1463 2349 1596 2432 eadem
1610 2375 1665 2432 re.

338 2586 454 2669 (incdit.
464 2585 580 2663 ibidm,
589 2591 724 2666 utsupra
737 2595 771 2648 n‘
785 2585 848 2668 aa.)

306 2799 496 2875 lliccardns
511 2800 557 2874 de
570 2801 669 2893 Olen,
681 2799 743 2873 Dei
761 2811 796 2874 et
811 2800 980 2897 imperiali
995 2802 1105 2898 gratia
1112 2801 1320 2897 justitiarius
1329 2801 1481 2901 Aprutii,
1495 2799 1671 2886 nobilibus

259 2921 500 3000 viris‘domnis
517 2926 563 3001 de
578 2927 677 3019 Troia
697 2925 844 3000 adulam
862 2937 898 3000 et
914 2949 1077 3001 amorem.
1096 2929 1318 3025 imperatorie
1331 2929 1499 3024 lllajestati
1519 2945 1555 3005 at
1571 2933 1671 3010 nobis

259 3059 468 3146 conquestus
481 3061 534 3125 est
549 3051 743 3150 prepositus
759 3053 875 3125 Sancti
887 3051 1011 3147 Angeli
1029 3053 1065 3126 in
1080 3053 1221 3128 Maruno
1237 3055 1334 3150 qnod
1352 3077 1414 3128 vos
1432 3067 1549 3131 contra
1563 3061 1672 3152 justi-

261 3175 341 3248 tiam
359 3177 516 3249 homines
538 3177 649 3273 ipsius
668 3177 812 3251 ecclesie
831 3178 996 3252 vassallos
1018 3177 1181 3253 indebitis
1202 3180 1443 3254 exactionibus
1465 3191 1499 3253 et
1522 3184 1671 3272 servitiis

259 3304 473 3398 aggravastis
489 3312 524 3376 et
543 3292 715 3377 remittere
733 3303 923 3398 denegatis.
943 3303 1058 3390 Quare
1079 3304 1179 3377 vobis
1198 3327 1245 3378 ex
1268 3315 1364 3402 parte
1385 3306 1502 3380 domni
1523 3309 1670 3404 impera·

259 3428 342 3500 toris
353 3437 387 3502 et
399 3437 528 3522 nostra,
542 3427 653 3525 ipsius
665 3429 1144 3525 auctoritatequaluugimnr‚
1161 3431 1370 3528 precipimus
1385 3430 1527 3506 firmiter
1544 3444 1579 3506 et
1593 3434 1671 3509 dis·

259 3552 356 3626 tricte
374 3563 546 3647 qnatenus
561 3553 591 3626 si
605 3563 657 3627 est
671 3554 718 3628 itu
736 3555 782 3630 de
794 3551 958 3651 predictis
975 3553 1190 3629 satisfaciatis
1205 3554 1319 3628 eidem
1332 3566 1368 3629 et
1382 3556 1526 3630 ulterius
1540 3561 1671 3634 nullam

258 3677 450 3751 molestiam
469 3678 621 3752 inieratis
641 3688 677 3752 et
698 3680 735 3752 in
758 3679 865 3775 prima
883 3679 980 3752 curia
1000 3701 1105 3774 qnam
1131 3677 1324 3754 tenebimus
1347 3681 1383 3752 in
1407 3681 1564 3778 partibus
1586 3684 1672 3781 ipsis

258 3799 371 3875 eidem
389 3802 536 3875 veniatis
551 3803 683 3877 ratione
699 3803 813 3878 media
829 3801 1055 3900 responsuri(
1080 3801 1106 3900 ).

298 4003 342 4085 (u)
363 4005 399 4066 In
411 4005 513 4067 codice
525 4002 562 4067 dc
577 4005 709 4081 Bursao,
723 4007 809 4071 mulo

322 4188 354 4195 ...
362 4189 395 4195 ....
401 4189 423 4196 --
429 4187 550 4198 ---......
557 4191 589 4197 --
597 4191 604 4198 .
613 4191 633 4198 ..
639 4191 809 4200 ...η-...ηυ-

294 4295 330 4370 (tl
347 4295 490 4370 Reponitur
506 4297 579 4372 apud
599 4297 768 4371 Garrunau,
783 4297 857 4356 rtur.
878 4299 998 4371 emata„
1015 4305 1036 4356 t.
1049 4300 1076 4372 l,
1095 4315 1161 4374 pars
1178 4301 1218 4372 1⁸,
1234 4317 1262 4375 p.
1277 4299 1344 4367 tte,
1359 4299 1501 4357 concordia
1514 4298 1549 4358 de
1560 4299 1613 4359 bac
1624 4300 1672 4359 lite

258 4391 398 4450 diffinitive
415 4400 528 4454 rasura
544 4395 614 4455 inter
629 4395 783 4462 oderisium
799 4397 983 4472 praepositam
1002 4397 1093 4456 Sancti
1113 4395 1276 4456 liberatoris
1294 4401 1323 4454 et
1341 4388 1470 4454 iacobum
1488 4397 1671 4472 praepositum

257 4488 349 4548 Sanofi
366 4484 458 4566 du'gsli
477 4493 505 4551 in
522 4496 632 4554 Hunno
643 4509 678 4553 cx
691 4511 746 4553 rma
760 4501 846 4570 parta,
861 4495 1068 4571 l’bilippumqua
1080 4501 1110 4554 et
1124 4496 1255 4554 dcwuam
1270 4495 1409 4570 dalreis,
1426 4511 1460 4554 ex
1474 4496 1558 4556 ultera
1573 4497 1671 4572 «apud

261 4604 274 4640 a
289 4585 397 4663 Troiam
409 4589 486 4664 juxta
501 4591 650 4668 cappulam
664 4591 763 4652 Sancte
779 4593 903 4669 Agnetis,
920 4609 992 4654 anno
1011 4592 1145 4653 dominice
1161 4593 1265 4652 incarn.
1280 4596 1366 4666 lm,
1385 4592 1529 4652 indictione
1545 4593 1613 4666 llll,
1626 4595 1672 4654 die

262 4683 352 4744 »lune
364 4688 443 4748 turtio
455 4689 560 4750 decimo
573 4690 773 4766 septembris.»
818 4763 821 4770 Ι
