4272 5886
587 507 648 571 536
1087 505 1301 572 tutuuulcl
1327 510 1501 574 SECUNDI
1818 513 1896 591 [Aru
1912 513 1981 576 Μ

588 642 776 718 Bmtoldus
796 643 899 718 irater
919 643 1008 736 ejus,
1030 641 1233 720 Gottilridus
1254 646 1300 720 de
1321 645 1497 736 llunloch‚
1523 643 1684 720 Albertus
1701 655 1740 721 et
1758 647 1931 722 Comedus
1948 647 1982 720 da

588 768 760 865 Stouphe,
788 779 824 842 et
838 767 1015 843 Gauianus
1028 767 1074 842 de
1096 768 1210 866 Cipro.
1235 772 1286 845 De
1307 792 1416 866 reguo
1441 792 1524 844 uero
1543 772 1841 860 Jorosolimitano,
1860 773 1982 846 lacobus

587 893 798 967 venerabilis
821 892 968 966 Acconis
996 893 1198 991 episcopus,
1230 895 1394 970 Baliauus
1422 895 1586 971 dominus
1609 896 1782 993 Sydouis,
1815 897 1927 969 Daniel
1949 897 1982 968 ds

586 1017 835 1112 Tarramuude,
854 1019 1015 1092 Nicolaus
1030 1019 1198 1110 Antelmi,
1214 1019 1329 1094 (luido
1345 1021 1391 1095 de
1401 1021 1554 1110 Infante,
1568 1020 1683 1094 Guido
1701 1021 1750 1095 de
1767 1021 1917 1111 Rouiau,
1927 1021 1981 1094 llac

588 1153 757 1238 cognatus
771 1144 980 1240 patriarche,
997 1143 1184 1218 Gervasius
1197 1145 1242 1218 de
1260 1145 1455 1240 lllalgastel,
1470 1145 1649 1241 Philippus
1669 1145 1840 1242 Cynardi,
1862 1148 1981 1218 loannes

588 1271 710 1362 Pisau,
729 1267 946 1345 Raimuudus
963 1267 1178 1361 Grimaldus,
1196 1268 1359 1342 Golridm
1376 1268 1421 1342 de
1444 1269 1592 1361 villiers,
1609 1269 1726 1344 Guido
1743 1270 1793 1344 de
1814 1270 1928 1342 Nubis.
1943 1269 1980 1338 lle

589 1417 698 1491 reguo
718 1401 833 1468 autem
858 1394 992 1486 Sicilie,
1020 1393 1160 1467 Landus
1185 1393 1394 1468 venerabilis
1415 1394 1569 1488 Reginus
1591 1395 1873 1490 archiepiscopus
1897 1391 1979 1464 lani·

589 1521 684 1594 liaris
708 1528 837 1607 noster,
854 1519 1090 1593 Bartclomeus
1105 1519 1313 1592 venerabilis
1330 1521 1569 1617 Syracusanus
1585 1519 1788 1615 episcopus,
1806 1517 1979 1592 Thomasius

590 1666 706 1718 comes
731 1643 951 1731 Acerramm,
971 1644 1100 1739 Symou
1117 1664 1233 1717 comes
1247 1645 1429 1736 Teatinus,
1458 1665 1575 1718 comcs
1600 1645 1806 1740 Raynaldus
1831 1643 1874 1717 da
1887 1645 1978 1714 lara-

590 1779 683 1858 reta,
707 1769 875 1842 Heuricue
893 1766 938 1842 de
956 1770 1069 1842 Morra
1092 1769 1254 1864 magister
1278 1769 1507 1863 justiciarius,
1531 1779 1568 1842 et
1586 1769 1759 1844 Ricardus
1784 1767 1973 1843 canantius.

640 1895 766 1967 Actum
790 1904 843 1967 est
869 1893 935 1967 hoc
959 1915 1051 1967 auno
1080 1893 1254 1968 dominice
1282 1895 1527 1969 iucarnationis
1556 1895 1740 1969 millesimo
1772 1891 1977 1968 ducentesimo

591 2019 909 2113 vicesimoquinto,
929 2041 1048 2092 meuse
1061 2019 1228 2112 ianuarii,
1247 2019 1382 2094 decime
1395 2031 1517 2116 quarte
1534 2019 1750 2094 indictionis.

640 2147 765 2218 Datum
783 2165 845 2240 per
861 2166 986 2218 manus
1004 2146 1165 2242 Symouie
1181 2145 1390 2218 venerabilis
1404 2145 1567 2242 Tyreusis
1588 2145 1839 2242 archiepiscopi
1855 2151 1886 2216 et
1899 2137 1971 2234 mgni

589 2271 851 2346 lemsolimitaui
867 2271 1082 2354 cancellarii,
1104 2271 1294 2367 imperante
1312 2269 1454 2344 domino
1482 2282 1600 2345 nostro
1614 2271 1800 2344 Frcdeuioo
1815 2270 1875 2342 llei
1889 2265 1971 2362 palia
2076 2354 2077 2381 Ν

591 2395 819 2472 invictissimo
835 2397 1066 2468 Romanorum
1088 2395 1293 2492 imperatore
1305 2449 1315 2485 ,
1326 2471 1328 2476 ,
1341 2417 1476 2492 semper
1492 2407 1660 2491 augusto,
1682 2396 1873 2470 lerosolime
1886 2401 1916 2464 et
1927 2391 1971 2462 Si·

590 2522 669 2595 cilie
686 2543 784 2615 rege,
803 2541 896 2594 auuo
918 2520 1059 2594 Romani
1083 2519 1218 2615 imperii
1241 2519 1318 2612 ejus
1342 2529 1459 2610 saulo,
1484 2521 1582 2616 regni
1607 2517 1864 2593 ierosolimitani
1885 2514 1968 2611 prino

590 2657 626 2723 et
642 2649 739 2743 regni
756 2646 872 2721 Sicilie
887 2666 979 2719 auno
996 2645 1163 2718 vicesimo
1186 2653 1323 2738 octavo,
1345 2645 1501 2718 feliciter.
1520 2645 1644 2718 Auen.

821 2957 1768 2972 Mna—*annm*

399 3273 495 3314 ...uu
529 3273 550 3307 ο.
641 3233 804 3318 isabella
820 3232 1081 3316 Romanorum
1104 3231 1346 3340 imperatrix,
1367 3257 1464 3316 uxor
1481 3230 1670 3316 Frederici
1690 3226 1860 3332 secundi,
1880 3224 1961 3302 noos

589 3366 680 3450 lacit
714 3365 900 3450 universis
931 3361 1192 3446 concessiones
1218 3371 1256 3444 cl
1282 3362 1589 3454 confirmationes
1618 3390 1642 3446 a
1667 3363 1752 3446 viro
1780 3383 1845 3442 suo
1873 3351 1960 3432 lanas

590 3501 721 3584 domui
735 3497 934 3608 hospitalis
953 3497 1113 3579 Sanctae
1130 3495 1270 3580 Mariae
1284 3497 1607 3581 Theutouicorum
1621 3497 1670 3580 de
1682 3493 1855 3580 omuibus
1867 3479 1959 3596 prili-

589 3634 698 3745 legiis
712 3660 736 3716 a
748 3629 1103 3743 praedecessoribus
1123 3639 1161 3714 et
1181 3631 1403 3740 parentibus
1426 3632 1506 3714 suis
1530 3632 1655 3715 eidem
1675 3628 1807 3714 domui
1823 3613 1955 3705 indultis·

673 3847 798 3924 (lncdlt.
813 3849 846 3907 lu
858 3847 980 3909 archivo
1001 3848 1183 3909 Berollnensl
1202 3865 1219 3909 o
1240 3849 1365 3928 uegeto
1385 3849 1492 3926 coploll
1512 3849 1606 3911 ordin.
1629 3848 1819 3918 Tbeutoulc.,
1840 3837 1882 3899 ubl
1898 3835 1957 3892 lust·

709 3957 785 4016 rltur
797 3957 828 4015 ln
842 3955 997 4034 privilegio
1008 3957 1087 4034 rcgls
1101 3955 1228 4016 Courndl
1241 3955 1375 4032 ejusdem
1388 3955 1530 4018 leubellae
1543 3953 1622 4031 llllo,
1637 3972 1718 4016 auno
1735 3950 1831 4024 12⁴³.)

636 4144 798 4218 Ysabella
814 4143 876 4215 Dei
894 4143 1003 4236 gratia
1019 4142 1251 4215 Romanorum
1268 4142 1484 4238 imperatrix,
1499 4165 1636 4241 semper
1652 4149 1811 4240 augusta,
1830 4131 1955 4205 thaon-

589 4272 670 4343 lima
684 4279 719 4344 et
731 4269 846 4341 Sicilie
861 4269 993 4362 regina.
1013 4268 1078 4340 Per
1097 4289 1240 4364 pressus
1258 4269 1425 4364 scriptum
1445 4278 1567 4342 uotum
1588 4268 1736 4341 iacimus
1756 4259 1894 4339 omuibus
1909 4249 1952 4318 h0·

588 4394 742 4466 minibus
762 4403 832 4466 tam
850 4393 1067 4489 presentibus
1090 4413 1195 4487 quam
1219 4393 1344 4465 suturis
1361 4394 1458 4488 quod
1477 4392 1640 4466 domiuus
1663 4393 1719 4466 vir
1739 4399 1844 4464 noster
1861 4371 1921 4453 Frlll
1937 4403 1952 4417 ·

590 4519 682 4589 ricus
693 4519 753 4590 Dei
764 4519 873 4612 gratia
884 4517 1192 4589 excellentissimus
1206 4519 1437 4591 Rornanorum
1449 4519 1647 4614 imperator,
1662 4539 1795 4614 semper
1810 4507 1948 4600 augustus,

461 4727 466 4732 ,
589 4641 812 4715 iherosolima
829 4651 863 4714 et
879 4641 995 4714 Sicilie
1012 4663 1092 4734 rex,
1103 4664 1184 4716 uua
1202 4663 1282 4715 cum
1299 4664 1442 4716 assensu
1461 4653 1496 4716 et
1512 4645 1663 4738 gratuita
1685 4645 1849 4718 voluntate
1866 4629 1948 4699 „aaa

2044 2686 2048 2701 ’
2075 2698 2077 2795 l
