4368 5876
262 599 360 660 lsnrcr.
376 596 419 676 9.]
705 595 901 658 tllsloltlrl
927 595 1223 659 blvtonlavlch
1634 603 1678 668 99

262 728 365 824 pleno
382 727 462 818 jure
483 731 597 796 teneat
613 731 649 795 et
665 723 852 818 possideat.
879 726 949 797 liec
971 735 1086 798 autem
1104 725 1221 798 omnia
1236 746 1283 798 ex
1310 737 1402 800 certa
1426 728 1568 803 scientia
1593 751 1677 806 con·

262 851 420 926 cedimus
435 859 472 922 et
487 846 747 939 confirmamus,
766 849 861 921 nulla
873 849 952 944 lege
971 850 1130 924 obstante
1153 871 1223 945 que
1240 851 1348 946 possit
1367 852 1497 948 opponi
1512 855 1674 947 quamvis

261 996 331 1049 non
352 973 560 1047 nominetur.
580 972 680 1046 Adeo
694 972 798 1044 etiam
816 972 882 1044 hec
902 973 1051 1046 valitura
1069 993 1250 1046 censemus
1265 971 1361 1068 qnod
1381 975 1673 1070 contemptoribus

262 1110 298 1173 at
318 1100 449 1195 eisqui
469 1120 558 1171 ausu
585 1097 764 1170 temerario
785 1105 821 1168 et
845 1096 948 1169 etiam
973 1097 1063 1170 lacto
1086 1096 1243 1170 resistcre
1263 1097 1536 1192 presumpserint
1559 1100 1673 1195 puris·

262 1225 340 1298 simi
361 1223 438 1296 anri
462 1243 586 1319 penam
605 1231 742 1294 centnm
761 1221 926 1295 librarum
951 1221 1182 1318 imponimus,
1208 1221 1394 1296 dimidium
1412 1224 1515 1316 ‘cujus
1539 1247 1673 1299 camere

262 1359 394 1440 nostre,
414 1346 511 1421 aliud
526 1346 575 1444 (a)
596 1346 750 1443 predicte
768 1343 936 1419 debeatur
949 1346 1104 1419 ecclesie.
1122 1345 1237 1420 index
1254 1356 1370 1420 aulem
1385 1347 1447 1442 qui
1470 1357 1587 1421 contra
1604 1350 1671 1442 ju-

262 1475 377 1550 dicare
395 1481 456 1546 aut
472 1472 594 1546 venire
612 1471 858 1567 presumpserit
879 1481 956 1566 post
979 1493 1103 1566 penam
1122 1471 1312 1565 predictam
1332 1481 1496 1567 perpetue
1510 1473 1598 1546 labis
1616 1474 1671 1546 in·

261 1605 376 1670 currat
389 1597 584 1686 infamiam,
601 1602 765 1691 patronus
784 1615 925 1688 quoque
936 1594 999 1688 qui
1018 1606 1135 1668 contra
1152 1595 1218 1668 boc
1235 1595 1455 1692 privilegium
1470 1598 1671 1672 certioratus

263 1721 464 1814 allegaverit
480 1728 515 1792 ct
532 1720 594 1815 qui
611 1727 728 1793 contra
744 1719 811 1792 hoc
822 1719 1057 1815 impetraverit
1069 1740 1149 1792 cnm
1161 1718 1368 1816 supradictis
1382 1723 1672 1817 contemptoribus

263 1848 408 1920 similem
424 1867 549 1942 penam
566 1845 719 1918 incurret
732 1852 766 1918 et
781 1843 970 1939 impetratis
982 1853 1110 1933 careat,
1126 1843 1288 1938 quamvis
1298 1844 1356 1916 hic
1369 1867 1437 1917 non
1452 1846 1672 1919 nominentur

262 1973 462 2067 impetrata,
488 1979 524 2042 et
547 1991 616 2042 non
636 1969 795 2043 obstante
814 1967 909 2064 quod
935 1968 1046 2042 simile
1071 1967 1292 2065 privilegium
1309 1969 1355 2042 XI
1381 1969 1547 2044 kalendas
1568 1981 1671 2046 octo-

261 2095 333 2168 bris
356 2093 410 2193 (l)
428 2117 448 2168 a
467 2093 568 2167 nobis
585 2114 786 2167 concessum
808 2101 844 2166 et
866 2093 934 2166 alia
954 2092 1237 2188 predecessorum
1255 2102 1449 2167 nostrorum
1471 2117 1540 2168 uon
1561 2118 1671 2194 appa·

262 2229 380 2314 reant,
420 2241 569 2314 quorum
599 2217 694 2290 vices
725 2239 866 2316 presens
900 2217 1063 2291 volumus
1092 2216 1312 2312 privilegium
1340 2217 1563 2292 obtinerent
1590 2223 1670 2314 jura

261 2344 417 2439 ejusdem
440 2342 638 2416 monasterii
657 2365 740 2416 casn
766 2342 905 2416 fortuito
922 2364 992 2416 uon
1012 2342 1188 2434 ledantur;
1208 2352 1244 2415 et
1263 2342 1293 2414 si
1313 2341 1399 2436 quid
1417 2351 1535 2440 postea
1553 2354 1671 2420 contra

262 2469 527 2565 prohibitionem
552 2475 702 2540 nostram
727 2467 881 2540 noscitur
896 2467 1135 2564 impetratum,
1161 2465 1368 2540 mandamus
1381 2476 1417 2539 ct
1433 2469 1596 2544 volumus
1616 2471 1671 2542 ir-

260 2594 368 2667 ritari.

309 2721 419 2812 Hujus
442 2717 492 2791 rei
523 2727 626 2790 testes
653 2725 736 2789 sunt
763 2713 922 2790 Ulrichus
944 2715 1144 2790 Patavensis
1171 2716 1374 2814 episcopus,
1401 2715 1562 2792 Nicolaus
1590 2721 1671 2816 epi·

260 2865 386 2939 scopus
407 2843 577 2938 Reginus,
605 2841 813 2938 Adelpertus
836 2841 1056 2915 Tridentinus
1076 2844 1225 2931 electus,
1251 2841 1369 2916 lando
1391 2841 1671 2942 archiepiscopus

261 2968 428 3062 Reginus,
456 2966 616 3040 Nicolaus
641 2965 919 3064 archiepiscopus
946 2966 1166 3055 Tarentinus,
1188 2965 1373 3040 Anselmus
1397 2969 1602 3042 marscalcus
1626 2969 1672 3044 de

260 3090 460 3185 lustingen,
490 3089 689 3186 haynaldus
706 3090 783 3163 dux
803 3090 949 3186 Spoleti,
970 3090 1149 3164 Conradns
1173 3092 1383 3165 camerarius
1409 3092 1455 3167 de
1472 3093 1598 3168 Werda
1623 3094 1670 3192 (h)

260 3227 294 3289 et
310 3217 369 3290 alii
384 3216 619 3311 quamplures.

308 3342 453 3434 Signum
477 3338 610 3413 domiui
632 3337 795 3412 Friderici
816 3339 961 3413 secundi
986 3339 1047 3411 Dei
1068 3339 1178 3434 gratia
1201 3339 1432 3414 Romanorum
1456 3339 1670 3438 imperatoris

306 3589 381 3684 Ego
394 3587 578 3663 'Conradus
597 3589 660 3662 Dei
683 3589 793 3684 gratia
811 3588 972 3664 Metensis
998 3599 1034 3663 et
1054 3589 1226 3688 Spirensis
1252 3588 1454 3688 episeopus,
1482 3591 1669 3690 imperialis

259 3715 338 3786 aule
356 3712 581 3786 cancellarius
597 3709 668 3810 (2),
688 3713 767 3786 vice
792 3712 925 3787 domini
949 3713 1126 3809 Engiberti
1146 3715 1396 3808 [Coloniensis]
1420 3717 1668 3818 archiepiscopi

259 3847 293 3910 et
308 3837 416 3910 tutius
428 3837 523 3910 italie
540 3837 829 3910 archicancellarii
847 3837 1046 3933 recognovi.

260 3989 264 3994 ’
297 4015 339 4093 (a)
357 4017 546 4093 Inlmpresso
562 4011 871 4077 emaum-altam.

299 4119 341 4201 (h)
362 4123 398 4183 In
410 4124 553 4200 impresso
569 4119 690 4198 illerde,
703 4125 781 4184 deut
791 4138 880 4201 supro
894 4121 1072 4204 instringere,
1084 4122 1173 4185 malo.

290 4431 327 4506 (t)
345 4431 423 4490 Unde
441 4435 518 4506 patet
531 4431 627 4489 eodem
640 4431 700 4507 ipso
712 4432 757 4490 die
773 4445 827 4506 quo
847 4432 976 4492 eudesius
995 4431 1139 4492 cathedrali
1158 4431 1306 4492 Veronensi
1322 4432 1491 4508 privilegium
1508 4433 1664 4510 indulserat,

255 4528 328 4586 aliud
340 4543 449 4604 qnoque
461 4529 591 4587 ecclesiae
608 4529 700 4588 Sancti
719 4530 836 4588 zanoms
847 4531 1014 4589 Fridericnm
1024 4530 1200 4604 concessisse,
1216 4548 1270 4589 una
1285 4547 1348 4590 cnm
1358 4533 1472 4591 meteris
1486 4532 1665 4608 deperditam.

291 4627 330 4699 (2)
347 4625 491 4684 Nescimus
502 4626 637 4701 quomodo
650 4627 822 4687 mucelmms
834 4629 862 4686 in
873 4629 934 4686 aula
944 4629 1074 4704 imperiali
1095 4635 1161 4687 truc
1177 4629 1294 4689 adfuisse
1308 4631 1442 4704 potuerit,
1457 4646 1520 4688 carm
1537 4631 1667 4693 domimo

255 4729 332 4782 sexto
341 4723 386 4783 die
396 4724 547 4784 decembris
560 4727 629 4786 ⁴220
639 4725 711 4800 apud
718 4725 831 4785 Pedium
839 4727 931 4786 bonizi
941 4727 970 4785 in
979 4728 1075 4787 Tuscia
1084 4744 1147 4786 aum
1152 4729 1210 4803 jam
1220 4735 1369 4788 morantem
1377 4729 1596 4805 inveniamuslci.
1607 4734 1668 4808 pri-
