4368 5876
519 509 577 570 ldd
1017 509 1232 572 ruthenici
1259 511 1432 574 scottum
1746 509 1826 589 [hur.
1846 509 1930 570 ΙΙΙ.

515 643 648 738 argenti
666 665 728 739 pro
742 644 870 734 banno,
888 644 954 716 sub
968 647 1069 738 eujus
1083 645 1190 718 banni
1203 669 1294 743 pena
1307 648 1440 722 eisdem
1456 647 1662 720 dolensibus
1674 667 1736 741 per
1752 645 1933 718 dominum

517 768 758 863 imperatorem
775 779 809 842 et
825 791 889 842 uos
903 771 1126 844 meminimus
1142 771 1250 844 luisse
1270 773 1464 866 injunctum
1478 782 1518 844 ut
1531 770 1643 844 dictas
1656 768 1813 842 marchas
1829 770 1934 843 totius

517 893 679 965 transacti
706 915 874 966 annorum
897 896 1060 991 temporis
1088 896 1155 991 ipsi
1177 895 1349 970 Gulielmo
1372 899 1563 986 solverent,
1586 898 1616 968 si
1639 895 1821 990 contigerit
1838 894 1933 992 quod

518 1016 629 1090 dictas
645 1017 802 1091 marchas
820 1017 989 1091 ducentas
1004 1018 1118 1092 eidem
1134 1018 1305 1094 Gulielmo
1324 1020 1407 1094 binc
1426 1020 1473 1094 ad
1489 1020 1629 1093 tertium
1649 1017 1825 1092 decimum
1841 1017 1934 1090 diem

517 1151 597 1216 ante
623 1142 785 1216 calendas
816 1143 935 1239 aprilis
965 1145 1126 1240 proxime
1150 1147 1258 1217 futuri
1284 1169 1353 1219 non
1380 1146 1556 1219 solverint.
1583 1144 1788 1218 Mandantes
1811 1153 1846 1216 et
1868 1143 1934 1216 sub

518 1267 636 1340 debito
653 1265 829 1340 fidelitatis
851 1267 1005 1342 districte
1021 1270 1251 1366 precipientes
1268 1271 1431 1344 omnibns
1444 1269 1715 1360 marchionibus,
1735 1269 1932 1359 comitibus,

519 1393 764 1489 potestatibus,
786 1393 987 1466 oonsulibus
1007 1395 1202 1486 civitatum,
1222 1396 1430 1491 burgorum,
1450 1405 1640 1468 castrorum
1655 1404 1689 1468 et
1709 1396 1861 1466 locorum
1878 1415 1934 1466 ce-

520 1520 671 1612 terisque
699 1517 835 1613 imperii
868 1517 1033 1591 fidelibus
1060 1529 1098 1591 ut
1123 1521 1259 1593 nullum
1282 1519 1571 1616 impedimentum
1598 1519 1633 1590 in
1660 1518 1826 1614 predictis
1848 1537 1935 1590 exe-

520 1643 672 1738 quendis
700 1643 757 1714 isti
782 1642 953 1716 Gulielmo
986 1654 1140 1740 prestent
1167 1645 1225 1718 vel
1258 1647 1405 1737 faciant,
1432 1644 1496 1718 sed
1520 1644 1616 1717 omni
1643 1644 1748 1717 modo
1775 1663 1877 1738 opem
1902 1651 1937 1714 et

521 1769 695 1841 auxilium
711 1777 745 1840 et
760 1771 928 1862 juvamen
945 1769 992 1842 ad
1010 1770 1166 1866 predicta
1180 1769 1296 1842 omnia
1312 1768 1520 1864 exequenda
1537 1769 1604 1865 ipsi
1622 1767 1793 1844 Gulielmo
1810 1767 1937 1858 atejus

521 1892 654 1964 nuntiis
671 1902 823 1987 prestent
837 1903 871 1964 et
898 1894 1100 1982 exhibeant,
1123 1895 1190 1966 sub
1206 1896 1349 1969 obtentu
1373 1895 1563 1991 imperialis
1578 1895 1688 1990 gratie
1710 1903 1746 1968 et
1769 1901 1884 1965 nostre
1903 1898 1937 1963 et

522 2018 638 2089 banno
656 2017 750 2090 mille
770 2017 987 2092 marcharum
1006 2021 1150 2114 argenti,
1173 2023 1273 2113 cujus
1290 2021 1397 2095 banni
1414 2019 1583 2094 medietas
1600 2041 1735 2092 camere
1752 2017 1889 2114 imperii
1903 2027 1939 2090 et

522 2143 592 2216 alia
617 2142 785 2216 medietas
809 2143 845 2214 in
870 2143 1033 2216 eumdem
1052 2145 1261 2219 Gulielmum
1283 2145 1475 2242 perveniet.
1502 2145 1559 2219 Ad
1582 2145 1683 2238 cujus
1704 2153 1819 2217 nostre
1837 2163 1938 2238 para·

521 2268 602 2342 bole
619 2277 655 2341 et
673 2268 811 2342 licentia
832 2276 866 2342 et
889 2270 1118 2342 concessionis
1141 2269 1336 2346 firmitatem
1359 2279 1555 2368 presentem
1580 2270 1745 2366 paginam
1767 2268 1938 2342 conscribi

521 2403 555 2467 et
573 2402 691 2466 nostro
704 2393 818 2488 sigillo
828 2393 997 2485 jussimus
1013 2395 1230 2468 communiri.

568 2519 694 2590 Datum
707 2517 804 2614 apud
817 2516 942 2590 Cumas
956 2515 986 2614 (t
996 2516 1022 2614 l,
1041 2515 1164 2618 [anno]
1180 2520 1363 2594 millesimo
1378 2519 1616 2593 ducentesimo
1630 2519 1800 2614 vigesimo
1812 2520 1936 2615 primo,

522 2644 579 2717 die
594 2645 676 2716 lune
692 2653 816 2717 octavo
834 2642 1004 2716 kalendas
1021 2645 1155 2734 martii,
1174 2644 1363 2718 indictione
1378 2667 1483 2718 nona.

572 2769 720 2860 [Extant
736 2768 865 2858 ibidem,
885 2769 945 2840 fol.
967 2769 1011 2839 40
1031 2777 1065 2841 et
1087 2771 1125 2838 44
1147 2769 1192 2842 de
1207 2791 1246 2842 re
1261 2767 1384 2843 eadem
1401 2779 1436 2842 et
1453 2771 1524 2842 iere
1539 2767 1585 2842 de
1601 2768 1709 2842 verbo
1729 2767 1939 2841 adverbum

521 2901 708 2966 renovatae
725 2893 817 2966 dnae
837 2893 925 2965 aliae
946 2894 1135 2967 sententiae
1155 2895 1201 2966 ab
1219 2892 1360 2968 Alberto
1376 2893 1665 2989 llagdeburgensi
1682 2891 1942 2990 archiepiscopo

522 3029 558 3090 et
574 3017 706 3112 imperii
725 3025 808 3088 tunc
826 3017 940 3112 legato
956 3019 1109 3113 prolatae
1127 3045 1136 3089 ε
1153 3019 1284 3092 scilicet
1297 3020 1409 3116 prima
1426 3019 1483 3094 die
1496 3017 1657 3091 mercurii
1674 3017 1796 3090 ultimo
1812 3016 1940 3090 mensis

523 3139 630 3213 madii
646 3149 682 3212 et
696 3139 850 3214 secunda
867 3138 926 3214 die
943 3143 1063 3214 martis
1082 3143 1230 3239 septimo
1246 3141 1375 3216 mensis
1387 3143 1475 3236 iunii
1488 3163 1580 3215 anno
1597 3140 1807 3232 MCCXlllll,
1828 3139 1941 3214 indic·

523 3265 616 3340 tione
633 3263 850 3364 undecima]

578 3791 806 3900 FridericuS,
825 3793 1086 3876 Romanorum
1105 3792 1325 3903 imperator,
1342 3791 1615 3876 monasterium
1634 3791 1762 3876 Sancti
1781 3791 1945 3902 Spiritus

394 3929 408 3970 Ρ
526 3927 574 4010 de
588 3927 691 4011 Silva
711 3925 871 4014 Oreolae
883 3925 1064 4010 dioecesis
1083 3926 1243 4010 Sanctae
1257 3925 1430 4038 Agathae
1443 3923 1516 4008 sub
1529 3927 1760 4037 protectione
1775 3952 1846 4008 sua
1859 3950 1947 4008 sus-

528 4063 633 4172 cipit,
648 4061 759 4171 eique
772 4061 902 4144 omnia
912 4061 1001 4173 jura
1019 4071 1057 4144 et
1069 4059 1172 4144 bona
1183 4060 1384 4143 confirmat
1397 4086 1542 4142 necnon
1557 4068 1595 4142 et
1607 4060 1764 4142 caeteris
1778 4058 1945 4143 ecelesiis

508 4177 510 4182 ⁵
529 4197 657 4279 Sancti
681 4195 863 4305 spiritua,
880 4195 1021 4278 scilieet
1048 4193 1230 4303 Tufarae,
1247 4192 1379 4278 Turris
1401 4192 1556 4301 Palatii,
1573 4192 1718 4278 Marulli
1741 4202 1778 4276 et
1797 4192 1941 4277 Caleni.

564 4462 603 4532 (t)
621 4459 700 4516 Aliud
712 4460 880 4533 privilegium
892 4459 1005 4518 Conradi
1025 4460 1105 4536 legati
1123 4459 1268 4534 imperialis
1286 4475 1336 4534 pm
1356 4459 1466 4519 ciuitate
1482 4459 1627 4518 Cumanum
1644 4459 1777 4518 indultum
1794 4458 1879 4518 edidit
1891 4459 1945 4517 ltc-

528 4573 625 4627 umm,
643 4557 718 4616 Stor.
739 4556 768 4614 di
791 4559 887 4628 Gamo,
909 4563 932 4616 t.
956 4559 994 4632 ll,
1012 4575 1040 4632 p.
1063 4562 1127 4618 2⁴7.
1142 4560 1203 4618 Dat.
1215 4557 1288 4633 apud
1307 4557 1419 4632 Cumae,
1437 4573 1503 4618 ann.
1518 4561 1584 4620 4224
1598 4603 1606 4634 ,
1622 4559 1646 4618 V
1664 4563 1780 4617 amunte
1793 4557 1944 4630 februario,

529 4654 674 4712 indictione
691 4655 739 4712 lX.
