4272 5886
555 505 616 570 540
1054 513 1274 575 satnsatct
1297 511 1472 576 suctum
1781 511 1863 597 [du.
1881 512 1965 574 lm

555 649 594 724 et
607 651 650 724 ut
663 667 797 725 omnes
812 645 914 752 apud
928 645 1136 753 Pisonum,
1152 646 1218 731 ubi
1234 657 1337 731 sexto
1350 647 1516 729 intrante
1528 643 1654 727 martii
1667 669 1751 727 esse
1763 643 1968 754 imperator

553 775 635 884 ipse
650 775 831 884 disponit,
848 778 1011 864 debeam
1023 781 1236 864 convenire.
1249 782 1347 865 Rrec.
1360 807 1405 862 ns
1420 781 1461 862 S.
1474 781 1613 884 Grau„
1625 778 1798 862 chronic.
1811 783 1865 859 ad
1879 807 1963 860 aas.

770 1099 1747 1112 ——----·-—----—-—-————--————-——-———-

604 1391 834 1496 Fridericus‚
865 1391 1126 1476 Romanorum
1151 1393 1371 1503 imperator,
1391 1395 1576 1478 universis
1593 1419 1663 1503 per
1683 1393 1847 1476 Frisium
1864 1419 1964 1476 oon-

551 1525 691 1608 stitutis
720 1525 849 1608 scribit
875 1525 983 1608 utin
1010 1527 1191 1611 comitatu
1219 1553 1309 1634 suo,
1338 1527 1432 1610 dum
1458 1527 1507 1610 ad
1537 1526 1801 1610 liberationem
1829 1525 1966 1608 Terrae

550 1657 711 1741 Sanctae
724 1657 969 1742 transfretare
982 1659 1173 1769 disponat,
1194 1661 1319 1744 denuo
1336 1660 1507 1744 laborem
1525 1660 1647 1742 crucis
1662 1659 1827 1742 subeant
1844 1667 1883 1740 et
1899 1683 1966 1739 na-

549 1791 673 1875 valem
687 1793 893 1874 exercitum
909 1803 1153 1902 praeparent,
1174 1820 1262 1876 oum
1275 1793 1358 1905 jam
1377 1820 1509 1876 eorum
1528 1793 1789 1876 fortitudinem
1808 1800 1849 1873 et
1865 1817 1963 1900 prn-

547 1926 717 2008 dentiam
727 1925 947 2035 praesertim
958 1927 997 2006 in
1008 1925 1444 2035 expeditioneDamiatae
1452 1936 1600 2009 exterae
1609 1925 1782 2007 nationes
1792 1933 1963 2032 expertae

546 2059 701 2143 fuerint.

628 2299 724 2373 (Edit.
744 2316 794 2377 ap.
815 2299 945 2374 Murus,
970 2297 1162 2362 Ghorterdoek
1178 2298 1231 2360 der
1251 2317 1360 2383 paceo
1383 2320 1441 2362 oon
1456 2298 1604 2377 Hodond,
1623 2309 1697 2364 tom.
1713 2302 1745 2375 1,
1770 2319 1803 2379 p.
1830 2309 1906 2378 198,
1925 2283 1963 2360 ei

667 2406 837 2486 Sensum,
851 2405 927 2466 not
942 2423 1002 2467 ean
1020 2403 1122 2467 Vrtesl.
1138 2407 1172 2466 in
1184 2403 1338 2482 umnec,
1352 2424 1383 2484 p.
1394 2413 1438 2468 'ts
1452 2415 1482 2468 et
1499 2411 1561 2484 ta.)

594 2619 797 2694 Frederious
811 2621 874 2694 Dei
897 2622 1007 2716 gratia
1029 2623 1260 2696 Romanorum
1279 2623 1477 2718 imperator,
1496 2643 1632 2718 semper
1653 2630 1848 2716 augustus,
1867 2622 1959 2694 lern-

547 2747 654 2820 salem
672 2754 707 2818 et
727 2745 844 2820 Sicilia
865 2768 949 2834 rex,
977 2747 1152 2820 universis
1173 2769 1234 2843 per
1258 2749 1400 2821 Frisiarn
1424 2747 1621 2820 constitutis
1637 2746 1767 2842 quibus
1786 2755 1958 2842 presentes

548 2871 659 2944 littere
675 2868 911 2961 ostendentur,
928 2869 1090 2944 fidelibus
1106 2870 1192 2962 suis,
1207 2873 1353 2967 gratiam
1365 2895 1465 2946 suam
1482 2881 1518 2945 et
1529 2893 1632 2945 omns
1646 2872 1792 2945 bonum.
1811 2869 1957 2944 Celebris

547 2997 640 3070 fama
661 3017 726 3069 vos
742 2995 862 3068 docuit
879 3006 915 3070 et
931 2997 1074 3070 assertio
1088 2997 1229 3093 publica
1245 2999 1409 3072 instruxit
1424 3005 1597 3092 qautenus
1619 3017 1641 3068 a
1660 2996 1824 3091 preterito
1845 3015 1957 3069 mense

549 3129 698 3216 augusto
715 3121 804 3192 Xlil·
821 3118 1009 3195 indictione
1025 3143 1138 3217 nsque
1154 3122 1202 3195 nd
1216 3122 1306 3198 duos
1320 3145 1430 3198 annos
1446 3122 1648 3219 completos,
1661 3128 1782 3194 autore
1797 3121 1952 3208 Domino,

549 3245 785 3343 disposuimus
809 3245 844 3317 in
870 3267 975 3318 mann
1003 3247 1134 3342 potenti
1156 3257 1191 3322 et
1215 3247 1357 3324 brachio
1378 3256 1518 3322 ostento
1536 3247 1755 3321 transfretare
1772 3243 1820 3317 ad
1845 3243 1955 3317 subsi-

549 3369 648 3446 dium
671 3380 706 3444 et
723 3369 962 3444 liberationem
980 3373 1082 3444 Terre
1105 3371 1229 3446 Sancte
1255 3371 1425 3465 debitam,
1451 3395 1558 3468 quarn
1580 3369 1790 3466 Redemptor
1815 3366 1954 3441 hnmani

548 3496 685 3592 generis
698 3516 762 3567 sua
781 3494 945 3589 dignatus
958 3505 1010 3566 est
1022 3497 1194 3590 presentia
1209 3518 1421 3591 consecrare,
1438 3498 1560 3592 inqua
1578 3494 1781 3568 mirabiliter
1797 3503 1956 3590 operatus

547 3631 601 3692 cst
615 3627 730 3690 nostre
749 3615 871 3690 salutis
886 3639 927 3691 ac
945 3618 1027 3693 fidei
1044 3631 1274 3712 sacramenta3
1294 3643 1374 3694 cnm
1391 3622 1436 3694 sit
1455 3619 1724 3716 ignominiosum
1744 3618 1955 3714 principibus

547 3742 719 3816 universis
739 3753 773 3815 et
790 3742 931 3837 regibus
948 3753 1036 3816 tens
1057 3744 1250 3838 cetedsque
1265 3745 1327 3840 qui
1345 3747 1485 3818 nomine
1501 3745 1685 3818 christiano
1710 3752 1895 3815 censentur
1919 3752 1955 3814 ut

546 3868 699 3962 tamdiu,
719 3888 787 3939 non
808 3868 940 3962 absque
964 3867 1221 3941 christianitatis
1238 3869 1382 3962 injuria,
1407 3871 1574 3966 templum
1592 3867 1728 3940 Domini
1753 3876 1789 3940 et
1804 3877 1954 3941 sanctam

547 3995 722 4069 civitatem
746 3992 938 4087 prophanat
960 3993 1089 4088 impius
1114 4002 1149 4066 et
1172 3995 1297 4066 ancillo
1318 3992 1412 4067 filius
1434 3994 1610 4068 dominam
1635 3973 1793 4088 gentium
1818 3993 1955 4066 liberta·

547 4124 660 4218 tisqua
683 4128 880 4216 patronam,
904 4118 991 4213 proh
1017 4115 1132 4191 dolor!
1156 4120 1223 4191 sub
1241 4119 1355 4192 hostili
1381 4119 1566 4216 tyrannide
1590 4118 1743 4192 detineat
1768 4119 1951 4215 captivam.

547 4249 637 4321 Sane
665 4243 748 4340 quia
781 4242 876 4316 zelus
906 4241 1043 4313 Domini
1075 4265 1138 4314 nos
1166 4243 1308 4339 pungit,
1337 4245 1401 4338 qui
1432 4243 1478 4317 da
1506 4242 1724 4340 plenitudine
1754 4240 1953 4317 divitiarum

546 4392 687 4444 suarum
705 4368 869 4460 majorem
886 4387 949 4462 pro
963 4365 1119 4462 partibus
1136 4367 1260 4440 nostris
1275 4369 1473 4464 accepimus
1490 4370 1695 4465 portionem,
1712 4388 1777 4463 pro
1794 4367 1952 4439 omnibus

546 4517 615 4590 quc
632 4492 789 4565 retribuit
803 4491 903 4563 nobis
919 4492 1006 4587 ipse,
1025 4491 1107 4565 licet
1122 4491 1229 4586 digna
1247 4493 1362 4566 futura
1377 4494 1557 4567 retributio
1572 4515 1640 4566 non
1662 4491 1708 4565 sit
1720 4490 1767 4564 ad
1785 4492 1948 4580 futurum,

545 4641 636 4695 onus
655 4618 748 4691 illins
771 4627 859 4692 terre
878 4615 1033 4689 humeris
1055 4617 1180 4690 nostris
1197 4618 1470 4716 assumpsimus,
1493 4641 1557 4692 nos
1575 4618 1670 4716 ipsos
1690 4617 1727 4689 in
1749 4615 1949 4711 obsequium
