4272 5886
203 600 301 659 lunrcm
321 595 382 674 ld]
651 588 848 652 HISTORIA
875 584 1168 651 pastellatico.
1557 579 1618 641 595

204 731 384 826 sanguinis
408 727 522 801 dictus
549 726 594 798 sit
615 727 836 816 obtrectator,
862 748 930 800 non
955 721 1175 798 excludimus
1200 741 1221 792 a
1246 739 1427 814 responso3
1453 719 1616 792 mirantes

204 856 291 952 quid
310 855 345 926 in
366 851 464 925 illum
481 851 622 924 ultionis
637 861 781 948 expetas
796 873 902 946 quem
918 873 981 947 por
998 850 1167 922 bonorum
1187 844 1454 917 subtractionem
1472 865 1615 916 suorum

202 987 239 1052 et
256 977 478 1051 interdictum
501 997 564 1048 sue
589 975 682 1048 sedis
708 997 884 1049 accessum
910 972 1098 1047 contraius
1120 980 1155 1044 et
1181 968 1314 1041 licitum
1339 969 1391 1040 tui
1417 979 1617 1064 prosecutor

206 1102 338 1176 arbitrii
357 1105 430 1195 jam
454 1099 611 1195 puniisti,
633 1121 722 1194 pena
747 1099 972 1195 preveniente
991 1097 1164 1191 judicium
1180 1101 1215 1166 et
1228 1093 1434 1166 executione
1449 1113 1518 1166 non
1545 1115 1617 1168 ex-

205 1233 363 1320 pectante
389 1222 556 1298 libellum.
586 1223 656 1296 Sed
685 1226 800 1298 forsan
825 1223 964 1318 estqui
992 1222 1086 1295 dicat
1114 1219 1210 1316 quod
1239 1219 1324 1292 dum
1352 1237 1415 1290 sna
1445 1219 1617 1313 placuisse

206 1349 413 1438 creduntur,
444 1349 520 1444 ipse
549 1347 767 1443 displicuisse
792 1347 941 1421 videtur.
965 1346 1225 1419 Cathaniensem
1251 1363 1391 1439 quoque
1415 1343 1617 1438 episcopum

206 1495 276 1547 non
292 1473 460 1547 duximus
478 1471 725 1565 omittendum,
749 1473 850 1566 cujus
864 1470 1104 1568 prodigalitate
1128 1477 1237 1542 totum
1262 1489 1409 1563 regnum
1432 1467 1520 1540 dicis
1543 1489 1619 1542 csse

206 1619 401 1689 corrosum;
423 1597 452 1670 si
471 1605 585 1669 umen
609 1597 645 1668 in
663 1605 770 1670 totum
791 1597 956 1692 processit
975 1595 1142 1686 corrosio,
1168 1593 1262 1666 unde
1286 1601 1337 1665 tot
1355 1592 1417 1664 tibi
1441 1613 1619 1665 remanse-

206 1732 287 1794 runt
304 1721 517 1795 corrodende
544 1721 701 1815 reliquie.
723 1721 813 1793 Huic
833 1720 864 1794 si
886 1741 1018 1793 merces
1034 1719 1227 1808 laboribus,
1254 1717 1282 1789 si
1302 1719 1434 1790 lructus
1455 1717 1616 1807 servitiis,

207 1844 235 1916 si
253 1847 383 1918 meritis
410 1845 580 1941 premium
600 1845 836 1941 responderet,
856 1845 953 1918 aliud
975 1865 1038 1940 pro
1061 1851 1153 1916 certo
1176 1842 1317 1915 deberet
1339 1841 1492 1936 recipere
1512 1862 1619 1937 quam

207 1970 381 2062 solvatur;
405 1991 469 2065 pro
493 1991 564 2064 quo
589 1969 677 2064 qnid
707 1969 807 2043 nobis
834 1969 931 2065 apud
947 1967 1187 2053 Ferentinum,
1205 1965 1294 2060 quid
1314 1965 1473 2038 tratribus
1496 1965 1621 2038 nostris

206 2093 303 2189 apud
330 2095 493 2166 Sanctum
525 2094 733 2166 Germanum
766 2092 1022 2189 magnificentia
1052 2101 1112 2164 tna
1142 2089 1337 2187 promiserit
1371 2111 1441 2163 non
1466 2091 1617 2184 ignoras.

206 2217 340 2291 Deinde
354 2217 626 2314 Cephaludensis
644 2218 810 2314 episcopi,
821 2228 939 2292 contra
951 2237 1055 2311 quem
1069 2215 1273 2308 sanguinem
1289 2215 1481 2287 occisorum
1496 2215 1621 2288 asseris

206 2342 253 2415 ad
272 2364 335 2415 nos
349 2343 394 2415 de
409 2351 496 2415 terra
511 2345 672 2434 clamare,
688 2365 752 2416 nec
763 2345 835 2417 vita
847 2365 911 2417 nec
927 2342 1086 2438 spoliatio
1100 2342 1167 2413 sub
1179 2341 1274 2413 nube
1285 2341 1425 2436 tegitur,
1435 2349 1475 2412 ut
1487 2339 1533 2414 de
1544 2341 1620 2437 ipso

206 2473 284 2560 post
300 2466 524 2538 restitutionis
542 2465 699 2540 debitum
712 2467 844 2559 justitie
865 2467 1025 2556 satisfiat3
1047 2488 1112 2540 noc
1127 2487 1309 2539 movemur
1324 2464 1371 2561 (α)
1389 2465 1418 2536 si
1436 2487 1542 2561 super
1555 2466 1622 2539 hoc

207 2587 253 2662 ad
269 2591 428 2662 lacrimas
442 2598 477 2662 et
490 2590 649 2684 querelas
664 2600 801 2664 tuorum
819 2590 976 2665 fidelium
990 2593 1077 2665 sorte
1092 2591 1182 2664 sicut
1197 2591 1321 2664 asseris
1336 2591 1518 2682 movearis,
1536 2590 1622 2663 dum

207 2715 313 2788 modo
331 2715 368 2786 in
385 2714 483 2786 illum
497 2715 558 2810 qui
575 2737 639 2788 suo
654 2715 795 2788 domino
811 2725 878 2789 stat
891 2727 952 2790 aut
965 2716 1061 2790 cadit
1072 2717 1281 2813 processeris
1295 2713 1343 2812 (b)
1356 2715 1403 2788 ad
1415 2715 1619 2810 vindictam,

208 2840 359 2935 primum
386 2839 433 2912 ad
461 2849 612 2912 castrum
639 2841 784 2914 ecclesie
812 2849 846 2912 et
867 2842 958 2914 bona
981 2843 1058 2934 ejus
1080 2863 1186 2914 manu
1218 2840 1455 2936 occupationis
1482 2850 1622 2914 extenta

208 2985 314 3057 quam
336 2964 513 3058 querelam
541 2965 661 3037 relatio
684 2967 778 3059 justa
805 2967 969 3061 perterret
985 2965 1032 3038 ad
1059 2987 1207 3038 examen
1223 2964 1353 3056 judicis
1380 2966 1619 3061 competentis.

208 3087 423 3183 Quapmpter
440 3110 509 3160 non
525 3087 653 3161 inieras
671 3096 710 3159 ut
723 3087 821 3183 apud
837 3111 900 3161 nos
919 3089 977 3160 ille
993 3088 1131 3180 meruit,
1145 3089 1241 3162 unde
1257 3088 1353 3184 apud
1364 3098 1397 3162 te
1411 3090 1624 3163 demeruisse

209 3211 360 3284 videtur.
377 3212 445 3285 Sed
459 3222 655 3286 tamennon
669 3211 914 3307 ignorasquod
929 3212 957 3284 si
974 3234 1036 3308 pro
1047 3211 1181 3306 justitia
1196 3213 1341 3309 spoliate
1354 3215 1447 3287 stetit
1462 3215 1619 3304 ecclesie,

208 3335 289 3407 licet
305 3335 401 3431 apud
419 3346 453 3409 te
471 3337 682 3410 demeruisse
699 3337 872 3429 credatur,
893 3338 987 3433 apud
1006 3359 1068 3410 nos
1091 3339 1154 3434 qui
1174 3361 1295 3410 sumus
1315 3347 1349 3410 et
1366 3359 1442 3410 esse
1466 3348 1622 3410 tenemur

205 3459 345 3550 justicio
360 3462 536 3554 zelatores,
554 3461 619 3533 sibi
643 3461 803 3533 moritum
817 3462 1042 3558 comparavit.
1063 3462 1216 3535 Tandem
1238 3462 1414 3534 concussis
1429 3463 1624 3558 columpnis

209 3583 378 3677 Ecclesia,
398 3587 538 3680 prelatis
556 3585 734 3677 videlicet,
752 3586 923 3659 interioris
945 3587 1075 3681 gradm
1094 3596 1128 3660 et
1148 3586 1281 3661 ordinis
1299 3588 1441 3662 clericos
1458 3587 1551 3681 rigor
1572 3586 1624 3659 tui

209 3709 421 3803 gravaminis
439 3711 573 3800 atterit,
593 3719 627 3782 et
645 3712 746 3806 quasi
766 3711 911 3784 aliorum
943 3712 1030 3783 velis
1058 3713 1217 3806 supplere
1239 3711 1429 3803 delectum,
1448 3711 1624 3808 protendis

210 3833 456 3927 negligentiam
475 3835 702 3929 prelatorum,
725 3835 806 3908 licet
820 3835 1008 3930 superioris
1026 3832 1120 3907 sedis
1137 3857 1206 3909 non
1225 3835 1316 3908 desit
1332 3837 1536 3929 auctoritas,
1554 3859 1624 3932 qne

210 3957 354 4032 crimina
376 3957 534 4052 diligenti
559 3959 756 4033 examinata
776 3959 910 4052 judicio
933 3968 968 4032 et
987 3959 1145 4052 judiciali
1172 3961 1335 4033 examine
1361 3961 1499 4056 cognita
1530 3970 1623 4034 lanu

210 4103 356 4156 censura
381 4085 536 4180 percellit
552 4084 648 4180 quod
670 4106 760 4181 pene
780 4085 923 4159 inflictio
947 4087 1050 4182 culpe
1072 4085 1246 4160 interdicit
1267 4087 1467 4182 exemplum
1484 4095 1519 4160 et
1541 4087 1622 4159 vin·

211 4206 303 4279 dicte
320 4208 488 4281 severitas
503 4229 579 4281 esse
593 4210 716 4305 poterit
732 4210 810 4282 aliis
826 4211 924 4281 limes
938 4209 1080 4282 offense.
1099 4210 1189 4295 Quia
1200 4231 1284 4282 vero
1299 4211 1362 4282 Dei
1381 4209 1502 4283 deesse
1518 4231 1623 4283 cause

211 4351 280 4403 non
297 4353 482 4427 possumus
499 4355 564 4406 nec
586 4334 767 4426 debenum,
794 4356 898 4429 super
913 4334 1076 4407 omnibus
1098 4334 1172 4406 istis
1195 4343 1229 4407 et
1246 4333 1321 4407 aliis
1344 4334 1623 4427 contingentibus

210 4456 476 4530 ecclesiasticam
492 4457 697 4552 libertatem,
718 4460 770 4530 sic
788 4457 907 4531 divina
924 4459 1054 4536 suffulti
1071 4460 1220 4554 potentia
1239 4460 1395 4532 debitum
1415 4459 1523 4532 nostri
1542 4481 1623 4556 pro·

250 4615 292 4694 (a)
314 4618 350 4678 In
362 4615 471 4680 Codice
482 4627 578 4697 toto,
589 4635 650 4679 oon
663 4619 829 4697 ardumum·
840 4619 891 4681 scd
904 4621 1003 4681 minus
1018 4627 1108 4682 recte.

254 4717 295 4799 (t)
316 4721 352 4782 In
364 4720 470 4784 codice
486 4731 584 4799 tote,
599 4741 659 4785 non
667 4725 838 4806 praemere
849 4745 860 4784 :
872 4726 954 4786 locus
967 4727 1100 4802 mutilus,
1114 4731 1150 4787 ut
1159 4731 1260 4788 monet
1272 4727 1316 4788 Lu
1328 4727 1417 4790 Portc
1431 4729 1473 4789 du
1487 4727 1583 4790 Theil.
