4436 5870
270 537 376 597 lenter.
393 532 439 610 9.]
727 522 925 586 llts'toltllt
952 522 1246 585 nrrtotlarlclt.
1653 521 1694 586 29

279 667 515 742 intelleximus
531 663 670 736 auferre
686 661 743 734 vel
758 659 953 734 diminuere
962 659 1042 750 jnra
1055 657 1283 732 Bononiensis
1299 659 1465 751 ecclesie3
1477 681 1543 736 uec
1558 660 1694 734 obstare

279 794 443 866 volumus
461 787 681 885 priuilegium
700 807 721 856 a
739 783 958 856 serenissimo
975 803 1042 857 avo
1060 792 1177 856 nostm
1194 782 1367 858 Friderico
1383 783 1609 858 invictissimo
1627 784 1693 858 Bc-

279 935 462 990 manorum
485 911 691 1006 imperatore
714 906 914 980 civitatibus
931 905 1104 980 societatis
1124 905 1329 982 lombardie
1350 908 1447 1003 apud
1462 907 1692 981 Constantiam

278 1059 499 1126 concessum,
519 1033 701 1110 ameliam
720 1039 846 1104 statuta
862 1029 1057 1104 communis
1070 1030 1223 1102 Bououie
1237 1029 1375 1104 obstare
1391 1031 1552 1105 volomus
1567 1052 1693 1126 supra·

279 1163 394 1236 dictis.
416 1157 647 1234 Concedimns
668 1155 832 1250 episcopo
852 1162 888 1226 et
903 1153 1047 1226 ecclesie
1062 1153 1269 1226 Bononiensi
1289 1163 1425 1250 portum
1438 1154 1627 1230 lavemtici
1642 1151 1691 1249 (a)

278 1310 359 1360 cum
384 1283 602 1383 portonatico
625 1289 659 1354 et
682 1279 851 1353 decursus
875 1298 1044 1373 aquarum
1066 1286 1103 1352 et
1123 1277 1242 1350 alveos
1263 1277 1444 1351 fluminum
1470 1281 1507 1352 iu
1531 1279 1693 1352 omuibus

278 1411 364 1484 locis
393 1419 429 1482 et
454 1407 554 1483 terris
579 1405 766 1503 predictis,
786 1401 978 1499 specialiter
1004 1402 1136 1496 regalia
1156 1411 1191 1474 et
1212 1402 1377 1476 armoriae
1397 1425 1467 1498 qno
1488 1412 1631 1498 atquae
1655 1403 1690 1476 iu

278 1535 428 1608 matellis
442 1542 478 1605 et
494 1531 578 1605 locis
590 1529 665 1604 suis
681 1538 715 1602 el
727 1527 764 1599 iu
781 1547 901 1602 eorum
920 1526 1134 1622 pertiuentiis
1147 1525 1264 1616 hahet,
1284 1535 1319 1600 et
1331 1537 1370 1598 ut
1386 1528 1487 1602 liceat
1501 1528 1534 1600 ei
1550 1529 1692 1623 suisque

279 1656 536 1732 successorihus
555 1673 679 1728 causas
699 1651 922 1726 Bononiensis
943 1651 1088 1724 ecclesie
1108 1671 1228 1724 omnes
1247 1672 1310 1746 per
1330 1650 1512 1748 syndicum
1529 1673 1692 1758 peragere

281 1803 350 1854 uon
372 1779 515 1875 prestito
534 1780 731 1870 juramento
747 1775 918 1848 calumnie
939 1773 1078 1869 abipso
1095 1775 1271 1870 episcopo,
1291 1775 1337 1849 ita
1357 1775 1454 1869 quod
1472 1776 1560 1848 alins
1575 1787 1691 1850 contra

279 1925 360 1978 eum
384 1902 450 1977 hoc
470 1903 550 1995 jure
572 1903 623 1976 uti
644 1922 715 1973 nou
733 1900 841 1996 possit
858 1921 923 1972 uec
943 1897 1162 1973 adversarius
1181 1899 1275 1971 nulla
1296 1900 1374 1992 lage
1395 1900 1565 1972 obstante.
1585 1898 1692 1992 Adji-

278 2029 408 2102 cieutes
436 2029 540 2100 eliam
567 2023 790 2098 concedimus
815 2032 933 2096 sancte
957 2021 1163 2097 Bononiensi
1187 2023 1331 2095 ecclesie
1357 2032 1395 2096 ut
1422 2024 1517 2096 nulla
1540 2024 1691 2119 preteriti

280 2151 443 2245 temporis
473 2148 676 2245 prescriptio
699 2147 745 2219 ab
773 2145 840 2220 lucc
864 2156 979 2220 nostre
1000 2146 1230 2221 concessionis
1255 2145 1394 2220 decreto
1415 2147 1530 2222 eidem
1548 2149 1691 2222 ecclesie

278 2273 383 2366 objici
403 2272 512 2369 possit
536 2271 603 2347 nisi
621 2280 759 2344 centum
777 2291 964 2362 annorum,
982 2278 1018 2344 et
1035 2269 1201 2365 deinceps
1217 2272 1471 2366 possessiones,
1488 2273 1641 2346 actiones
1656 2284 1692 2347 et

276 2398 355 2490 jura
373 2419 437 2471 seu
450 2397 709 2490 iurisdictiones
725 2396 883 2489 aJ'usdem
905 2395 1050 2468 ecclesie
1065 2416 1135 2468 uou
1151 2396 1218 2468 nisi
1236 2396 1348 2492 spatio
1364 2405 1504 2468 centum
1521 2419 1690 2472 annorum

280 2521 551 2617 prescrilsautur,
571 2530 606 2596 et
620 2520 850 2594 ecclesiastice
867 2539 1014 2615 persone
1033 2527 1069 2592 et
1091 2520 1233 2594 ecclesie
1255 2520 1408 2593 Bononio
1426 2519 1573 2594 diocesis
1590 2524 1690 2616 plena

280 2643 457 2740 gaudeant
474 2655 579 2740 atque
594 2647 753 2718 lruautur
767 2643 922 2716 libertate
936 2653 970 2717 et
987 2663 1086 2740 paca,
1103 2644 1158 2716 vel
1176 2653 1214 2716 ut
1227 2665 1291 2716 nec
1303 2642 1350 2719 ad
1367 2644 1526 2738 augariae
1541 2646 1596 2718 vel
1612 2665 1689 2740 per·

279 2771 440 2863 augariae
462 2770 518 2843 vel
535 2768 622 2842 alias
642 2789 764 2864 operas
787 2767 850 2841 scd
876 2788 940 2840 uec
963 2767 1010 2841 ad
1027 2767 1204 2840 collectam
1225 2768 1283 2840 vel
1303 2767 1520 2841 exactionem
1536 2768 1688 2864 aliquam

278 2895 405 2987 quovis
432 2894 571 2968 nomine
601 2903 804 2968 censeantur
829 2913 894 2966 nec
918 2914 980 2988 per
1010 2892 1162 2986 aliquem
1188 2902 1343 2966 noenum
1376 2893 1521 2966 missum
1542 2894 1689 2970 aliamve

280 3017 443 3108 majorem
473 3017 528 3090 vel
558 3017 725 3090 minorem
752 3016 906 3090 laicalem
931 3037 1114 3113 personam
1141 3037 1206 3090 eeu
1234 3037 1295 3112 per
1324 3037 1506 3091 commune
1538 3020 1690 3094 Bononio

279 3140 527 3234 compellantur
542 3162 664 3214 curare
680 3140 727 3214 ad
740 3141 846 3213 breve
865 3140 1058 3214 communis
1073 3141 1228 3214 Bononia
1239 3142 1296 3214 vel
1309 3141 1561 3235 aequimeutum
1579 3151 1691 3238 potes·

280 3262 359 3334 tatis
371 3272 434 3335 aut
449 3263 485 3335 in
501 3265 711 3337 cavalcalam
727 3266 783 3338 vel
803 3265 993 3338 exercitum
1007 3265 1077 3356 ire,
1097 3285 1178 3336 cum
1196 3273 1352 3360 oporteat
1368 3285 1428 3338 eae
1444 3266 1534 3339 circa
1550 3267 1691 3342 servitia

280 3385 499 3460 dominorum
522 3407 664 3460 snorum
690 3386 880 3487 intendere.
905 3388 1096 3461 Statuimns
1115 3389 1259 3484 iusuper
1276 3388 1372 3483 quod
1395 3389 1559 3463 secularis
1577 3392 1689 3483 judex

280 3507 325 3582 de
341 3511 496 3584 ecclesiis
511 3521 546 3584 el
565 3511 698 3586 clericis
714 3521 750 3584 et
768 3511 1007 3586 ecclesiasticis
1022 3511 1179 3608 personis
1194 3511 1348 3608 predicte
1365 3511 1513 3586 diocesis
1530 3536 1572 3588 ac
1585 3516 1690 3590 robus

278 3653 398 3706 eorum
415 3634 575 3727 judicare
592 3638 649 3709 vel
668 3635 852 3732 disponere
870 3659 937 3710 uon
957 3645 1132 3733 presumat
1148 3636 1296 3710 civiliter
1309 3639 1363 3710 vel
1375 3637 1608 3730 criminaliter,
1623 3641 1689 3713 nisi

278 3765 451 3850 quatenns
469 3779 618 3834 canones
639 3761 727 3842 sacri
745 3763 957 3856 permittunt.
977 3763 1133 3836 Preterea
1155 3762 1337 3858 privilegia
1352 3771 1388 3836 et
1404 3765 1642 3838 concessiones
1656 3777 1691 3840 et

278 3879 523 3976 quodcumque
552 3893 784 3959 autecoeeores
822 3887 928 3958 nocui
956 3906 1055 3980 reges
1083 3886 1159 3960 eive
1186 3887 1417 3960 Romanorum
1449 3887 1685 3983 imperatores,

278 4003 381 4076 etiam
402 4005 530 4078 summi
553 4006 732 4101 pontifices
758 4031 821 4082 seu
847 4009 915 4082 alia
935 4009 1166 4082 ecclesiastica
1187 4011 1244 4082 val
1268 4011 1432 4096 secularis
1457 4032 1604 4105 persona
1625 4035 1688 4086 seu

278 4135 444 4200 terrarum
463 4131 660 4202 communia
683 4133 814 4227 prefate
838 4133 1042 4206 Bononiensi
1062 4133 1206 4206 ecclesie
1228 4135 1373 4226 ejusque
1387 4135 1582 4230 presulibus
1598 4139 1687 4232 [per]

278 4249 511 4345 donatiouem,
523 4254 776 4348 venditionem,
788 4255 1044 4330 concessionem
1053 4266 1115 4330 unt
1128 4257 1197 4330 alio
1208 4256 1334 4351 quovis
1344 4257 1442 4330 titulo
1455 4259 1685 4353 coutulerunt,

278 4373 447 4470 imperiali
468 4379 723 4472 magnificentia
744 4379 988 4454 confirmamus
1007 4389 1043 4454 et
1060 4379 1232 4476 privilegii
1250 4381 1357 4454 nostri
1376 4384 1576 4458 auctoritate
1590 4406 1689 4460 com-

320 4640 360 4720 (α)
383 4642 473 4721 Apud
485 4643 597 4708 &violi
611 4645 769 4708 dialectici.
