4436 5870
304 540 404 602 nem,
418 536 462 615 n]
752 527 946 589 nrsronru
968 527 1264 591 nrruounrrcn

298 1113 299 1116 ‘
359 1107 589 1214 Fridericus‚
610 1107 869 1189 Romanorum
889 1106 1113 1216 imperator,
1133 1104 1336 1216 Ugolinum
1367 1103 1560 1186 Albizonis
1584 1113 1622 1184 et
1642 1127 1714 1182 ne-
1735 1109 1913 1218 magnas

304 1249 412 1350 potes
425 1239 507 1350 ejus
522 1239 726 1354 Ugolinum
739 1249 777 1322 et
790 1239 1011 1323 Albizonem
1029 1239 1164 1322 fratres
1179 1241 1227 1322 de
1243 1237 1408 1349 Mugello
1425 1236 1489 1348 (ex
1506 1235 1717 1318 Ubaldino-
1742 1218 1907 1260 ’ΜΝ

307 1400 395 1456 rum
413 1371 545 1485 gente)
560 1375 599 1456 in
614 1399 725 1456 suem
737 1373 1008 1482 protectionem
1024 1371 1181 1481 suscipit
1195 1397 1284 1455 cum
1297 1370 1408 1454 bonis
1425 1395 1556 1452 eomm
1580 1367 1714 1452 omni-

310 1507 383 1590 bus
409 1534 507 1616 quse
528 1507 670 1590 ibidem
696 1517 962 1613 recensentur,
992 1507 1190 1616 multaque
1215 1515 1253 1588 et
1280 1505 1408 1614 ampla
1440 1503 1495 1586 eis
1521 1501 1718 1612 privilegia

308 1641 498 1747 concedit,
519 1640 659 1723 scilicet
673 1640 723 1723 de
739 1640 850 1724 fodro
872 1640 1078 1749 imperiali,
1101 1638 1245 1749 dejure
1262 1635 1504 1742 aedificandi,
1523 1637 1571 1718 de
1589 1634 1716 1745 juris-

308 1771 472 1856 dictione
488 1773 589 1856 civili
602 1783 639 1856 et
651 1773 855 1878 criminali,
875 1783 946 1856 eto.

391 1995 527 2076 (Edlder.
546 1998 624 2058 Eue.
644 1997 837 2076 Gaurana,
851 1995 963 2058 Hom.
976 1994 1122 2080 pencotop.
1143 1997 1236 2069 Troe,
1251 2003 1322 2058 tom.
1337 1997 1390 2072 lV,
1405 2013 1436 2074 p.
1451 2005 1497 2056 60.
1512 2026 1551 2039 -
1565 1995 1719 2064 Moenus,

428 2103 502 2164 Hirt.
523 2104 616 2184 pontis
639 2099 785 2175 chaun..
803 2123 831 2182 p.
850 2113 887 2164 52
908 2111 938 2166 et
959 2113 1027 2165 128.
1044 2137 1083 2149 -
1102 2105 1200 2180 Lm,
1221 2103 1353 2164 Monam.
1374 2100 1467 2163 ocos.
1487 2100 1628 2173 Floreat,
1648 2109 1672 2162 t.
1689 2102 1720 2171 Ι,

429 2226 460 2288 p.
475 2208 566 2287 tao.)

360 2405 398 2476 ln
417 2405 555 2477 nomine
573 2417 691 2480 sancte
715 2416 750 2478 et
763 2406 947 2480 individue
968 2406 1155 2478 Trinitatis.
1184 2405 1379 2478 Fridericus
1402 2403 1577 2477 secundus
1601 2403 1721 2477 divina

313 2527 449 2601 lavente
468 2529 650 2602 clementia
662 2532 894 2604 Romanorum
911 2531 1108 2627 imperator,
1133 2550 1268 2626 semper
1288 2539 1477 2622 augustus,
1495 2529 1542 2622 [et
1558 2549 1622 2600 rex
1635 2529 1720 2600 Sici·

312 2651 383 2745 lie].
406 2654 624 2748 Imperatorie
637 2654 860 2748 benignitatis
874 2654 1053 2726 clementia
1072 2653 1199 2727 devota
1222 2653 1374 2726 fidelium
1391 2651 1532 2725 snorum
1554 2653 1718 2745 obsequio

312 2775 459 2850 discreta
487 2779 791 2874 circumspectione
811 2778 988 2851 attendere
1005 2779 1206 2869 consuevit,
1229 2779 1382 2872 ipsisque
1414 2799 1475 2872 pro
1500 2777 1719 2849 benemeritis

313 2897 420 2993 digna
437 2901 672 2975 munificentie
689 2925 752 2975 sue
768 2901 937 2976 beneficia
954 2903 1139 2974 liberaliter
1158 2902 1335 2998 impertiri.
1359 2903 1575 2997 Quapropter
1599 2911 1718 2973 notum

314 3023 458 3096 facimus
483 3027 654 3099 universis
676 3027 811 3123 imperii
835 3027 943 3098 nostri
969 3025 1131 3122 fidelibus
1155 3028 1424 3122 presentibuset
1447 3026 1603 3098 venturis
1624 3024 1719 3118 quod

315 3167 377 3218 uos
391 3146 437 3220 ad
458 3148 680 3222 imitationem
699 3149 844 3244 preclari
863 3151 1087 3222 antecessoris
1107 3151 1212 3222 nostri
1233 3149 1370 3221 Henrici
1389 3149 1479 3220 sexti
1497 3159 1581 3220 tunc
1596 3149 1719 3220 Roma·

315 3291 437 3342 norum
452 3272 555 3364 regis,
573 3273 699 3344 intuitu
726 3273 858 3346 sincere
886 3273 1060 3347 fidelitatis
1073 3283 1108 3346 et
1121 3273 1365 3368 obsequiorum
1384 3296 1453 3367 que
1473 3271 1592 3346 fideles
1612 3273 1719 3345 nostri

315 3395 484 3488 Ugulinus
498 3396 673 3470 Albizonis
691 3408 726 3470 et
740 3407 882 3494 nepotes
899 3401 975 3493 ejus
990 3399 1159 3492 Ugulinus
1179 3409 1214 3470 et
1232 3398 1351 3471 Albizo
1374 3399 1494 3471 tratres
1512 3398 1557 3471 de
1572 3398 1719 3492 Magallo

316 3518 459 3613 imperio
475 3527 510 3591 et
523 3520 623 3593 nobis
641 3521 766 3595 devote
783 3523 1028 3615 exhibuerunt,
1049 3523 1142 3617 ipsos
1158 3531 1326 3596 eteorum
1351 3523 1496 3596 heredes
1519 3545 1597 3595 cum
1620 3523 1722 3595 bonis

314 3642 388 3714 suis
411 3641 620 3738 ubicumque
647 3643 723 3716 sitis
747 3646 932 3718 mobilibus
953 3657 988 3721 et
1011 3647 1245 3720 immobilibus
1267 3648 1304 3719 in
1328 3648 1507 3743 specialem
1535 3649 1722 3741 majestatis

317 3775 429 3838 nostre
442 3767 686 3862 protectionem
699 3770 887 3866 recipimus
899 3793 941 3843 ac
955 3771 1187 3845 defensionem
1203 3773 1431 3869 promittimus
1443 3772 1605 3844 omnibus
1621 3771 1722 3843 bonis

315 3910 384 3983 que
398 3912 492 3963 nuno
504 3891 632 3964 babent
643 3894 699 3964 vel
713 3893 749 3965 in
760 3905 945 3989 posterum,
955 3896 1165 3970 concedente
1175 3898 1258 3986 Deo,
1277 3895 1610 3991 poteruntobtinere.
1625 3895 1719 3968 Bona

316 4024 428 4086 autem
455 4014 530 4108 ipsa
554 4015 600 4088 ad
626 4019 789 4112 majorem
815 4020 959 4092 lecimus
983 4022 1152 4094 cautelam
1175 4022 1323 4117 propriis
1347 4021 1421 4092 suis
1442 4019 1620 4092 vocabulis
1642 4041 1720 4116 pre-

316 4136 402 4208 senti
416 4137 598 4232 privilegio
611 4142 789 4215 annotari:
810 4143 967 4238 inprimis
982 4154 1144 4236 castrum,
1157 4145 1302 4232 curiam,
1318 4141 1500 4216 alloderios
1514 4143 1639 4214 montis
1654 4141 1722 4214 Ac·

317 4259 478 4350 cianicbi,
490 4272 652 4350 castrum,
668 4265 813 4356 curiam,
829 4265 1011 4340 alloderios
1021 4270 1105 4360 Pila,
1117 4270 1247 4356 villam,
1264 4268 1408 4356 curiam,
1423 4265 1615 4340 districtum
1629 4267 1720 4338 Puli-

316 4385 427 4475 canti,
443 4395 611 4476 castrum,
632 4389 776 4476 curiam,
797 4389 979 4465 alloderios
1003 4393 1156 4483 Olivele,
1173 4402 1209 4466 et
1228 4391 1397 4488 quicquid
1421 4392 1486 4487 ipsi
1511 4389 1639 4464 babent
1664 4391 1721 4462 vel

317 4527 434 4578 eornm
449 4517 681 4585 antecessores
692 4515 786 4606 juste
800 4515 996 4588 babuerunt
1013 4527 1047 4588 et
1065 4527 1247 4590 tenuerunt
1265 4517 1300 4588 in
1315 4526 1426 4624 castrp
1441 4525 1475 4589 et
1492 4517 1588 4588 curia
1604 4516 1719 4589 Sancti

317 4629 420 4701 Crisci
435 4633 480 4706 de
493 4634 642 4709 Valcava
655 4637 700 4710 de
713 4639 874 4734 lllugello,
893 4650 928 4714 et
944 4640 1111 4735 quiequid
1132 4641 1198 4736 ipsi
1212 4641 1341 4716 hahent
1357 4640 1394 4713 in
1408 4621 1491 4716 uilla
1503 4640 1548 4713 de
1562 4640 1718 4728 llabatta,

418 4757 455 4816 ΙΙ.
1548 4775 1566 4826 ὃ
