4436 5870
1025 571 1238 636 inibantur
1264 575 1438 638 SECUNDl
1753 578 1833 658 [durs.
1853 581 1935 644 ineo.

748 847 934 857 ..---·-----—.--
944 851 1037 858 ........

1043 853 1725 870 ——w——m—-m

351 1181 356 1190 ,
402 1137 442 1222 up
484 1209 491 1232 ν
583 1111 695 1223 lingo
707 1111 892 1197 Ostiensis
905 1121 943 1195 et
954 1112 1195 1199 Velletreusis
1209 1117 1407 1227 episcopus
1415 1117 1456 1199 in
1464 1117 1652 1228 presentie
1661 1117 1936 1224 Friderici,llo·

365 1245 394 1276 ¹¹⁰
490 1263 496 1278 ·
530 1271 734 1329 manorum
747 1247 1003 1356 imperatoris,
1021 1258 1244 1357 potestatem
1263 1260 1301 1332 et
1317 1250 1519 1334 consilium
1536 1251 1694 1335 Parmae
1715 1274 1937 1334 excommu-

530 1381 631 1463 nicat
648 1390 686 1463 et
702 1389 842 1465 terrum
864 1381 1043 1492 supponit
1064 1383 1282 1490 interdicto,
1298 1409 1369 1494 pro
1391 1384 1602 1494 ignominia
1623 1409 1647 1466 a
1667 1383 1935 1482 communitate

529 1515 723 1598 Parmensi
747 1515 787 1596 in
812 1541 927 1598 suum
952 1515 1171 1625 episcopum
1197 1515 1323 1622 illata,
1347 1542 1466 1628 quam
1488 1517 1713 1600 sententiam
1735 1516 1937 1626 imperator

528 1657 651 1730 ratam
674 1646 820 1730 habens
852 1673 942 1731 cum
969 1647 1128 1733 consilio
1153 1649 1368 1759 principum
1396 1649 1544 1759 imperii
1569 1675 1636 1734 ore
1656 1648 1809 1759 proprio
1835 1672 1934 1732 oon-

529 1780 670 1864 firmet.

610 1993 702 2074 (ΕΜ
717 1995 818 2069 Asso,
832 1993 932 2055 sinu
944 1992 977 2054 dt
989 1995 1114 2070 Parrus,
1130 2001 1203 2057 tom.
1219 1996 1280 2068 111,
1294 1995 1420 2073 nppcrrd.
1432 1995 1545 2070 n·xL,
1559 2013 1588 2074 p
1603 2002 1753 2068 att-aas,
1767 2009 1807 2055 ex
1821 1991 1932 2055 nrcblr.

648 2103 782 2163 munnio.
796 2101 913 2164 mtbod.
929 2101 1044 2177 Psrm,
1058 2111 1092 2163 n·
1106 2111 1164 2164 ees
1175 2101 1294 2184 origin.)

576 2290 614 2360 lu
634 2287 772 2361 nomine
789 2288 939 2360 Domini.
960 2284 1088 2386 [Anno]
1108 2289 1288 2364 millesimo
1307 2289 1438 2378 CCXX,
1461 2289 1520 2362 Vll
1544 2286 1709 2362 kalendas
1729 2285 1931 2375 decembris,

527 2412 713 2487 indictione
735 2421 869 2486 octava.
897 2413 1067 2486 Omnibus
1093 2413 1183 2486 bano
1207 2414 1411 2509 scripturam
1437 2411 1638 2486 videntibus
1660 2420 1696 2483 et
1715 2409 1934 2483 audientibus

526 2537 652 2610 clareat
674 2537 853 2610 manifeste
874 2536 971 2630 qnod
990 2536 1065 2632 Ugo
1086 2536 1207 2610 diviua
1225 2537 1336 2630 gratia
1355 2536 1543 2610 Hostiensis
1561 2543 1597 2606 et
1620 2533 1840 2608 velletrensis
1863 2532 1934 2628 epi·

526 2683 654 2758 scopus
667 2661 870 2734 auctoritate
881 2660 1012 2734 domiui
1029 2682 1117 2757 pepe
1131 2661 1349 2733 denuntiavit
1361 2668 1561 2757 potestatem
1576 2667 1611 2732 et
1623 2658 1804 2732 consilium
1817 2659 1934 2731 Penne

526 2785 842 2859 excommunicatos
866 2794 902 2857 et
930 2795 1053 2858 terram
1079 2785 1291 2880 suppositam
1316 2785 1498 2858 interdicto
1522 2804 1637 2855 coram
1659 2782 1800 2856 domino
1828 2780 1933 2854 Fedc·

527 2910 599 2981 rioo
622 2908 741 2981 divina
762 2910 870 3003 gratia
888 2911 1117 2982 Romanorum
1137 2911 1342 3006 imperatore
1364 2919 1399 2983 et
1422 2931 1557 3004 semper
1577 2916 1725 3002 augusto
1747 2915 1783 2981 et
1805 2905 1933 3002 princi-

525 3032 629 3128 pibus
657 3032 792 3128 imperii
815 3042 850 3106 at
871 3033 1043 3124 exercitu,
1067 3043 1102 3106 et
1124 3034 1376 3130 postulavimus
1395 3035 1441 3107 ab
1463 3031 1586 3106 codem
1608 3033 1814 3125 imperatore
1841 3039 1935 3102 utet

525 3157 600 3252 ipse
616 3155 795 3228 bracbinm
810 3165 996 3251 apponeret
1009 3156 1161 3230 seculare
1179 3164 1214 3229 ct
1232 3157 1442 3253 imperialem
1461 3157 1647 3254 potentiam
1670 3177 1776 3251 super
1789 3172 1932 3228 excessu

526 3289 560 3351 et
580 3279 767 3374 ignominia
788 3279 881 3352 illata
903 3302 924 3352 a
946 3280 1189 3353 communitate
1213 3280 1387 3354 Parmensi
1408 3292 1525 3354 contra
1551 3301 1655 3354 suurn
1675 3279 1875 3375 episcopum
1900 3285 1935 3350 et

526 3405 668 3476 clerum.
690 3402 758 3489 Qui
783 3424 867 3477 vem
885 3402 1047 3477 dominus
1070 3403 1264 3498 imperator,
1284 3403 1457 3498 requisitis
1475 3403 1670 3500 principum
1693 3401 1828 3498 imperii
1849 3419 1934 3474 oon·

526 3527 603 3600 silio
617 3536 652 3600 et
665 3549 821 3617 assensu,
837 3528 992 3600 bannum
1009 3536 1044 3599 et
1064 3527 1266 3601 sententiam
1283 3536 1401 3600 contra
1413 3526 1524 3600 didos
1541 3527 1778 3600 Parmensesa
1795 3523 1933 3598 domino

526 3651 677 3747 Spirensi
693 3651 829 3746 imperii
844 3650 1046 3723 cancellario
1062 3660 1170 3724 ratam
1185 3650 1329 3741 babens,
1349 3650 1501 3746 ipsorum
1515 3649 1718 3722 senteutiam
1732 3657 1767 3721 et
1781 3649 1933 3721 bannum

526 3796 586 3849 ore
611 3773 767 3870 proprio,
788 3773 1003 3870 presentibus
1019 3775 1233 3870 principibus
1254 3798 1357 3848 suum
1373 3774 1538 3848 dentibus
1553 3773 1735 3848 consilium
1758 3781 1792 3846 et
1813 3792 1933 3845 assen-

526 3921 618 3988 sum,
638 3897 807 3994 imperiali
823 3899 1024 3971 auctoritate
1038 3896 1199 3970 firmavit.
1221 3895 1395 3994 Principes
1410 3898 1494 3972 'vero
1515 3899 1649 3995 imperii
1663 3897 1709 3970 ab
1730 3897 1934 3992 imperatore

525 4045 629 4118 super
651 4023 718 4094 hoo
740 4021 895 4116 requisiti
915 4031 950 4095 ct
967 4022 1034 4094 sibi
1052 4043 1156 4117 super
1177 4021 1243 4094 hoc
1266 4021 1387 4094 dantes
1407 4022 1589 4095 consilium
1608 4031 1643 4094 et
1660 4040 1841 4094 assensum
1859 4020 1932 4091 rue·

526 4156 606 4219 runt
633 4145 825 4242 patriarcha
855 4145 1102 4240 Aquileiensis,
1129 4146 1373 4236 cancellarius,
1406 4146 1600 4241 prepositus
1629 4163 1784 4234 cnmsre,
1814 4141 1933 4213 maris·

529 4418 543 4451 s
555 4399 631 4456 bibiti
651 4399 725 4456 luere
737 4399 852 4455 lacobus
863 4399 1042 4470 tununensis,
1058 4397 1189 4456 Henricus
1203 4399 1386 4471 Bononiensis,
1401 4401 1484 4475 Opim
1496 4399 1644 4458 Panueusis
1657 4404 1686 4457 et
1697 4399 1852 4458 Hainardus
1865 4399 1933 4456 imo

529 4515 542 4548 s
554 4495 634 4552 tensis
642 4494 771 4569 episcopi,
781 4493 932 4552 Everardus
942 4495 976 4552 de
984 4495 1072 4566 Luna,
1082 4495 1250 4553 dermannus
1262 4495 1296 4554 ds
1307 4496 1415 4566 Cutem
1425 4496 1533 4570 aliique.
1540 4495 1619 4566 Quod
1630 4495 1764 4567 integrm
1775 4493 1934 4552 exhibemus

531 4608 545 4641 s
559 4604 591 4644 ex
606 4590 712 4646 archim
724 4590 863 4648 caccus
875 4591 995 4650 abbatias
1008 4590 1098 4648 Sancti
1111 4591 1280 4666 apollinaris.
1294 4611 1307 4646 ι
1320 4592 1355 4650 lt
1371 4593 1537 4668 privilegium
1549 4594 1576 4650 iu
1588 4593 1743 4668 appendice
1761 4591 1870 4650 omuino
1887 4589 1934 4648 de

531 4684 672 4742 uideretur.
