4292 5894
1078 492 1291 560 rulbsttlct
1315 498 1490 564 suctum
1804 507 1885 592 [llus.
1903 511 1983 576 lm

783 785 875 798 u--n

404 1084 506 1193 m·
626 1077 817 1166 Honorius
849 1109 949 1194 papa
981 1083 1171 1172 Friderico
1201 1088 1463 1176 Romanorum
1493 1093 1711 1202 imperatori
1742 1096 1985 1207 conqueritur

572 1213 676 1322 quod
692 1213 895 1325 Capuanae
912 1227 950 1302 et
971 1217 1187 1304 Aversanae
1204 1223 1371 1307 eeclesiis
1393 1225 1474 1334 ipse
1491 1227 1689 1335 providere
1714 1243 1933 1338 praesumat
1949 1241 1984 1312 et

571 1345 604 1429 si
623 1347 719 1432 alios
733 1351 783 1433 ad
795 1353 950 1435 easdem
964 1353 1141 1438 ecclesias
1156 1355 1263 1439 curia
1276 1357 1449 1442 Romana
1462 1359 1627 1466 miserit,
1641 1360 1713 1444 hos
1726 1362 1842 1472 recipi
1857 1363 1984 1473 prohi-

570 1477 679 1586 beat,
710 1481 867 1592 adjectis
893 1484 1018 1570 verbis
1046 1487 1085 1570 in
1117 1489 1380 1574 auctoritatem
1406 1491 1662 1601 pontificalem
1683 1495 1979 1580 contumeliosis.

568 1613 634 1700 lus
653 1619 826 1700 suumin
848 1619 1026 1703 ecclesias
1043 1621 1149 1732 regni
1174 1621 1324 1708 Siciliae
1344 1636 1549 1732 memorat,
1570 1626 1821 1740 hortatmque
1849 1640 1893 1712 ut
1913 1655 1981 1712 sa-

570 1749 668 1831 niori
695 1775 789 1834 usus
815 1752 975 1836 consilio
1002 1755 1244 1864 asperitatem
1265 1757 1469 1843 verborum
1492 1761 1669 1872 negando
1681 1774 1874 1848 removeat
1890 1764 1981 1848 etin

571 1883 749 1966 nuntium
762 1884 883 1995 ipsius
900 1884 1092 1970 refundat.

648 2127 776 2201 OEdlder.
788 2127 846 2190 Fa.
862 2130 971 2206 flaua,
988 2127 1104 2194 collect.
1114 2148 1240 2194 monam
1256 2139 1341 2196 uter.
1353 2139 1509 2209 saraca,
1523 2137 1556 2196 tn
1569 2135 1685 2214 eplstol.
1697 2136 1806 2199 'lbom
1820 2136 1860 2198 da
1870 2137 1978 2216 Capua,

687 2240 712 2296 t.
726 2236 753 2316 1,
766 2252 797 2315 p.
815 2245 959 2318 ott-³24,
971 2243 1003 2300 et
1015 2239 1214 2316 musianus,
1228 2236 1341 2302 Ausul.
1351 2237 1460 2317 coclea,
1470 2241 1510 2303 ad
1523 2258 1594 2303 ann.
1607 2251 1696 2316 1228,
1708 2240 1726 2323 5
1740 2242 1808 2318 XV,
1821 2261 1860 2305 ex
1873 2251 1977 2324 regest.

685 2343 795 2405 Honor.
801 2387 812 2419 ,
822 2343 875 2405 ltb.
886 2345 956 2425 vn,
967 2347 1053 2422 epist.
1070 2354 1128 2407 194
1134 2365 1143 2421 3
1156 2349 1212 2408 tste
1224 2353 1324 2408 tamen
1337 2349 1436 2409 mlnus
1448 2351 1572 2428 lntegre.
1583 2349 1665 2424 Quos
1672 2352 1749 2411 luter
1760 2366 1793 2411 se
1804 2352 1979 2412 eontulimm

684 2457 795 2514 etcum
808 2453 910 2514 eodtca
922 2451 1060 2514 Btbltotb
1075 2453 1170 2516 Parta.
1182 2462 1273 2531 aaut,
1284 2453 1356 2515 Aac.
1369 2451 1463 2536 seoda
1477 2451 1564 2525 latta,
1576 2455 1628 2518 tol.
1646 2465 1681 2518 12
1694 2457 1901 2536 mom-vum.)

614 2669 799 2753 Honorius,
819 2679 907 2759 etc,
931 2665 1130 2757 Fredorieo,
1147 2675 1215 2740 ete.
1236 2666 1438 2742 Venientem
1457 2668 1505 2744 ad
1526 2669 1735 2765 presentiam
1755 2683 1907 2746 nostram
1920 2673 1977 2748 di·

566 2793 695 2866 lectum
713 2791 824 2865 fllium
842 2795 882 2866 L.
902 2790 951 2889 (a)
962 2792 1117 2885 judicem
1131 2793 1315 2866 barensem
1329 2803 1493 2867 consueta
1506 2793 1720 2888 benignitate
1736 2798 1929 2894 recepimus
1945 2809 1978 2874 et

567 2939 609 2991 ea
627 2939 697 3012 que
714 2918 815 2992 nobis
830 2939 877 2991 ex
898 2927 995 3013 parte
1020 2929 1080 2992 tua
1097 2916 1214 2990 dicere
1231 2915 1341 2991 voluit
1358 2916 1559 2992 andivimus
1577 2917 1772 3014 diligenter.
1797 2922 1848 2996 Eo
1864 2933 1977 2998 autem

566 3043 766 3116 nominante
784 3043 955 3138 quasdam
983 3043 1018 3114 in
1043 3041 1214 3139 presentia
1237 3052 1351 3115 nostra
1378 3063 1542 3138 personas
1565 3043 1611 3118 de
1634 3067 1782 3139 quarum
1804 3047 1976 3143 aliquibus

566 3165 727 3263 Capuane
748 3177 782 3241 et
796 3164 999 3243 Adversaue
1017 3167 1171 3240 ecclesiis
1187 3166 1363 3262 provideri
1381 3167 1533 3262 petebat,
1553 3189 1617 3242 nos
1637 3191 1718 3243 cum
1734 3183 1875 3268 propter
1892 3196 1977 3270 qno

564 3293 724 3367 rumdam
745 3296 888 3367 fratrum
909 3303 1103 3367 nostrorum
1124 3293 1314 3366 absentiam
1333 3314 1438 3388 super
1452 3291 1520 3366 hoc
1536 3292 1727 3369 deliberare
1747 3295 1895 3372 finaliter
1909 3321 1975 3373 non

565 3439 763 3514 possemus,
784 3417 929 3493 lecimus
951 3417 997 3492 ad
1015 3427 1050 3491 te
1063 3417 1268 3491 deferendas
1287 3415 1361 3490 fieri
1379 3417 1508 3491 litteras
1519 3420 1640 3514 quales
1656 3429 1740 3492 tunc
1757 3420 1911 3496 vidimus
1927 3425 1976 3498 la·

563 3547 719 3622 ciendae.
739 3545 808 3621 Sed
824 3544 938 3620 dictus
948 3543 1061 3636 judex
1076 3543 1122 3616 ad
1138 3552 1173 3615 te
1190 3543 1268 3615 illas
1281 3542 1415 3616 deterre
1430 3563 1594 3616 recusans
1609 3543 1823 3620 audientiam
1839 3569 1862 3620 a
1879 3547 1975 3622 nobis

564 3684 599 3746 et
613 3672 775 3746 tratribus
791 3669 917 3743 nostris
934 3669 1032 3765 petiit
1049 3666 1117 3741 sibi
1139 3664 1235 3758 dari3
1255 3689 1326 3762 qua
1349 3667 1382 3740 ei
1403 3668 1555 3762 benigne
1576 3671 1878 3762 concessarum
1893 3693 1974 3767 que·

565 3796 645 3870 dam
660 3794 840 3892 proposuit
854 3815 876 3867 a
891 3802 925 3867 te
941 3792 1021 3886 sibi,
1038 3801 1140 3888 prout
1154 3789 1303 3883 dicebat,
1322 3790 1489 3884 injuncta,
1504 3791 1540 3863 in
1554 3814 1624 3887 que
1642 3801 1702 3867 tua
1716 3814 1785 3867 uon
1800 3791 1973 3868 debuisset

563 3941 788 4019 prorumpere
803 3916 1081 4014 circumspectio,
1102 3915 1204 3990 etiam
1224 3914 1253 3987 si
1269 3935 1411 4010 panem
1428 3937 1449 3987 a
1466 3914 1567 3990 nobis
1585 3917 1746 4011 injuriam
1763 3920 1968 4015 pertulisses.

563 4048 661 4121 Dixit
674 4047 766 4120 enim
783 4066 847 4119 nos
860 4043 922 4116 tibi
938 4041 1185 4140 protectionem
1202 4040 1427 4135 dedisseque
1443 4062 1513 4115 non
1529 4051 1603 4116 erat
1619 4042 1798 4138 pmtectio,
1816 4045 1879 4118 sed
1895 4044 1969 4118 das·

565 4171 688 4244 tructio
701 4169 817 4267 potius
834 4165 1054 4264 appellanda,
1074 4173 1193 4262 utpote
1213 4165 1380 4258 undans,
1395 4173 1499 4262 prout
1514 4165 1607 4239 idem
1622 4166 1818 4260 subintulit,
1836 4167 1882 4242 ad
1900 4189 1971 4266 per·

565 4317 650 4371 sone
679 4306 737 4368 tue
767 4291 998 4392 perditionem
1025 4299 1059 4364 et
1090 4289 1202 4386 regni.
1224 4290 1268 4362 llt
1294 4289 1422 4385 adjecit
1449 4289 1546 4386 quod
1568 4289 1852 4387 qnandoquidem
1883 4293 1970 4366 nole·

566 4421 690 4494 bamus
708 4443 731 4493 a
751 4427 786 4493 te
802 4417 997 4492 nominatos
1012 4415 1180 4512 recipere,
1198 4415 1313 4488 nullos
1331 4413 1377 4487 ad
1393 4415 1542 4512 prelatas
1563 4413 1776 4490 mitteremus
1793 4415 1965 4506 ecclosias,

606 4649 649 4732 (a)
670 4651 751 4712 flacc
768 4647 889 4710 mauu
902 4647 1001 4710 littera
1012 4645 1096 4708 deest
1109 4643 1190 4723 apud
1203 4641 1291 4705 flam
1304 4647 1335 4704 ct
1347 4644 1379 4704 tn
1391 4641 1500 4704 codlcc
