4436 5870
302 571 400 630 rora.
416 566 459 651 a]
751 561 947 624 rrrsroarn
971 555 1267 622 nrrnorra'rrca,
1681 551 1719 614 ra

301 705 408 778 altera
424 721 509 778 vero
529 699 640 796 passis
656 697 820 792 injuriam
837 697 1066 795 persolvatur.
1091 693 1149 768 Ad
1171 694 1272 786 cujus
1289 691 1340 764 rei
1357 687 1558 764 memoriam
1574 707 1716 784 presens

301 821 524 922 privilegium
549 820 632 895 inde
658 819 734 894 lieri
757 827 793 892 et
810 819 905 892 hulla
927 839 1032 892 aurea
1055 817 1188 915 typario
1209 813 1396 910 majestatis
1416 820 1531 886 nostre
1550 812 1717 910 impressa

302 950 447 1024 fecimus
464 945 683 1020 communiri.

351 1073 462 1167 liujus
487 1071 539 1146 rei
566 1065 697 1166 [testes]
729 1077 811 1142 sunt
834 1068 1038 1143 Bartholdus
1060 1066 1315 1162 aquilegiensis
1341 1063 1553 1163 patriarcha,
1584 1063 1719 1138 Ulricus

303 1197 516 1272 Pataviensis
532 1195 735 1292 episcopus,
754 1193 904 1268 Silridus
920 1191 1149 1289 Augustensis
1170 1192 1371 1288 episcopua,
1393 1190 1555 1264 Albertns
1571 1188 1720 1262 Triden-

305 1323 398 1395 tinus
412 1324 560 1414 electus,
578 1321 760 1395 Bertoldos
779 1318 1025 1413 Brixi[n]ensis
1037 1317 1235 1415 episeopus,
1255 1314 1467 1390 Ludevvicus
1485 1313 1562 1390 dux
1575 1313 1721 1388 Bavarie

305 1469 419 1521 comes
441 1447 614 1544 palatinus
635 1445 742 1537 Reni,
762 1445 958 1518 willelmus
981 1443 1136 1517 marchio
1163 1440 1428 1530 Montisierrati,
1454 1437 1543 1514 Azao
1566 1438 1721 1513 marchio

305 1569 500 1662 Hastensis,
527 1570 712 1643 Anselmns
737 1567 783 1644 de
809 1569 991 1663 lustingen
1019 1568 1269 1659 marescalcus,
1296 1565 1483 1638 Wernerus
1516 1563 1650 1661 dapifer
1675 1563 1722 1636 de

304 1693 483 1769 Bollandia
499 1703 534 1767 et
549 1693 608 1768 alii
626 1694 861 1788 quamplures.

352 1820 497 1914 Signum
523 1819 655 1893 domini
678 1818 842 1893 Friderici
865 1817 1012 1893 secundi
1028 1818 1092 1891 Dei
1113 1817 1224 1910 gratia
1248 1814 1466 1890 invictissimi
1490 1815 1720 1888 Romanorum

307 1943 533 2040 imperatoris,
548 1965 686 2040 semper
701 1945 841 2040 augusti
859 1953 894 2018 et
908 1945 1002 2039 regis
1014 1943 1140 2018 Sicilie.

352 2069 427 2164 Ego
452 2067 632 2143 Conradus
652 2069 715 2142 Dei
744 2069 855 2164 gratia
882 2069 1044 2145 lietensis
1070 2077 1106 2142 et
1127 2066 1299 2164 Spirensis
1325 2065 1508 2163 episcopus
1534 2065 1722 2162 imperialis

305 2193 384 2266 aule
399 2193 624 2267 cancellarius
640 2195 720 2267 vice
741 2195 873 2269 domini
960 2194 1023 2268 Dei
1047 2193 1158 2289 gratia
1181 2191 1392 2266 Coloniensis
1415 2189 1663 2287 archiepiscopi
1686 2202 1721 2264 et

307 2317 410 2390 totius
428 2317 524 2391 ltalie
539 2317 831 2392 archicancellarii
848 2319 1047 2414 recognovi.

353 2439 438 2516 Acta
452 2451 534 2515 sunt
547 2443 612 2516 hec
629 2465 722 2517 anno
739 2443 913 2518 dominice
926 2443 1172 2517 incarnationis
1187 2441 1370 2516 millesimo
1387 2442 1626 2516 ducentesimo
1641 2443 1719 2531 XX,

307 2571 454 2660 [mensa]
476 2568 694 2662 novembris,
715 2568 904 2644 indictione
925 2589 1037 2657 noua,
1061 2575 1229 2663 regnante
1250 2567 1391 2641 domino
1409 2573 1525 2638 nostro
1541 2564 1721 2640 liederioo

306 2692 460 2767 securmo
478 2693 542 2766 Dei
561 2693 673 2787 gratia
689 2692 918 2767 invictissimo
936 2695 1168 2767 Romanorum
1185 2693 1403 2789 imperatore,
1420 2711 1555 2787 semper
1572 2701 1721 2786 angusto

305 2825 340 2889 et
353 2838 435 2912 rege
450 2816 578 2911 Sicilie,
597 2838 688 2891 anno
702 2819 846 2892 Romani
863 2818 999 2915 imperii
1014 2818 1090 2912 ejus
1104 2817 1228 2914 primo,
1245 2815 1343 2911 regni
1356 2825 1473 2890 antem
1488 2815 1603 2890 Sicilie
1617 2817 1721 2912 vige-

306 2941 394 3014 simo
407 2941 519 3034 tertio,
534 2941 690 3016 feliciter.
707 2943 831 3016 Amen.

354 3066 480 3138 Datum
497 3065 533 3137 in
553 3067 675 3141 castris
693 3066 791 3163 apud
808 3067 953 3159 Urbem,
975 3085 1080 3156 anno,
1099 3086 1219 3138 mense
1237 3075 1273 3139 et
1295 3063 1485 3140 indictione
1508 3069 1717 3163 prescriptis.

540 3350 869 3360 ...mn—m...

357 3589 584 3700 Fridericus‚
599 3593 858 3678 Romanorum
873 3594 1094 3706 imperator,
1105 3595 1280 3705 potestati
1288 3605 1327 3680 et
1338 3597 1533 3680 communi
1547 3597 1721 3682 Pisanum
1748 3619 1927 3728 ¹;,¹,},⁰l,²t¹;¹;¹⁰

306 3725 476 3808 concedit
489 3735 527 3809 et
541 3725 761 3834 confirmat,
779 3727 998 3813 nominibus
1022 3728 1233 3840 specialiter
1249 3731 1455 3841 expressis,
1471 3733 1601 3818 omnia
1623 3759 1722 3844 quae
1755 3704 1923 3774 ⁹⁴³⁰”fflffl''·
2039 3829 2044 3839 ¹

307 3856 356 3941 ab
369 3858 529 3970 imperio
547 3869 677 3945 tenent
689 3889 777 3946 cnm
789 3861 1054 3972 jurisdictione
1071 3872 1109 3947 et
1126 3863 1320 3973 districtu,
1336 3891 1483 3950 necnon
1501 3878 1539 3950 et
1555 3865 1720 3952 Massam

306 4017 395 4074 cnm
417 3993 653 4102 pertinentiis
671 3996 773 4102 suis3
791 4005 1017 4107 potestatem
1035 3998 1155 4082 donat
1167 3998 1329 4084 faciendi
1338 3998 1527 4108 justitiam
1545 4011 1583 4083 et
1604 4027 1721 4111 nego-

306 4125 425 4209 tiandi
441 4153 571 4212 secum
586 4155 654 4237 per
668 4137 809 4214 terram
827 4139 865 4214 at
879 4157 947 4241 per
960 4157 1124 4242 aquam,
1140 4131 1361 4243 confertque
1382 4133 1423 4216 in
1437 4133 1596 4218 leudam
1613 4135 1720 4219 littus

304 4259 424 4342 maris
451 4286 475 4344 a
504 4261 655 4348 civitate
681 4263 795 4348 Vecla
816 4291 941 4375 usque
968 4267 1018 4350 ad
1041 4275 1195 4377 portum
1218 4266 1374 4352 Veneris
1402 4293 1492 4354 cum
1521 4270 1719 4382 privilegio

305 4402 499 4500 portuum.

384 4589 484 4664 (ΕΔΜ,
500 4589 656 4656 Futurum
673 4610 733 4656 nnn
750 4595 867 4672 Bonae,
878 4593 1014 4661 Raccolta
1030 4595 1062 4659 di
1074 4595 1195 4680 diplomi
1206 4599 1323 4678 Pisoni,
1336 4618 1373 4664 en
1383 4600 1466 4666 arch.
1480 4601 1638 4666 Reiormnt.
1658 4607 1715 4665 civ.

425 4697 570 4774 Floreat,
584 4717 615 4778 p.
630 4711 667 4763 ⁴2
682 4708 713 4764 et
730 4701 827 4781 seqq.)
