4292 5894
216 603 318 666 luatur.
336 598 397 685 ll]
663 597 861 661 HISTORIA
888 595 1182 660 ulrlomdtlclt
1570 588 1630 650 307

217 749 289 812 tare
302 739 360 812 vel
375 735 479 810 modo
497 735 616 830 aliquo
636 736 839 832 perturbare
855 737 982 810 audeat
994 737 1050 810 vel
1073 741 1259 832 presumat.
1276 730 1495 824 Quicumque
1510 734 1627 801 autem

217 863 284 936 hoc
304 871 506 958 attemptare
527 860 785 957 presumpserit,
810 860 1083 954 indignationem
1108 869 1259 934 nostram
1283 866 1318 930 et
1337 877 1462 951 penam
1489 862 1627 930 centum

218 988 386 1061 librarum
404 983 482 1060 auri
493 983 677 1058 senoverit
689 985 922 1076 incursumm,
933 984 1100 1058 medietas
1114 987 1213 1077 cujus
1228 991 1344 1054 nostre
1359 1001 1494 1052 camere
1509 987 1544 1050 et
1560 979 1628 1052 alia

218 1111 385 1186 medietas
410 1109 620 1207 patientibus
643 1107 804 1201 injuriam
833 1109 1014 1182 tribuatur.
1043 1108 1098 1183 Ad
1126 1110 1226 1200 eujus
1254 1107 1303 1178 rei
1331 1103 1571 1178 certitudinem
1595 1112 1630 1176 et

219 1237 419 1310 inviolabile
445 1233 699 1307 firmamentum
720 1255 862 1329 presens
884 1233 1104 1330 privilegium
1124 1231 1227 1305 scribi
1251 1239 1285 1304 et
1307 1238 1423 1303 nostre
1444 1228 1631 1323 majestatis

218 1361 332 1456 sigillo
347 1361 490 1434 inferius
502 1359 671 1452 jussimus
689 1359 856 1432 roborari.

268 1487 374 1580 Cujus
391 1485 441 1558 rei
466 1493 569 1558 testes
594 1491 677 1556 sunt
697 1482 859 1556 Albertus
878 1481 1163 1578 Mudehurgensis
1187 1479 1482 1578 archiepiscopus,
1509 1479 1630 1574 Euge-

221 1609 340 1684 lardus
374 1609 541 1701 Cicensis,
571 1607 763 1682 Gerlandus
787 1606 1119 1702 Blandeburgensis,
1144 1604 1321 1680 Gouradus
1347 1603 1628 1694 lldeshemensis,

220 1735 425 1808 Bartholdus
435 1733 663 1822 Brixinensis,
676 1731 838 1806 dlbsrtns
851 1731 1085 1822 Tridentinus,
1100 1732 1247 1805 linricus
1262 1729 1522 1804 Wurmatiensis
1539 1730 1631 1827 epis·

221 1860 313 1956 copi,
333 1861 408 1955 Ugo
429 1859 538 1933 abbas
557 1859 810 1951 Morbacensie,
836 1859 1030 1955 Diupoldus
1048 1858 1201 1932 marchio
1226 1856 1272 1931 de
1287 1855 1533 1945 Fohenburch,
1553 1856 1633 1928 Rai-

221 1983 347 2058 naldus
368 1984 444 2058 dux
463 1985 612 2080 Spoleti,
638 1983 807 2057 Henricus
836 2005 951 2058 comes
973 1983 1018 2056 de
1040 1983 1258 2074 Heberstein,
1282 1981 1431 2055 Sitridus
1453 2002 1568 2054 comes
1589 1980 1634 2054 de

221 2109 374 2202 Vienna,
398 2109 533 2182 Olrious
554 2131 670 2184 comes
691 2110 735 2184 de
754 2110 903 2203 Ultimis,
926 2111 1115 2183 Warnerus
1135 2109 1181 2184 de
1198 2108 1369 2200 Bolanda,
1384 2116 1420 2180 et
1435 2107 1493 2179 alii
1510 2127 1633 2202 quam·

222 2235 337 2330 plures
353 2234 526 2332 principes
542 2244 576 2308 et
593 2244 785 2330 magnates.

271 2360 415 2454 Signum
439 2359 572 2433 domini
595 2359 761 2433 Friderici
783 2358 928 2434 secundi
946 2359 1010 2433 Dei
1033 2359 1142 2453 gratia
1161 2361 1391 2432 Romanorum
1419 2355 1634 2452 imperatoris

271 2604 463 2680 detumeat
480 2607 547 2680 hoo
564 2627 656 2680 anno
680 2607 852 2680 dominice
866 2607 1111 2681 incarnationis
1126 2607 1307 2682 millesimo
1323 2605 1558 2680 ducentesimo
1573 2605 1636 2680 vi-

223 2731 355 2826 gesimo
371 2732 485 2824 tertio,
506 2753 626 2806 mense
641 2733 835 2825 februario,
857 2732 1047 2806 indictione
1062 2734 1263 2822 undecima,
1289 2733 1478 2828 imperante
1496 2730 1636 2804 domino

225 2866 341 2930 nostro
364 2855 538 2929 Friderlco
562 2857 717 2931 secundo
734 2857 797 2930 Dei
816 2857 927 2952 gratia
952 2857 1184 2931 Romanorum
1206 2859 1410 2954 imperatore
1434 2869 1582 2951 augusto
1603 2865 1639 2930 et

223 3001 306 3074 rege
321 2979 451 3073 Sicilie,
475 3003 566 3054 anno
583 2981 719 3078 imperii
742 2983 817 3074 ejus
840 2982 961 3074 tertio,
982 2983 1081 3077 regni
1101 3005 1184 3057 vero
1198 2982 1368 3078 vigesimo
1389 2980 1529 3076 quinto,
1554 2981 1638 3056 leli-

225 3105 322 3178 citer.
341 3104 466 3178 Amen.

271 3231 398 3304 Datum
415 3229 548 3327 Capue,
563 3251 668 3319 anno,
687 3253 806 3305 mense
820 3241 856 3306 et
870 3232 1058 3306 indictione
1075 3232 1295 3328 supradictis.

436 3565 581 3575 *ιιι-οισι.-
587 3565 823 3575 --ο--ο-ο--ου-
830 3566 1416 3578 nuos—nm

278 3867 512 3977 Frideriuus,
549 3869 811 3954 Romanorum
846 3871 1070 3981 imperator,
1104 3873 1282 3957 ecelesiae
1318 3874 1446 3958 Sancti
1481 3879 1638 3962 Servatii
1693 3895 1811 3994 ,5333ss

224 4000 454 4111 Trajcctensi
485 4003 656 4088 concedit
690 4013 728 4087 et
763 4006 880 4089 donat
912 4015 1092 4116 perpetuo
1128 4007 1397 4117 possidendam
1428 4009 1638 4121 quamdam

224 4163 354 4221 aream
381 4137 494 4221 sitam
520 4163 638 4248 prope
663 4137 861 4222 ecclesiam
893 4141 1305 4250 memoratam,n1dlis
1332 4143 1479 4252 imperii
1505 4144 1638 4230 usibus

223 4273 466 4383 deputatam,
482 4300 571 4358 cum
587 4273 792 4385 parietibus
812 4275 843 4358 si
862 4301 961 4387 quae
974 4275 1100 4361 adhuc
1117 4275 1259 4361 ibidem
1276 4278 1455 4362 eminent.

303 4515 419 4593 (Inedlt
431 4533 470 4578 ex
483 4515 608 4579 chartul.
629 4517 716 4580 MSS.
731 4516 762 4579 S.
778 4516 904 4580 Servatll
922 4521 955 4581 ln
968 4518 1106 4582 Bllrllotlr.
1119 4537 1178 4600 reg.
1194 4521 1301 4597 Parta,
1316 4528 1387 4585 tom
1402 4524 1448 4600 ll,
1463 4522 1483 4585 l.
1500 4534 1538 4588 ⁴2
1554 4542 1639 4590 verso

344 4621 409 4684 etl.
422 4631 478 4686 1⁴7
493 4623 758 4700 recto,ett.111,l.
774 4633 804 4686 o.
817 4625 909 4687 Extat
920 4643 1040 4705 quoque
1052 4629 1084 4688 ln
1097 4627 1282 4694 mmmmm
1294 4627 1455 4712 dnum,
1466 4649 1513 4713 ap.
1524 4633 1640 4715 liugom

345 4725 481 4807 Gomltls,
497 4729 548 4794 lol.
568 4727 630 4812 te.)
