4436 5870
274 543 371 605 lunam.
388 541 431 626 9.]
725 537 921 602 HISTORIA
946 538 1238 602 ntrtouarlctl.
1649 539 1687 602 lo

274 685 463 772 presumat.
488 675 543 748 lid
564 673 734 747 indicium
753 683 870 748 autem
893 675 1033 767 majoris
1056 684 1172 748 nostre
1194 675 1305 765 gratie
1325 695 1431 770 quarn
1455 673 1624 748 babemus
1648 676 1684 746 in

275 797 368 872 idem
382 797 629 872 monasterium
647 818 711 894 pro
730 817 816 892 pace
832 797 945 892 ipsius
959 811 996 871 et
1013 799 1277 892 tranquillitate,
1297 798 1327 871 si
1347 797 1435 894 quid
1446 799 1635 892 questionis
1649 801 1685 870 in

275 922 523 1018 presentiarum
546 921 678 995 moveri
696 929 807 1017 potest
821 930 882 995 out
896 921 933 992 in
947 931 1049 995 antea
1066 923 1136 996 ullo
1153 929 1307 1018 ternpore
1320 921 1445 1018 poterit
1461 944 1566 1017 super
1584 922 1685 994 bunis

275 1045 463 1119 mobilibus
492 1056 527 1119 et
554 1044 791 1118 immobilibus
822 1044 967 1141 predicti
995 1047 1192 1152 mqoasterii
1219 1055 1254 1119 et
1282 1045 1437 1119 omnium
1465 1047 1687 1122 ecclesiarum

276 1191 417 1243 suarum
434 1191 505 1266 que
523 1169 629 1244 modo
644 1167 774 1243 babent
797 1180 832 1242 et
854 1191 997 1242 suorum
1017 1170 1216 1262 hominum,
1240 1169 1355 1244 autin
1372 1179 1473 1244 autea
1489 1173 1561 1244 Deo
1583 1171 1687 1245 dante

276 1295 471 1387 habebunt,
502 1295 547 1368 de
576 1317 671 1368 mera
697 1295 900 1369 liberalitate
924 1304 1041 1370 nostra
1069 1296 1163 1370 omni
1190 1295 1260 1389 juri
1285 1296 1526 1371 renunciantes
1549 1299 1687 1393 penitus

277 1439 452 1492 cassamus
474 1427 580 1514 atqoe
593 1418 800 1492 dimittimus
813 1441 877 1514 pro
889 1419 1074 1492 stabilitate
1087 1418 1222 1515 imperii
1236 1419 1343 1493 nostri
1355 1427 1390 1491 et
1405 1419 1559 1494 remedio
1572 1423 1687 1495 anime

279 1552 393 1616 nostre
409 1551 445 1617 et
460 1552 642 1638 parentum
664 1551 871 1616 nostmrum.
890 1543 1079 1617 Statuimus
1099 1543 1240 1640 insuper
1256 1550 1292 1616 et
1306 1541 1460 1617 districte
1482 1545 1549 1616 sub
1570 1544 1688 1620 debito

278 1665 453 1740 fidelitatis
473 1667 684 1763 precipimus
705 1676 746 1741 ut
768 1667 884 1740 nullus
906 1667 1202 1763 archiepiscopus,
1228 1667 1433 1765 episcopos,
1453 1678 1537 1758 eto,
1555 1669 1686 1744 dictum

277 1791 522 1864 monasterium
544 1792 660 1864 Sancti
684 1793 861 1866 Benedicti
884 1813 988 1888 super
1009 1790 1164 1882 Padum,
1188 1791 1434 1866 monasterium
1457 1793 1503 1867 de
1524 1793 1687 1891 Gunzaga

277 1923 312 1988 et
324 1914 371 1988 de
382 1915 485 1988 Lecto
499 1915 678 1988 Paludano
695 1927 730 1989 et
752 1916 994 1991 monasterium
1016 1916 1183 1990 sextense
1200 1924 1234 1988 et
1251 1916 1367 1990 Sancti
1382 1917 1520 1990 Martini
1544 1917 1581 1990 iu
1602 1921 1688 1995 colle

278 2045 312 2112 et
331 2059 452 2112 omnes
468 2039 630 2113 ecclesias
648 2061 742 2128 suas,
761 2049 846 2127 etc,
864 2037 1057 2136 predictum
1071 2040 1232 2114 abbatem
1247 2061 1328 2112 curu
1340 2040 1505 2113 omnibus
1523 2043 1688 2137 subjectis

278 2163 351 2235 suis
366 2163 501 2238 clericis
520 2177 556 2236 et
574 2164 684 2256 laicis,
704 2173 787 2256 etc,
806 2163 935 2254 ledere,
957 2165 1158 2259 perturbare
1171 2164 1228 2238 vel
1248 2164 1428 2238 molestare
1443 2186 1504 2237 seu
1519 2165 1688 2262 impedire

278 2296 313 2360 et
327 2286 495 2362 invadere
508 2309 571 2386 per
584 2287 734 2383 quodvis
750 2288 928 2383 ingenium
944 2287 1083 2381 audeat,
1104 2289 1161 2360 vel
1175 2288 1258 2361 huic
1271 2297 1386 2361 nostre
1398 2288 1585 2384 largitioni,
1604 2312 1686 2364 con·

280 2410 426 2483 cessioni
449 2422 485 2485 et
503 2410 753 2486 confirmationi
770 2422 805 2485 et
821 2412 1027 2485 restitutioni
1045 2411 1280 2486 contradicere
1293 2422 1485 2507 presumat,
1508 2413 1571 2486 sed
1594 2416 1687 2490 idom

279 2537 537 2630 monasterium,
553 2545 620 2610 etc.
640 2534 655 2632 (
679 2535 730 2634 '),
745 2538 909 2610 volumus
922 2557 998 2610 esse
1012 2535 1121 2609 libera
1137 2547 1172 2610 et
1185 2538 1323 2634 penitus
1338 2537 1383 2610 ab
1397 2538 1492 2611 omui
1506 2542 1687 2614 exactione

278 2667 452 2754 exempta.
472 2661 616 2757 Siquis,
632 2669 699 2733 etc.
716 2658 802 2756 (εἰς).

326 2783 439 2875 Hujus
468 2785 519 2857 rei
547 2794 650 2856 testes
680 2793 761 2857 sunt
786 2783 990 2858 Bertboldus
1016 2782 1260 2879 Aquilegensis
1284 2787 1498 2882 patriarcba,
1529 2787 1688 2862 Siffridus

280 2903 508 2997 Augustensis‘
528 2907 728 3004 episcopus,
748 2907 882 2980 Ulricue
900 2906 1113 2982 Pataviensis
1133 2908 1333 3005 episcopus,
1358 2907 1518 2982 Albertus
1539 2910 1688 2984 Triden-

280 3029 374 3101 tinus
397 3030 546 3119 electus,
571 3031 777 3106 Bertboldus
800 3031 991 3105 Brixiensis
1013 3033 1213 3128 episeopus,
1238 3032 1437 3106 Ludovicus
1452 3033 1529 3107 dux
1543 3035 1688 3110 Bavorie

280 3173 395 3227 comes
413 3155 586 3250 palatinus
604 3157 708 3247 lleni,
729 3155 942 3229 Guillielmus
966 3155 1119 3229 marchio
1142 3157 1404 3247 Montisferrati‚
1427 3155 1516 3231 Azao
1534 3162 1687 3234 marobio

278 3277 443 3371 menis,
460 3276 643 3352 Aneelmus
660 3279 707 3354 de
728 3280 909 3372 lustingen
926 3281 1175 3372 marescalcus,
1196 3281 1384 3354 Wamerus
1401 3281 1535 3378 dapifer
1552 3283 1598 3358 de
1610 3285 1688 3359 Bol-

280 3401 417 3494 landia,
434 3402 563 3499 aliique
577 3404 706 3500 plures.

328 3525 474 3620 Signum
497 3525 628 3600 domini
649 3527 813 3600 Friderici
835 3526 981 3601 secundi
1001 3527 1065 3600 Dei
1092 3528 1201 3622 gratia
1226 3527 1441 3601 invictissimi
1458 3529 1689 3607 llomanomm

281 3649 513 3745 imperatoris,
532 3672 666 3746 semper
680 3651 819 3745 augusti
833 3660 869 3723 et
885 3651 976 3745 regis
990 3649 1117 3723 Sicilie.

327 3774 402 3868 Ego
427 3773 606 3848 Conradus
631 3775 693 3849 Dei
720 3775 830 3870 gratia
854 3774 1017 3849 Metensis
1040 3783 1076 3847 et
1102 3773 1273 3869 Spirensis
1297 3774 1480 3871 episcopus
1502 3775 1689 3873 imperialis

282 3899 361 3972 aule
379 3899 604 3973 cancellarius
621 3899 860 3992 [vicedomini
881 3898 1092 3973 Coloniensis
1110 3897 1372 3994 archiepiscopi]
1389 3899 1493 3973 totius
1510 3901 1607 3975 Italie
1625 3925 1688 3976 ar-

279 4021 529 4097 chicancellarii
542 4023 743 4117 recognovi.

327 4145 416 4219 Acta
429 4155 510 4219 eunt
525 4147 591 4219 bec
603 4168 696 4221 anno
709 4145 883 4221 dominice
898 4143 1141 4217 incarnationis
1153 4141 1348 4236 mccxli,
1362 4166 1481 4217 mense
1492 4147 1684 4236 novembri,

281 4270 470 4345 indictione
486 4271 552 4361 IX,
577 4279 743 4364 regnante
761 4268 901 4344 domino
923 4277 1038 4342 nostro
1058 4267 1229 4341 Friderico
1249 4267 1403 4342 secundo
1422 4268 1484 4341 Dei
1504 4271 1614 4364 gratia
1633 4273 1688 4345 in·

279 4392 472 4468 victissimo
491 4395 723 4469 Romanorum
742 4393 948 4490 imperatore
965 4413 1101 4488 semper
1118 4399 1266 4484 augusto
1292 4401 1327 4464 et
1346 4413 1427 4486 rege
1445 4392 1577 4487 Sicilie,
1597 4417 1688 4469 anno

281 4539 366 4593 vero
380 4517 517 4616 imperii
534 4521 609 4612 ejus
621 4520 649 4612 l,
667 4519 766 4613 regni
783 4527 897 4591 autem
915 4517 1030 4590 Sicilie
1042 4515 1207 4590 vicesimo
1221 4515 1334 4606 tertio,
1346 4515 1500 4591 feliciter.
1512 4518 1634 4593 Amen.

331 4645 456 4718 llatum
474 4644 511 4717 in
528 4642 647 4718 castris
664 4642 761 4740 apud
777 4642 922 4726 Urbem,
940 4661 1031 4714 anno
1044 4649 1079 4715 et
1093 4660 1212 4714 mense
1225 4649 1260 4714 et
1276 4639 1465 4715 indictione
1478 4643 1686 4739 prescriptis.
