4272 5886
174 495 283 557 laurcr.
300 493 361 578 la]
630 491 830 554 HISTORIA
853 489 1146 552 nlauotlarlcn.
1537 489 1595 552 551

176 630 395 705 confidentes
409 650 551 724 quoque
565 627 611 703 de
625 629 811 725 prudentia
827 627 983 724 magistri
998 627 1155 720 ejusdem
1176 623 1274 722 quod
1291 625 1395 700 bomo
1412 625 1458 698 eit
1474 637 1596 723 potens

177 777 287 851 opere
303 765 338 829 et
350 774 510 828 sermone
526 775 567 826 ao
580 775 643 850 par
656 775 757 828 suam
773 763 809 826 et
825 754 969 826 fratrum
984 773 1125 826 suorum
1145 751 1342 826 instantiam
1365 761 1520 847 potenter
1537 753 1600 825 in-

178 879 287 976 cipiet
307 888 342 952 at
358 878 643 974 conquisitionem
661 889 752 952 tarra
773 878 919 950 viriliter
936 886 1163 973 prosequatur
1180 897 1246 950 nec
1269 877 1411 950 desistet
1434 877 1600 950 inutiliter

179 1004 228 1076 ab
248 1003 415 1097 inceptis,
434 1001 730 1098 quemadmodum
754 1003 871 1096 plures
896 1003 1014 1076 multis
1039 1001 1217 1074 laboribus
1244 1001 1282 1073 in
1306 1003 1430 1076 eodem
1459 1005 1598 1097 negotiu

182 1129 307 1199 frustra
330 1126 505 1220 temptatis
529 1147 610 1198 cum
635 1125 836 1198 viderentur
858 1123 1023 1221 proficere
1047 1124 1266 1216 defecerunt,
1292 1128 1528 1199 auctoritatem
1547 1129 1599 1200 ei·

180 1252 263 1324 dem
288 1250 454 1344 magistro
475 1251 710 1324 concessimus
736 1259 861 1323 terram
886 1251 1024 1323 Prueeie
1044 1271 1125 1323 oum
1149 1249 1284 1322 viribus
1307 1249 1432 1322 domus
1457 1262 1492 1323 et
1520 1253 1600 1326 totis

180 1375 363 1448 conatibus
378 1373 590 1465 inuadendi3
608 1374 836 1448 concedentes
854 1384 889 1447 et
905 1373 1147 1448 confirmantes
1168 1374 1280 1448 eidem
1306 1376 1490 1470 magistro,
1512 1399 1600 1450 suo-

179 1500 375 1573 cessoribus
396 1499 524 1572 suiset
544 1497 665 1572 domui
681 1521 746 1572 sue
766 1499 803 1571 in
827 1509 1031 1594 perpetuum
1054 1509 1125 1570 tam
1144 1498 1333 1593 predictam
1353 1512 1474 1573 terram
1491 1524 1597 1596 quam

180 1645 202 1696 a
221 1623 410 1718 prescripto
431 1621 522 1695 duce
544 1621 689 1719 recipiet
706 1633 746 1694 ut
762 1622 920 1719 promisit
942 1633 978 1694 et
1001 1643 1257 1716 quamcumque
1274 1623 1376 1694 aliam
1396 1623 1512 1716 dabit,
1532 1647 1598 1698 nec

181 1768 252 1822 non
267 1757 391 1822 terram
409 1766 516 1842 quam
529 1748 566 1820 in
584 1748 741 1844 pertibus
759 1747 896 1820 Prussie
914 1749 985 1820 Deo
1003 1746 1150 1820 faciente
1167 1748 1363 1840 conquiret,
1382 1749 1478 1822 velut
1495 1761 1596 1824 vetus

179 1880 215 1944 et
227 1870 383 1945 debitum
397 1874 456 1965 jue
473 1871 607 1967 imperii
623 1870 660 1944 in
675 1871 866 1962 montibus,
881 1871 1035 1966 planitie,
1053 1871 1270 1962 fluminibus,
1292 1873 1492 1945 nemoribus
1507 1886 1542 1946 et
1558 1875 1595 1948 iu

180 1997 281 2085 mari,
299 2005 338 2070 ut
351 2013 428 2070 eam
442 1995 586 2070 liberam
602 1996 678 2070 eina
691 1996 786 2071 omni
805 1997 947 2072 servitio
960 2007 994 2070 et
1007 1996 1189 2070 exactione
1204 2005 1344 2070 teneam
1354 2007 1390 2070 et
1405 1998 1595 2074 immunem

179 2132 215 2196 et
227 2122 314 2194 nulli
333 2120 540 2218 respondere
553 2120 699 2216 proinde
714 2131 906 2194 teneantur.
922 2122 1037 2194 Liceat
1051 2123 1194 2216 insuper
1206 2123 1257 2193 eis
1272 2143 1334 2216 per
1348 2131 1453 2194 totam
1468 2133 1593 2199 terram

179 2247 442 2341 conquisitionis
464 2247 717 2338 eorum,·sicut
737 2246 906 2342 acquisita
935 2269 997 2342 per
1016 2268 1077 2320 eos
1101 2257 1136 2320 et
1159 2247 1367 2341 acquirenda
1393 2249 1512 2340 fuerit,
1546 2252 1592 2326 ad

178 2369 400 2444 commodum
418 2370 544 2444 domus
560 2371 718 2465 passagia
734 2379 769 2443 et
790 2370 963 2444 theutonia
979 2371 1154 2462 ordinare,
1174 2370 1351 2444 nundinae
1367 2382 1402 2443 ct
1423 2374 1495 2446 fora
1517 2386 1593 2448 sta·

179 2506 289 2584 tuero,
309 2503 483 2568 monetam
502 2493 643 2583 cudere,
665 2494 792 2568 talliam
807 2504 844 2567 et
860 2495 926 2568 alia
941 2497 1020 2588 jura
1036 2505 1167 2584 taxare,
1184 2494 1375 2570 ducaturus
1392 2519 1453 2590 per
1467 2507 1592 2571 terram

177 2619 215 2692 in
230 2619 434 2692 fluminibus
448 2629 485 2692 et
502 2619 538 2690 iu
558 2618 643 2692 mari
663 2618 857 2692 sicut-utile
873 2617 1027 2692 viderint
1045 2619 1220 2708 stabilire,
1239 2619 1375 2692 fodinas
1392 2631 1429 2694 et
1446 2622 1592 2696 meierae

177 2745 268 2835 anri,
288 2745 435 2840 argenti,
457 2743 536 2817 ferri
562 2754 599 2816 et
617 2743 764 2817 aliorum
786 2743 1002 2816 metallorum
1025 2765 1067 2816 ac
1086 2745 1168 2816 salis
1185 2766 1255 2838 que
1275 2745 1401 2818 fuerint
1417 2749 1471 2826 vel
1487 2747 1592 2820 inve-

179 2870 317 2943 nientur
333 2871 370 2944 in
390 2871 490 2944 terris
509 2870 597 2967 ipsis
621 2869 797 2964 possidere
820 2869 1040 2965 perhenniter
1062 2879 1097 2942 et
1114 2869 1254 2942 habere.
1280 2869 1507 2948 Couoedimus
1533 2874 1589 2944 in·

177 3017 282 3090 super
297 2995 349 3069 eis
362 2994 499 3088 judices
515 3003 551 3068 et
565 3005 715 3070 rectores
732 3016 849 3070 creare
864 2995 925 3090 qui
939 2995 1134 3087 subjectum
1152 2995 1217 3069 sibi
1236 2996 1421 3090 populum,
1439 3007 1509 3070 tam
1529 3019 1590 3072 eos

177 3118 340 3192 videlicet
358 3120 418 3215 qui
441 3119 598 3194 conversi
619 3129 701 3192 eunt
723 3141 830 3214 quam
856 3120 944 3194 alios
965 3141 1086 3193 omnes
1103 3120 1139 3191 in
1166 3141 1231 3192 sna
1255 3121 1496 3216 superstitione
1520 3123 1590 3195 de-

177 3253 317 3338 gentes,
335 3247 428 3339 juste
449 3255 570 3338 regant
594 3252 629 3318 et
653 3244 825 3339 dirigant,
844 3265 1009 3318 excessus
1033 3246 1291 3318 malefactorum
1314 3247 1591 3320 animadvertant

176 3377 212 3442 et
227 3370 375 3465 puniant
392 3369 583 3443 secundum
602 3369 697 3464 quod
711 3370 798 3443 ordo
815 3370 973 3464 exegerit
989 3370 1143 3462 rationis,
1161 3381 1315 3465 preterea
1332 3372 1451 3444 civiles
1467 3382 1501 3444 et
1516 3372 1590 3444 ori-

177 3493 320 3565 minales
344 3515 467 3566 causas
488 3492 633 3566 audiant
651 3502 686 3564 et
705 3492 869 3566 dirimant
894 3490 1088 3566 secundum
1111 3494 1281 3566 calculum
1307 3494 1461 3568 rationis.
1485 3494 1591 3587 Adji-

176 3618 288 3690 cimus
310 3617 452 3713 insuper
475 3639 522 3690 ex
545 3617 655 3712 gratia
679 3627 795 3689 nostra
811 3615 908 3712 quod
933 3615 1027 3690 idem
1047 3617 1210 3712 magister
1234 3627 1269 3691 et
1294 3641 1510 3692 successores
1534 3622 1590 3693 sui

171 3741 448 3834 jurisdictionem
479 3750 514 3814 et
538 3751 740 3838 potestatem
764 3740 858 3812 illam
887 3739 1096 3813 habeantet
1121 3753 1307 3814 exerceant
1332 3743 1369 3814 in
1393 3746 1490 3816 terris
1514 3746 1588 3818 suis

175 3887 280 3960 quam
302 3865 429 3961 aliquis
449 3865 611 3961 princeps
633 3863 771 3959 imperii
799 3863 923 3935 melius
944 3863 1073 3936 habere
1096 3865 1288 3938 dinoscitur
1310 3868 1345 3939 in
1370 3877 1459 3940 terra
1482 3893 1588 3962 quam

175 3989 302 4063 babet:
324 3998 364 4063 nt
382 3991 491 4063 bonos
509 4011 595 4061 nens
611 3997 646 4062 et
662 3986 930 4060 consuetudines
948 3998 1097 4083 ponant,
1114 3988 1253 4062 assisias
1268 3991 1395 4064 faciant
1410 4003 1444 4064 et
1461 4001 1588 4067 statuta

173 4115 303 4209 quibus
319 4123 356 4188 et
371 4113 460 4187 tides
475 4111 692 4186 credentium
704 4111 883 4184 roboretur
897 4120 933 4184 et
948 4112 1089 4186 omnino
1106 4133 1226 4186 eorum
1240 4113 1372 4188 subditi
1389 4137 1475 4211 pace
1492 4127 1587 4189 trau·

173 4239 282 4334 quilla
302 4237 478 4333 gaudeant
500 4246 536 4310 et
554 4243 707 4309 utantur.
728 4237 886 4309 Ceterum
907 4236 1110 4310 auctoritate
1126 4238 1295 4332 presentis
1311 4238 1484 4335 privilegii
1502 4263 1586 4336 pru-

172 4360 985 4458 hihemuautnullneprinceps‚du1,marchio,
1001 4383 1130 4454 eomes,
1146 4363 1582 4458 ministerialis,·scultetns,
1714 4355 1721 4366 ’

172 4491 383 4579 advocatus,
403 4488 544 4562 nullave
558 4509 704 4584 persona
721 4485 882 4560 sublimis
902 4488 960 4560 vel
978 4486 1135 4575 humilis,
1155 4488 1383 4562 ecclesiastica
1407 4493 1464 4564 vel
1482 4515 1584 4566 mun-

172 4616 280 4705 dana,
296 4624 414 4690 contra
430 4613 599 4711 presentis
614 4613 845 4686 concessionis
859 4620 896 4684 et
912 4611 1180 4687 confirmationis
1199 4624 1314 4690 nostre
1331 4618 1492 4712 peginam
1512 4643 1585 4694 au-
