4368 5876
257 582 354 644 lemur.
370 574 413 654 9.]
711 568 906 630 HiS'l'Oiiiii
931 561 1220 628 ulutotturtcs.
1612 555 1669 618 147

305 715 431 788 Datum
445 705 799 806 apsetianensium,
813 703 912 780 tertio
925 701 1091 776 kalendas
1102 699 1214 774 martii
1228 696 1258 793 (t
1267 695 1294 793 ),
1306 696 1462 770 feliciter.
1476 693 1586 768 Amen
1602 694 1665 791 (o).

493 1037 1434 1058 „an—mmnm———UW

315 1357 547 1462 Fridericus,
573 1353 831 1436 Romanorum
851 1350 1080 1460 imperator,
1101 1347 1287 1430 Annonem
1307 1344 1566 1428 marchionem
1590 1342 1672 1426 Es·
1711 1351 1873 1460 mmm,

261 1501 408 1574 tensem
425 1497 463 1573 et
476 1487 739 1571 Aneonensem
754 1512 843 1570 cum
861 1483 1039 1568 omnibus
1056 1481 1167 1565 bouis
1184 1479 1266 1591 ejus
1284 1478 1425 1562 ibidem
1443 1477 1673 1561 enumeratis
1749 1460 1838 1505 Μ’·

264 1623 337 1708 sub
351 1649 420 1707 suu
436 1621 588 1733 speciali
604 1619 833 1732 protectione
849 1617 1021 1728 suscipit,
1031 1618 1141 1726 eique
1154 1641 1199 1698 eu
1217 1614 1346 1697 omnia
1359 1612 1559 1697 confirmet
1575 1637 1674 1722 quae

266 1757 362 1840 Azzo
385 1765 492 1867 puter
508 1753 590 1866 ejus
608 1762 646 1837 et
664 1753 804 1838 Obizzo
822 1779 915 1836 evus
929 1750 1110 1862 praedicti
1130 1748 1288 1832 Anzouis
1306 1747 1408 1857 juste
1430 1745 1609 1829 habuisse
1632 1771 1677 1829 uo

264 1892 431 1973 tenuisse
448 1896 612 1973 noscunt
638 1914 671 1970 r.

347 2131 436 2210 (Edit.
451 2147 496 2208 up.
511 2131 687 2205 Munnuonr,
702 2127 816 2191 Antei.
832 2127 960 2204 usurus,
973 2135 997 2190 t.
1011 2129 1039 2201 1,
1051 2145 1080 2205 p.
1097 2135 1210 2188 ttu-
1217 2125 1329 2199 Lumo,
1347 2121 1415 2187 Ccd.
1431 2121 1498 2186 ital.
1514 2120 1677 2204 spumat,

384 2249 405 2299 t.
423 2239 449 2311 I,
463 2256 495 2317 p.
514 2236 617 2316 tert.)

316 2453 353 2523 ln
375 2451 514 2525 numine
536 2458 654 2524 sancte
672 2460 707 2522 et
728 2450 914 2522 individue
933 2448 1119 2522 Trinitatis.
1146 2447 1340 2521 Fridericus
1359 2443 1533 2518 secundus
1561 2445 1682 2519 diviua

268 2578 406 2650 favente
422 2575 604 2650 clementia
621 2574 853 2648 Romanorum
868 2575 1067 2670 imperator,
1085 2593 1222 2668 semper
1237 2579 1406 2665 augustus
1424 2578 1459 2642 et
1472 2591 1537 2642 rex
1553 2568 1679 2642 Sicilie.

269 2699 481 2795 Imperiulem
505 2698 607 2774 decet
626 2699 842 2773 clementium
858 2699 962 2791 justis
976 2697 1266 2794 postulationibus
1282 2717 1423 2768 suorum
1440 2694 1595 2768 fidetium
1613 2695 1683 2767 be-

270 2823 426 2898 nivolum
439 2825 585 2919 prebere
603 2845 800 2915 assensum,
821 2823 959 2896 illorum
973 2823 1127 2896 maxime
1144 2843 1292 2917 quorum
1315 2819 1397 2894 ndei
1416 2821 1547 2916 puritas
1559 2828 1594 2892 et
1610 2820 1683 2892 sin·

270 2967 346 3019 cera
373 2947 513 3021 devotio
535 2954 570 3020 et
596 2947 748 3042 preciera
772 2947 941 3042 obsequie
966 2947 1066 3019 nobis
1094 2955 1128 3019 et
1144 2945 1289 3041 imperio
1315 2943 1470 3016 exhibito
1494 2944 1682 3040 plurimum

270 3092 308 3144 se
330 3071 585 3145 commendent.
615 3071 667 3144 Eu
687 3080 827 3166 propter
850 3079 970 3145 notum
997 3071 1144 3144 tacimus
1171 3069 1345 3142 universis
1364 3068 1499 3167 imperii
1522 3067 1683 3142 fidelibus

270 3203 338 3268 tom
358 3196 525 3291 presentis
540 3195 641 3268 etatis
660 3216 766 3289 quum
785 3197 901 3268 future
923 3195 1130 3291 posteritatis
1150 3195 1247 3290 quod
1267 3216 1331 3269 nos
1352 3194 1569 3268 attendentes
1591 3195 1681 3266 mut·

269 3318 400 3393 timodu
415 3328 452 3394 et
468 3331 608 3416 occepta
624 3318 791 3394 beneficis
806 3342 876 3415 que
896 3321 1132 3416 progenitores
1146 3321 1261 3394 dilecti
1285 3318 1398 3394 fidelis
1415 3319 1520 3394 nostri
1537 3317 1684 3392 Aznouis

270 3443 480 3518 marchionis
498 3445 653 3518 Estensis
670 3454 705 3518 et
725 3444 939 3518 Aneouensis
956 3446 1257 3542 predecessoribus
1271 3445 1397 3519 nostris
1412 3445 1504 3518 clere
1519 3443 1684 3517 memorie

270 3567 436 3644 hactenus
454 3569 689 3642 exhibuerunt
704 3568 851 3644 fideliter
869 3581 905 3644 et
927 3572 1070 3665 devote,
1091 3581 1127 3644 et
1137 3571 1200 3649 iilo
1218 3570 1397 3667 presertim
1414 3569 1460 3643 ud
1482 3568 1682 3642 memorium

270 3690 474 3766 reducentes
496 3715 567 3789 qne
588 3693 764 3788 quondum
791 3695 881 3768 Azzo
904 3705 1001 3792 puter
1021 3696 1228 3769 marchionis
1249 3693 1395 3792 predicti
1422 3703 1457 3767 et
1482 3692 1682 3768 Aldebruu-

272 3813 376 3888 dinus
390 3817 494 3890 trater
505 3820 581 3912 ejus
598 3816 644 3891 ud
657 3828 808 3893 nostrum
821 3820 1060 3894 excellentium
1075 3818 1274 3894 fidelissime
1288 3819 1496 3908 habuerunt,
1512 3819 1559 3892 od
1574 3818 1682 3892 inetur

270 3941 529 4036 pmgenitorum
552 3953 747 4018 nostmrum
762 3952 798 4018 et
813 3965 932 4018 eorum
946 3944 1093 4040 vestigia
1109 3943 1278 4018 imitando
1296 3945 1426 4019 dictum
1446 3943 1679 4017 marchionem

311 4115 352 4197 (a)
372 4117 502 4182 Litterae
516 4121 670 4201 elongatus
681 4139 759 4200 quse
770 4119 896 4184 verbum
907 4121 1017 4183 AMEN
1030 4121 1168 4183 mhlbere
1180 4122 1288 4196 solent,
1308 4123 1472 4199 pesstrnetn
1482 4121 1623 4197 impresso
1636 4121 1678 4181 sie

272 4223 455 4286 redduntur:
471 4225 507 4287 Α.
522 4233 563 4287 et.
577 4227 613 4290 Τ.
629 4227 661 4290 s.

308 4516 346 4590 (t)
362 4515 429 4576 Cum
439 4521 569 4594 vigesimo
579 4523 695 4598 septimo
708 4523 753 4581 die
765 4521 891 4580 tebruorii
914 4521 986 4598 apud
1005 4517 1185 4579 Brundusium
1203 4519 1348 4595 imperator
1364 4517 1463 4578 morari
1481 4535 1535 4578 non
1549 4520 1678 4595 potuerit,

272 4616 399 4673 mendum
414 4617 442 4674 in
456 4620 592 4679 notatione
603 4621 656 4679 diei
671 4621 840 4697 suspicamur
851 4627 879 4678 et
891 4620 1033 4695 legendum
1048 4621 1126 4675 tertio
1140 4617 1202 4675 idus
1218 4619 1315 4675 mortis·
1328 4633 1383 4676 nou
1397 4618 1455 4675 siue
1472 4633 1578 4678 sumum
1596 4618 1679 4675 dubio

271 4713 455 4788 propon'nuus.
1676 4731 1678 4736 ·
