4298 5898
217 545 314 608 lucror.
335 545 396 624 itt]
667 541 864 604 HISTORIA
890 536 1182 602 ntatottaitca
1570 537 1626 601 tet

218 683 429 778 deburgensi
455 680 617 772 ecclesie,
636 680 770 778 prefato
789 677 1044 775 archiepiscopo
1063 687 1098 750 et
1115 677 1372 751 successoribus
1389 678 1464 770 ejus
1487 676 1523 748 in
1544 699 1629 775 per-

218 817 363 905 petuum
378 805 634 879 confirmamus.

266 932 379 1024 Hujus
406 931 457 1004 rei
488 941 592 1004 testes
617 932 699 1003 sunt
725 929 893 1005 Martinus
918 927 968 1027 (a)
993 927 1304 1002 Thessalonicensis
1330 928 1627 1040 archiepiscopus,

217 1056 477 1131 Bartholomeus
508 1055 736 1130 siracusanus
761 1065 795 1128 et
823 1055 1043 1128 Bonushomo
1071 1055 1355 1151 Capudaquensis
1381 1053 1427 1150 (b)
1457 1055 1627 1151 episcopi,

218 1182 392 1257 lohannes
416 1183 525 1256 abbas
548 1181 750 1274 Casamarii,
773 1181 974 1278 Rayualdus
992 1180 1069 1253 dux
1087 1179 1234 1276 Spoleti,
1260 1181 1390 1276 Symon
1408 1201 1523 1252 comes
1545 1180 1631 1252 Tea·

218 1305 330 1394 tinus,
350 1327 466 1380 comes
486 1307 667 1393 ilenricns,
685 1306 789 1379 etalii
807 1307 1031 1402 quamplures
1048 1306 1110 1400 qui
1125 1307 1320 1379 interfuere.
1336 1303 1392 1377 Ad
1406 1305 1511 1396 hujus
1525 1305 1633 1399 igitur

219 1430 452 1504 innovationis
475 1441 510 1504 et
533 1429 802 1504 confirmationis
824 1440 938 1504 nostre
954 1432 1154 1504 memoriam
1172 1439 1206 1503 et
1224 1432 1331 1503 robur
1351 1439 1518 1526 perpetuo
1538 1430 1631 1503 vali-

219 1563 336 1628 turum
359 1576 502 1650 presens
529 1555 749 1651 privilegium
776 1553 850 1628 fieri
877 1563 912 1628 et
935 1555 1123 1648 majestatis
1143 1565 1258 1630 nostre
1280 1555 1393 1650 sigilio
1414 1557 1631 1652 precepimus

219 1680 423 1752 communiri
441 1678 506 1775 (i).

267 1806 412 1899 Signum
437 1805 568 1879 domini
592 1804 756 1878 Frideriei
783 1805 929 1880 secundi
949 1805 1012 1879 Dei
1036 1807 1144 1901 gratia
1168 1804 1384 1878 invictissimi
1400 1807 1630 1880 homanorum

218 1927 455 2024 imperatoris,
475 1949 611 2025 semper
626 1930 766 2024 augusti
781 1940 817 2003 et
832 1932 923 2026 regis
940 1931 1068 2004 Sicilie.
1090 1929 1386 2028 (Mmoprammo.)

268 2054 355 2126 Acta
384 2065 467 2127 sunt
492 2055 556 2128 hec
584 2077 676 2128 anno
706 2055 879 2129 dominice
907 2056 1154 2128 incarnationis
1182 2057 1362 2128 millesimo
1395 2052 1631 2130 ducentesimo

218 2178 384 2251 vicesimo
401 2189 541 2274 quarto,
567 2201 685 2254 mensa
708 2181 929 2276 septembris,
948 2181 1189 2255 terciedecime
1213 2181 1424 2269 indictionis,
1442 2182 1633 2277 imperante

219 2301 360 2376 domino
391 2313 508 2377 nostro
535 2303 710 2378 Friderico
736 2306 891 2378 secundo
916 2306 978 2378 Dei
1006 2307 1118 2400 gratia
1147 2307 1375 2379 invictissimo
1401 2306 1630 2380 Romanomm

219 2428 442 2523 imperatore,
467 2450 601 2524 semper
627 2440 777 2524 angusto
803 2440 837 2503 et
857 2452 941 2525 roge
960 2431 1093 2523 Sicilia,
1114 2453 1206 2504 anno
1229 2432 1372 2505 Romani
1401 2433 1535 2528 imperii
1556 2433 1632 2525 ejus

218 2561 355 2646 quarto,
372 2554 469 2648 regni
484 2575 569 2630 vero
583 2555 699 2629 Sicilie
714 2555 880 2629 vicesimo
898 2577 936 2628 se
1047 2555 1106 2653 (c),
1124 2557 1279 2631 feliciter.
1295 2557 1419 2630 Amen.

268 2678 354 2750 Data
372 2677 549 2769 Cathanie,
569 2702 675 2773 anno,
696 2702 815 2754 mense
831 2689 867 2754 et
882 2681 1072 2756 indictione
1090 2683 1300 2780 prescriptis.

448 2941 1256 2952 *mn-m
1260 2939 1350 2948 ...μ-
1357 2939 1395 2946 ..-.-
1399 2939 1413 2946 n

272 3167 503 3272 Fridericus,
533 3170 794 3254 Romanorum
821 3171 1042 3279 imperator,
1066 3195 1155 3253 cum
1182 3169 1373 3253 Ludovico
1400 3167 1633 3252 Francorum
1687 3186 1807 3273 „5351

216 3326 308 3411 rege
325 3300 427 3384 hanc
445 3302 814 3388 confoederationem
834 3303 906 3385 init
925 3304 1031 3414 quod
1054 3304 1228 3387 homines
1249 3303 1358 3412 regni
1381 3301 1464 3412 ejus
1486 3311 1631 3385 contu-
1728 3343 1734 3353 ·

218 3461 346 3518 maces
363 3436 424 3520 rel
442 3435 602 3520 rebelles
620 3463 698 3520 non
716 3437 942 3548 receptabit,
963 3448 1000 3521 et
1017 3438 1119 3520 idem
1136 3465 1203 3521 rex
1221 3436 1369 3546 imperii
1386 3435 1546 3520 rebelles
1564 3463 1631 3518 seu

218 3566 491 3652 iorisbannitos
513 3595 592 3653 non
620 3571 701 3680 ipse
727 3572 957 3681 receptabit3
979 3573 1108 3656 addito
1125 3573 1231 3683 quod
1248 3598 1337 3654 cum
1363 3597 1453 3682 rege
1471 3569 1632 3680 Angliae

218 3710 255 3785 et
272 3728 362 3785 cum
379 3703 607 3787 haeredibus
625 3703 706 3816 ejus
723 3706 872 3788 nullam
895 3706 1101 3816 imperator
1117 3705 1486 3790 confoederationem
1503 3704 1627 3788 faciet.

261 3862 303 3944 (a)
324 3867 382 3943 hp.
398 3865 590 3946 Sagittarium
604 3866 744 3941 Martius,
759 3868 847 3930 male.

256 3971 296 4053 (h)
317 3975 492 4053 Sagittarius
511 3991 620 4037 nomeu
638 3980 767 4055 episcopi
782 3980 893 4040 omittit
911 3977 1409 4058 etinsuperCotanaariclegit31n
1426 3993 1486 4056 quo
1499 3993 1628 4056 magno-

216 4095 287 4156 pere
299 4079 418 4142 fallitur.

260 4183 296 4265 (c)
320 4187 368 4250 Sic
381 4189 412 4248 iu
423 4189 571 4268 originali,
587 4188 660 4250 dum
672 4189 747 4250 forte
760 4191 893 4250 notarius
906 4197 1007 4252 utrum
1019 4196 1101 4252 racto
1113 4207 1152 4252 au
1164 4190 1282 4270 reptem
1294 4188 1421 4250 seribere
1434 4188 1555 4250 deberet
1567 4207 1629 4250 non

216 4289 292 4354 bene
305 4301 415 4374 certus,
435 4295 561 4356 verbum
575 4297 775 4358 intermissum
794 4313 855 4358 non
868 4297 1065 4374 compleverit.
1082 4298 1141 4375 hp.
1155 4297 1346 4376 Sagittarium
1359 4301 1440 4358 rato
1446 4315 1463 4372 ;
1480 4295 1630 4358 evidenter

218 4404 318 4459 autem
331 4400 488 4478 legendum
501 4403 631 4482 septimo.

256 4609 292 4686 (t)
312 4613 435 4672 Notanda
446 4613 514 4672 haec
525 4613 631 4674 insolita
642 4615 803 4676 redactionis
816 4617 914 4690 forma,
928 4633 989 4675 cum
1004 4617 1112 4676 nomina
1123 4617 1232 4676 testium
1242 4616 1312 4674 hano
1324 4617 1437 4676 caudam
1449 4623 1542 4676 contra
1555 4635 1633 4678 usum

217 4711 384 4783 praecedant.
