4368 5876
492 566 551 628 114
987 566 1201 631 balnearet
1226 568 1399 631 sectant
1710 564 1790 642 [1111.
1810 561 1895 624 1221.

489 699 708 796 chicpisccpo
728 709 764 773 et
775 700 1032 776 successoribus
1045 703 1118 776 suis
1133 725 1175 776 ac
1190 705 1402 778 salernitane
1417 701 1560 776 ecclesie
1581 698 1790 798 supradicte,
1805 697 1897 769 illius

488 826 631 899 obtentu
650 845 714 920 per
726 847 830 920 quem
847 826 1067 901 subsistimus
1082 838 1118 902 et
1136 849 1322 925 regnamus
1339 838 1444 924 atque
1465 827 1660 902 interventu
1677 844 1818 922 precum
1837 843 1898 893 ve·

489 951 653 1024 narabilis
673 949 826 1046 episcopi
849 953 1041 1041 memorati,
1052 955 1132 1047 jure
1147 963 1311 1051 perpetuo
1331 952 1492 1028 habenda
1504 961 1540 1028 et
1557 947 1786 1048 possidenda,
1805 947 1900 1018 nullo

488 1076 590 1150 nobis
606 1083 641 1150 et
655 1074 842 1148 heredibus
862 1077 987 1150 nostris
1006 1079 1061 1151 vel
1084 1079 1134 1152 rei
1156 1088 1272 1154 nostre
1288 1079 1427 1175 publice
1448 1076 1588 1152 servitio
1611 1075 1695 1148 reali
1712 1073 1769 1150 vel
1786 1090 1901 1168 perso·

488 1200 559 1274 nali
579 1200 614 1272 in
634 1199 718 1294 ipsis
739 1202 795 1273 vel
813 1222 934 1274 eorum
952 1201 1069 1297 aliquo
1089 1212 1278 1295 reservato,
1299 1225 1346 1278 cx
1359 1211 1451 1278 certa
1465 1199 1674 1276 conscicntia
1691 1208 1726 1272 et
1742 1219 1790 1270 ex
1807 1217 1901 1268 mera

487 1323 691 1396 liberalitate
715 1333 831 1398 nostra
856 1325 962 1398 libere
985 1328 1209 1402 consedimus
1228 1337 1263 1401 ct
1278 1325 1555 1422 irrefragabiliter
1572 1321 1831 1411 confirmamus3
1857 1317 1902 1392 de

487 1447 731 1522 abundantiori
749 1449 858 1544 gratia
881 1450 974 1524 dicte
988 1450 1247 1549 archiepiscopo
1260 1463 1294 1526 et
1309 1451 1564 1526 successoribus
1580 1449 1654 1522 suis
1673 1443 1903 1522 concedentes

488 1581 526 1643 ut
542 1594 602 1666 per
625 1581 734 1646 totum
750 1595 895 1668 regnum
911 1584 1065 1648 nostrum
1078 1597 1299 1672 quocumque
1314 1598 1369 1648 res
1384 1583 1417 1650 et
1430 1573 1561 1648 reditus
1576 1593 1659 1646 suos
1674 1569 1829 1644 miserint
1843 1575 1904 1640 aut

487 1697 672 1770 detulerint
687 1701 780 1788 [seu]
795 1697 1019 1772 vendiderint
1036 1701 1091 1773 vel
1106 1723 1161 1774 res
1174 1701 1308 1796 aliquas
1327 1725 1388 1798 pro
1405 1723 1443 1774 se
1456 1699 1618 1775 domibus
1629 1705 1664 1771 et
1676 1695 1815 1770 familiis
1829 1693 1902 1766 suis

488 1823 776 1918 comparaverint,
801 1823 846 1896 ab
869 1824 963 1896 omni
976 1826 1054 1916 jure
1072 1825 1248 1919 diricture,
1267 1826 1416 1918 dobane,
1442 1822 1649 1922 portulatici,
1668 1817 1855 1913 lalaupagii
1868 1824 1903 1888 et

489 1947 534 2020 ab
552 1945 713 2019 omuibus
731 1948 808 2020 aliis
825 1947 997 2040 serviciis,
1018 1949 1258 2022 exactionibus
1284 1959 1447 2045 portuum
1471 1949 1528 2022 vel
1550 1947 1686 2019 viarum
1712 1943 1781 2016 sint
1804 1938 1901 2013 liberi

490 2071 628 2167 penitus
645 2081 679 2144 et
696 2071 868 2168 exempti3
888 2081 923 2146 et
940 2072 1024 2166 quia
1043 2073 1233 2148 libertatem
1250 2073 1361 2171 ipsius
1376 2073 1521 2148 ecclesie
1543 2069 1776 2158 salernitane,
1796 2065 1903 2138 cleri-

490 2217 610 2268 corum
633 2206 668 2270 et
694 2196 873 2270 bominum
900 2197 1010 2294 ipsius
1037 2197 1169 2272 illesam
1195 2199 1419 2294 proponimus
1455 2217 1678 2286 conservare,
1703 2189 1904 2266 auctoritate

490 2321 701 2417 presentium
729 2321 913 2395 statuimus
929 2321 1134 2396 mandantes
1152 2343 1197 2395 ne
1214 2322 1321 2418 aliqui
1343 2321 1506 2396 officiales
1530 2319 1636 2393 nostri
1660 2337 1725 2390 acu
1742 2313 1900 2402 comites,

491 2446 637 2520 barones
654 2449 712 2520 vel
730 2446 838 2540 bajuli
857 2447 932 2520 sive
952 2447 1166 2544 quicumque
1182 2449 1242 2523 alii
1266 2447 1475 2544 pastoribus,
1497 2445 1664 2536 ecclesiis,
1690 2440 1826 2514 clericis
1848 2438 1902 2510 vel

491 2570 690 2642 bominibus
707 2570 903 2644 christianis
922 2581 983 2644 aut
998 2571 1116 2664 judeis
1137 2570 1280 2644 ecclesie
1297 2571 1510 2644 Salernitana
1527 2568 1683 2666 predicte
1701 2566 1820 2640 datam
1842 2583 1903 2635 scu

490 2693 754 2768 subventionem
773 2695 925 2788 aliquam
943 2695 1120 2792 imponant
1137 2696 1194 2770 vel
1210 2695 1354 2788 exigant
1372 2695 1417 2768 ab
1438 2692 1570 2767 eisdem
1587 2700 1648 2766 aut
1665 2711 1726 2764 ecs
1743 2687 1790 2762 ad
1813 2708 1905 2760 exa-

490 2841 569 2903 men
592 2820 768 2915 proprium
787 2821 922 2896 trabere
938 2821 1091 2894 audeaut
1112 2822 1166 2896 vel
1184 2821 1221 2892 in
1239 2820 1395 2916 personis
1414 2828 1448 2894 et
1469 2819 1574 2892 rebus
1591 2817 1811 2912 aliquatenus
1826 2834 1906 2888 mc-

492 2945 613 3016 lcstarc
631 2952 750 3016 contra
771 2943 970 3016 canonicam
992 2944 1195 3018 libertatem.
1220 2945 1356 3018 lustum
1379 2943 1472 3015 enim
1500 2963 1576 3016 esse
1602 2939 1847 3037 prospeximus
1869 2937 1905 3008 in

492 3066 558 3139 hiis
569 3067 736 3164 prolatam
754 3069 934 3140 ecclesiam
947 3070 1112 3145 adinstar
1128 3092 1263 3165 regum,
1275 3069 1418 3160 ducum,
1440 3067 1634 3164 principum
1650 3073 1905 3140 anteoesrcrum

493 3199 685 3263 nostrorum
700 3195 848 3285 presenti
874 3201 989 3266 nostro
1009 3194 1190 3288 privilegio
1213 3192 1375 3267 decorare
1390 3211 1461 3285 qua
1480 3201 1550 3263 tam
1573 3187 1755 3264 excellenti
1771 3197 1808 3260 et
1825 3186 1907 3281 glo-

493 3314 584 3388 rioso
604 3314 746 3388 domino
769 3315 872 3388 beato
891 3317 1041 3390 Mattbco
1061 3318 1214 3412 apostolo
1239 3326 1274 3390 et
1292 3316 1505 3410 evangelista
1520 3324 1572 3388 est
1587 3337 1608 3388 a
1626 3313 1774 3386 Domino
1797 3311 1907 3384 dcco-

494 3438 795 3513 rata.lllandamua
807 3440 923 3534 itaque
934 3441 1136 3514 auctoritate
1145 3441 1312 3537 presentis
1321 3439 1491 3537 privilegii
1501 3447 1690 3512 satuentes
1704 3458 1749 3510 ne
1762 3435 1907 3531 quilibet

494 3584 648 3656 uuquam
666 3562 757 3636 hanc
769 3566 932 3658 paginam
951 3572 1065 3637 nostra
1086 3564 1318 3659 protectionis,
1338 3562 1571 3636 concessionis
1585 3570 1620 3634 et
1639 3559 1908 3634 confirmationis

494 3687 680 3781 infringere
706 3687 763 3760 vel
790 3687 822 3760 ei
847 3708 936 3763 ausu
962 3688 1142 3762 temerario
1168 3688 1338 3762 contraire
1360 3687 1499 3762 audeat.
1525 3684 1627 3772 Quod
1650 3686 1712 3780 qui
1740 3692 1909 3760 attentare

494 3811 741 3905 presumpserit
754 3811 792 3882 in
809 3832 873 3884 sue
890 3810 1090 3884 temeritatis
1102 3809 1291 3896 vindictam
1310 3811 1478 3884 ducentas
1493 3810 1599 3884 libras
1615 3809 1691 3882 auri
1710 3809 1790 3904 puri
1809 3829 1908 3882 ccm-

494 3942 613 4029 ponat,
633 3953 782 4028 quarum
799 3933 967 4010 medietas
980 3931 1063 4006 lisco
1085 3943 1201 4007 nostro
1221 3934 1404 4028 etreliqua
1427 3933 1595 4006 medietas
1611 3932 1724 4027 passis
1745 3931 1908 4024 injuriam

496 4059 722 4154 persolvatur,
745 4056 812 4130 istc
840 4057 1023 4152 privilegio
1047 4057 1270 4131 nihilominus
1294 4056 1331 4130 iu
1354 4078 1420 4131 suo
1444 4057 1568 4131 robore
1595 4063 1833 4151 permanente.
1854 4052 1910 4125 Ad

494 4183 594 4275 cujus
617 4182 666 4254 rei
694 4181 895 4254 memoriam
920 4189 955 4254 et
978 4189 1180 4276 perpetuam
1208 4180 1401 4255 firmitatem
1425 4199 1567 4277 presens
1599 4178 1825 4274 privilegium
1848 4198 1911 4272 per

496 4327 619 4378 manus
644 4305 784 4378 Perroni
811 4302 858 4377 de
886 4305 1035 4378 Venafro
1058 4303 1182 4376 notarii
1206 4312 1240 4376 et
1264 4303 1377 4378 fidelis
1404 4302 1511 4377 nostri
1537 4302 1641 4376 scribi
1663 4311 1699 4375 et
1723 4300 1911 4397 majestatis

498 4437 614 4502 nostre
635 4427 748 4520 sigillo
766 4427 932 4522 jussimus
950 4429 1168 4500 communiri.

546 4550 658 4640 Hujus
681 4557 797 4623 autem
820 4551 870 4622 rei
892 4561 994 4624 testes
1020 4562 1101 4624 sunt
1124 4551 1295 4626 Berardus
1312 4550 1521 4626 venerabilis
1539 4549 1823 4646 archiepiscopus
1842 4547 1913 4620 Pa-

498 4671 733 4763 normitauus,
777 4671 975 4765 Raynaldus
1012 4675 1218 4747 venerabilis
1255 4675 1535 4773 archiepiscopus
1565 4673 1774 4772 Capuauus,
1820 4673 1913 4768 Ray·
