4298 5898
529 473 592 534 tet
1032 475 1246 538 tntbtttct
1271 477 1445 542 SECUNDl
1755 491 1837 569 [An.
1855 493 1941 556 mu

579 607 666 682 Acta
691 617 773 682 sunt
790 608 857 682 bec
876 631 968 683 anno
987 608 1039 708 (a)
1055 612 1248 709 uccxxv,
1273 637 1393 692 mense
1412 621 1517 713 junii,
1537 623 1616 697 Xlll
1636 625 1854 722 indictionis,
1881 633 1943 702 im·

530 743 674 832 perante
699 732 841 807 domino
866 746 983 808 nostru
1007 735 1189 812 Frederiuo
1212 743 1368 817 secundo
1396 747 1458 820 liei
1487 749 1598 843 gratia
1620 751 1851 830 invictissimo
1872 758 1941 828 llo-

531 880 713 933 manornm
732 859 951 955 imperatore,
975 883 1114 958 semper
1134 875 1283 960 augusto
1297 877 1333 940 et
1354 891 1435 964 rege
1456 872 1588 960 Sicilie,
1606 895 1696 948 anno
1712 876 1856 950 Romani
1876 878 1940 951 im·

529 985 615 1080 perii
636 987 711 1077 ejus
725 985 860 1080 quinto,
874 988 973 1081 regni
985 1009 1068 1061 vero
1084 991 1200 1064 Sicilie
1214 993 1383 1087 vigesimo
1398 996 1558 1093 septimo,
1573 999 1729 1073 feliciter.
1748 1001 1873 1075 Amen.

576 1113 701 1184 Datum
715 1111 834 1207 Fugie,
854 1135 960 1206 anno,
981 1136 1113 1209 mense,
1132 1115 1321 1192 indictione
1336 1121 1546 1218 prescriptis.

353 1787 388 1817 ο,
480 1805 489 1826 ⁰
574 1711 812 1819 Friden'cus,
841 1712 1101 1796 Romanorum
1127 1715 1347 1825 imperator,
1378 1717 1428 1802 ud
1454 1717 1768 1827 supplicationem
1801 1715 1932 1800 archi·-

520 1849 684 1960 episcopi
703 1857 740 1931 et
757 1847 912 1958 capituli
935 1848 1139 1934 Tranensis
1164 1853 1321 1936 innovat
1346 1863 1384 1934 et
1414 1853 1615 1936 confirmat
1644 1853 1933 1963 priuilegiuma

519 2011 609 2095 rege
635 1982 845 2066 Williclmo
872 1984 1039 2068 secundo
1070 1985 1267 2096 qnondam
1298 1985 1491 2070 indultum
1522 1985 1733 2069 bertrando
1763 1985 1932 2095 ejusdem

519 2117 698 2201 ecclcsiae
717 2115 1017 2226 archiepiscopo,
1034 2143 1114 2228 quo
1128 2115 1218 2227 jura
1235 2117 1414 2202 ecclcsiae
1430 2117 1626 2202 diffinitio
1639 2117 1796 2228 judiciis
1814 2117 1930 2202 adul-

517 2251 701 2335 teriorum
719 2260 756 2334 et
773 2249 998 2334 clericorum
1015 2251 1156 2334 causis.

497 2508 499 2512 ’
598 2493 704 2574 (Edld.
718 2495 914 2570 Dnrmmrr,
929 2495 1050 2556 Durat.
1068 2491 1137 2556 rull.
1157 2493 1268 2558 remed.
1284 2492 1369 2579 teupi
1385 2495 1418 2557 di
1429 2493 1592 2576 ltnajredt,
1612 2513 1762 2571 monum„
1776 2497 1879 2568 n·lX‚
1891 2515 1928 2558 ex

635 2605 744 2682 origin.
760 2604 792 2664 ln
804 2603 887 2664 ereb.
904 2604 1010 2665 eccles.
1030 2605 1134 2678 Tren„
1149 2603 1224 2667 inse.
1241 2604 1272 2676 l,
1292 2615 1326 2665 n·
1341 2613 1369 2668 ⁴.
1387 2605 1526 2686 Slglllnm
1537 2605 1926 2686 qncdappendebetperiit,

635 2709 856 2772 remanentibus
868 2709 927 2772 lllls
940 2710 1023 2772 rubri
1035 2716 1066 2771 et
1077 2709 1148 2772 llevl
1160 2712 1292 2788 colorls.)

564 2925 758 3000 Friderieus
771 2925 834 2997 Dei
850 2925 960 3019 gratia
977 2927 1208 2999 Romanorum
1230 2925 1415 3023 imperator
1433 2935 1469 3000 et
1485 2949 1550 3000 rcx
1562 2927 1688 2999 Sicilie.
1705 2926 1771 2999 Per
1789 2948 1924 3022 presens

516 3051 683 3146 scriptum
708 3059 826 3122 notum
844 3049 919 3123 lieri
940 3053 1104 3124 uolumus
1124 3051 1296 3124 universis
1314 3050 1411 3147 quod
1431 3075 1478 3126 ex
1500 3061 1598 3148 parte
1620 3052 1830 3125 venerabilis
1847 3053 1922 3124 Tra·

517 3176 635 3250 nensis
649 3175 898 3272 archiepiscopi
912 3185 947 3248 et
964 3176 1106 3273 capituli
1120 3177 1175 3249 sui
1193 3175 1350 3268 ejusdem
1364 3178 1547 3250 Tranensis
1559 3177 1716 3267 ecclesie,
1734 3186 1921 3248 nostrorum

516 3301 694 3394 fidelium,
718 3298 897 3395 quoddam
909 3311 1033 3398 patens
1049 3301 1214 3397 scriptum
1229 3303 1322 3374 clare
1335 3302 1502 3374 memorie
1518 3303 1611 3396 regis
1623 3301 1786 3374 Wilielmi
1807 3321 1921 3374 conso·

515 3429 607 3504 brini
632 3426 740 3500 nostri
765 3427 831 3498 luit
854 3436 970 3499 nostre
993 3427 1089 3499 curie
1113 3435 1363 3523 presentatum,
1388 3425 1484 3522 quod
1506 3425 1590 3522 qnia
1617 3447 1680 3522 pro
1702 3425 1923 3498 diuturnitate

515 3555 679 3650 temporis
702 3553 968 3626 demolientibus
989 3553 1091 3624 tineis
1109 3563 1183 3626 erat
1203 3562 1373 3628 vetustate
1391 3562 1653 3648 consumptum,
1678 3551 1723 3624 ab
1744 3551 1796 3624 eis
1815 3549 1922 3623 extitit

514 3680 611 3754 curie
632 3687 747 3751 nostre
764 3678 927 3751 attentius
946 3678 1195 3773 supplicatum,
1221 3687 1393 3772 quatenm
1411 3678 1505 3752 idem
1521 3678 1689 3774 scriptum
1704 3674 1819 3748 eidem
1839 3677 1921 3747 Tra-

512 3805 613 3878 nensi
629 3803 773 3877 ecclesie
796 3826 817 3875 a
834 3802 990 3900 predicto
1005 3824 1087 3896 rege
1104 3801 1276 3876 indultum
1295 3803 1463 3876 innovare
1480 3812 1514 3875 et
1529 3800 1575 3875 de
1590 3810 1707 3874 nostra
1724 3799 1919 3874 confirmare

511 3927 622 4024 gratia
639 3929 881 4022 dignaremur,
897 3929 999 4021 cujus
1017 3927 1139 4022 scripti
1153 3936 1250 3999 teum
1264 3927 1342 4000 talis
1355 3937 1433 4000 est:

559 4054 753 4127 Wilielmus
766 4053 829 4125 Dei
847 4053 957 4147 gratia
970 4073 1034 4124 rex
1049 4049 1183 4144 Sicilie,
1202 4051 1352 4125 ducatus
1366 4051 1492 4149 Apulic
1505 4059 1541 4124 et
1555 4051 1769 4148 principatus
1785 4049 1914 4146 Gapue,

508 4199 580 4252 una
610 4201 689 4250 cnm
710 4177 852 4251 domina
873 4176 1056 4272 Margarita
1079 4176 1322 4270 gloriosissima
1343 4176 1467 4270 regina
1484 4186 1594 4250 matra
1611 4198 1697 4265 sue,
1717 4175 1912 4261 comitibus,

481 4388 483 4395 ι
507 4302 715 4391 camerariis,
737 4300 945 4394 justitiariis,
969 4299 1158 4372 baronibus
1177 4309 1212 4372 et
1236 4299 1408 4373 universis
1429 4299 1558 4391 bajulis
1581 4299 1644 4394 qui
1667 4309 1751 4372 sunt
1765 4299 1802 4370 in
1816 4318 1916 4394 paro-

504 4423 583 4495 cbia
610 4435 647 4496 et
672 4423 802 4496 diocesi
828 4426 1011 4497 Tranensis
1039 4423 1371 4519 archiepiscopatus,
1394 4423 1567 4498 lidelibus
1588 4422 1680 4516 snio,
1714 4425 1859 4497 salutem
1882 4428 1914 4492 et

546 4597 585 4678 (b)
607 4600 671 4675 Sle,
685 4617 747 4662 non
758 4605 904 4681 expressis
915 4603 1014 4664 rerbls
1027 4599 1167 4661 mirice
1183 4601 1401 4664 mmmm.
