4272 5886
192 579 291 640 lucrer.
310 573 372 654 la]
641 571 838 636 fltsaoltla
865 571 1159 634 anonomaston.
1549 580 1610 642 513

193 713 345 804 delibus,
361 719 431 783 tam
443 707 661 804 presentibus
680 730 787 803 quam
804 708 931 782 tuturis
943 707 1039 804 qnod
1052 729 1134 782 cum
1148 709 1297 784 dilectus
1310 710 1472 808 princeps
1494 724 1608 788 noster

192 836 409 910 Ekkebertus
434 831 645 906 venerabilis
673 832 969 924 Babenbergeusis
997 833 1180 930 episcopus
1207 834 1348 910 feodum
1374 837 1518 911 ecclesie
1544 861 1609 914 sue

194 960 232 1032 in
256 959 489 1046 Mortenowe,
509 955 605 1051 quod
626 955 710 1029 olim
727 957 837 1028 tenuit
860 957 906 1030 ab
931 955 1054 1030 eadem
1081 957 1226 1031 ecclesia
1251 958 1327 1031 dux
1350 958 1396 1034 de
1418 962 1607 1057 zeringen,

195 1083 298 1157 nobis
325 1091 360 1156 et
389 1081 514 1154 dilecto
546 1079 617 1153 lilio
649 1087 765 1153 nostre
800 1079 961 1154 Heinrico
988 1081 1222 1153 Romanorum
1250 1083 1324 1176 regi
1355 1093 1389 1156 et
1421 1084 1609 1159 heredibus

196 1206 322 1281 nostris
343 1207 380 1277 in
401 1214 607 1302 perpetuam
636 1205 842 1278 concesserit
867 1213 902 1277 et
927 1204 1109 1278 donaverit
1133 1207 1170 1277 iu
1201 1216 1333 1280 rectum
1357 1217 1392 1281 et
1419 1209 1609 1304 legitimum

196 1331 352 1425 feodum,
370 1331 406 1402 in
421 1329 597 1427 presentia
617 1329 758 1402 illustris
777 1329 1041 1403 ierosolimitani
1062 1331 1170 1425 regis,
1188 1331 1392 1405 dilectorum
1412 1334 1610 1431 principum

197 1465 391 1530 nostrornm
407 1452 546 1526 Austris
561 1462 597 1528 et
613 1453 788 1527 Corinthia
804 1454 948 1546 ducum,
970 1455 1083 1527 fratris
1101 1455 1290 1528 Hermanni
1310 1457 1464 1551 magistri
1486 1459 1611 1532 domus

197 1583 321 1655 Sancte
338 1579 447 1654 llarie
463 1578 726 1652 Tentonioorum
750 1579 787 1650 in
809 1579 1016 1672 ierusalem,
1039 1588 1075 1652 et
1097 1580 1356 1676 quamplurium
1383 1581 1514 1677 imperii
1542 1605 1613 1656 no-

197 1704 322 1779 bilium
337 1703 433 1800 apud
445 1705 610 1778 Sanctum
624 1701 847 1794 Germanum,
867 1713 949 1776 tune
968 1704 1149 1798 temporis,
1167 1705 1203 1776 in
1224 1704 1320 1778 curia
1335 1715 1450 1778 nostm
1465 1727 1613 1802 presen-

200 1829 301 1917 tium,
322 1848 386 1901 nos
404 1849 468 1924 pro
484 1826 595 1924 ipsius
612 1826 705 1901 leodi
723 1828 942 1924 susceptione
957 1836 993 1900 et
1008 1829 1257 1920 recognitione,
1279 1830 1504 1903 convenimus
1525 1852 1613 1925 qua·

201 1960 278 2027 tuor
300 1954 395 2028 milia
413 1975 606 2026 marcarum
632 1952 766 2044 argenti
789 1953 823 2026 ei
840 1961 875 2026 et
895 1953 1039 2026 ecclesie
1061 1975 1125 2026 sue
1149 1955 1185 2025 in
1211 1953 1442 2049 subscriptum
1471 1953 1613 2028 modum

199 2088 235 2152 et
251 2089 404 2152 tenorem
420 2077 496 2150 sine
514 2077 784 2152 contradictione
805 2077 993 2168 solvenda;
1013 2076 1204 2172 dequibus
1223 2076 1319 2173 apud
1342 2079 1505 2150 Sanctum
1523 2079 1614 2152 Ger-

200 2223 343 2275 manum
366 2202 485 2275 exolvi
511 2203 655 2275 lecimus
680 2203 713 2275 ei
738 2223 800 2297 pre
823 2201 1004 2290 menibus,
1033 2202 1081 2275 ad
1100 2224 1189 2296 opos
1207 2213 1242 2274 et
1269 2201 1449 2274 utilitatem
1471 2203 1615 2276 ecclesie

200 2347 278 2419 sue,
296 2326 389 2398 mille
405 2345 539 2398 mmcas
554 2324 700 2419 argenti.
719 2325 759 2397 ln
779 2326 867 2399 leste
883 2346 969 2398 vem
986 2325 1204 2398 Pentecosten
1218 2325 1331 2420 primo
1348 2334 1514 2412 venturo,
1533 2327 1616 2399 anni

201 2449 366 2524 videlicet
378 2459 502 2545 quarte
516 2449 651 2522 decime
671 2449 882 2540 indictionis,
900 2461 1057 2524 tenemur
1074 2450 1238 2522 exolvere
1251 2449 1318 2522 sibi
1336 2451 1392 2523 vel
1414 2450 1536 2523 nuntio
1553 2471 1617 2524 suo

201 2595 264 2670 per
277 2596 402 2650 manus
417 2574 564 2670 predicti
577 2574 734 2670 magistri
751 2583 787 2647 et
800 2576 942 2648 fratrum
958 2574 1084 2648 domas
1098 2575 1362 2648 Teutonicorum
1379 2573 1473 2648 mille
1485 2595 1619 2650 marcas

202 2699 348 2794 argenti.
373 2699 468 2784 Quas
489 2699 519 2772 si
541 2698 663 2773 eodem
691 2700 838 2772 termino
861 2720 931 2772 non
955 2700 1246 2794 persolverimus,
1267 2701 1361 2772 mille
1385 2719 1500 2772 maros
1521 2701 1619 2794 prius

203 2825 313 2898 solute
335 2831 438 2896 erunt
462 2822 620 2918 ejusdem
645 2824 819 2921 episcopi,
843 2823 1067 2897 concessione
1088 2844 1130 2895 ac
1155 2823 1341 2898 donatione
1366 2823 1520 2920 predicta
1549 2825 1620 2896 mi·

205 2948 298 3022 nime
320 2947 492 3022 valituris.
521 2947 667 3043 Reliqua
689 2969 775 3024 vero
799 2946 986 3021 duomilia
1014 2969 1208 3020 marcarum
1231 2948 1365 3042 argenti
1392 2949 1620 3024 convenimus

204 3072 262 3146 vel
279 3072 348 3146 sihi
363 3075 420 3146 vel
435 3073 557 3147 nuntio
570 3094 635 3147 suo
651 3073 698 3148 ad
715 3094 803 3170 opus
820 3073 967 3148 ecclesie
983 3095 1059 3167 sue,
1077 3073 1115 3144 in
1132 3073 1202 3145 alio
1221 3072 1385 3147 videlicet
1404 3073 1520 3146 futuro
1536 3075 1622 3148 sesto

204 3195 421 3272 Pentecostes
438 3199 521 3270 anni
539 3198 715 3292 sequentis
737 3198 994 3293 quintodecime
1010 3198 1208 3272 indictionis
1225 3197 1322 3294 apud
1335 3196 1540 3290 Narinbero,
1560 3220 1623 3296 per

205 3342 330 3394 manus
350 3321 504 3416 magistri
528 3331 564 3396 et
579 3324 724 3397 fratrum
741 3322 900 3417 ejusdem
916 3323 1041 3398 domus
1061 3322 1323 3398 Tectonicorum
1341 3322 1521 3395 solvenda.
1546 3323 1623 3408 Que

205 3445 236 3518 si
257 3465 327 3518 non
350 3444 480 3518 luerint
500 3445 624 3522 ecdem
648 3445 781 3543 prolixo
807 3446 954 3520 termino
976 3448 1163 3543 persoluta,
1185 3446 1257 3521 duo
1283 3446 1379 3518 milia
1405 3466 1618 3538 marcarum,

207 3590 276 3664 que
289 3571 363 3664 jam
379 3571 493 3644 soluta
513 3580 634 3663 erunt,
653 3571 723 3646 sint
739 3594 786 3646 ex
802 3581 872 3646 toto
897 3572 1206 3668 sanemcrgonsis
1217 3571 1389 3668 episcopi,
1409 3580 1444 3644 et
1468 3571 1621 3667 predicta

209 3694 386 3768 concessio
408 3704 444 3767 ct
468 3694 610 3770 donatio
634 3698 730 3770 nulle
752 3702 866 3770 erunt.
893 3697 929 3770 Si
954 3719 1039 3772 vero
1061 3697 1151 3772 inira
1173 3705 1310 3793 tempus
1333 3696 1513 3770 solutionis
1533 3719 1621 3793 pre-

209 3815 312 3909 dicte,
333 3818 389 3890 vel
408 3819 506 3914 prius
526 3842 632 3915 quam
646 3821 779 3916 integre
792 3820 838 3894 sit
856 3821 944 3894 lacta
961 3821 1104 3914 solatio,
1123 3820 1378 3916 aliquid-nobis
1404 3819 1617 3909 humanitus,

207 3937 305 4034 quod
321 3941 415 4014 Deus
436 3952 585 4037 avertat,
606 3944 837 4040 contingeret,
858 3944 1027 4017 Henricus
1050 3965 1116 4017 rex
1135 3944 1367 4018 Romanorum
1390 3943 1483 4017 filins
1504 3951 1620 4018 noster

209 4082 321 4158 usque
336 4084 400 4159 per
421 4074 531 4140 totum
557 4088 666 4140 unum
684 4089 815 4140 annum
838 4068 1061 4162 completum,
1083 4069 1172 4142 ultra
1194 4067 1378 4140 terminum
1397 4066 1499 4141 nobis
1519 4087 1620 4162 pres·

207 4184 326 4277 titum,
350 4187 493 4263 habebit
519 4191 672 4268 indutias
696 4200 901 4293 conventam
929 4192 1112 4288 pecunimn
1135 4191 1374 4288 persolvendi,
1397 4195 1502 4286 juxta
1522 4189 1619 4285 quod

207 4309 245 4382 in
263 4310 384 4386 litteris
407 4314 565 4406 ejusdem
589 4316 885 4412 Babenbergensis
901 4315 1055 4412 episcopi
1077 4315 1161 4388 inde
1184 4316 1319 4412 scriptis
1344 4315 1480 4413 plenius
1501 4316 1619 4390 conti-

207 4443 321 4508 netnr.
354 4435 412 4510 Ad
439 4439 543 4533 hujus
572 4441 692 4536 itaque
715 4439 954 4516 conventionis
981 4449 1017 4514 et
1045 4440 1226 4514 solutionis
1251 4439 1452 4512 memoriam
1478 4459 1619 4534 presens
1704 4463 1707 4470 ’

207 4557 375 4655 scriptum
401 4563 448 4638 ad
477 4566 649 4638 cantelam
676 4565 760 4639 dieti
788 4565 941 4662 episcopi
967 4573 1003 4640 et
1029 4566 1174 4640 ecclesie
1201 4585 1264 4638 sue
1292 4563 1366 4638 lieri
1394 4563 1558 4658 lecimus,
1584 4573 1620 4638 et

208 4682 324 4776 sigillo
338 4695 455 4761 nostro
469 4689 639 4781 iussimus
655 4689 873 4766 communiri.

309 4810 350 4870 11.
1428 4819 1464 4872 65
