4368 5876
259 611 356 670 luetur.
372 606 416 686 a]
716 595 912 658 HISTORIA
939 597 1231 661 utrtcttauict.
1621 595 1678 657 155

307 739 580 838 EgoPhiiippus
598 737 661 810 Dei
681 733 792 831 gratia
810 734 1080 838 Martumnsusis
1098 737 1282 844 episcopus
1301 733 1379 808 uiso
1396 742 1431 805 et
1446 733 1596 829 perlecto
1613 755 1676 808 au·

259 869 411 944 tbantico
434 863 625 959 subscripsi
648 870 683 935 et
706 860 819 955 sigilio
837 859 1007 954 impressi.
1026 899 1078 914 --
1093 861 1167 956 Ego
1189 862 1297 934 Obizo
1320 857 1373 956 (t)
1394 857 1675 956 archiepiscopus

261 991 491 1069 consentinus
509 991 586 1063 viso
599 997 634 1060 et
647 988 734 1060 lecto
753 985 951 1058 authentico
965 985 1155 1083 subscripsi
1173 996 1207 1060 at
1221 985 1372 1080 sigilium
1389 982 1548 1081 apposui.

316 1571 553 1678 Fridaricus,
582 1549 843 1654 Romanorum
874 1569 1103 1680 imperator,
1133 1569 1183 1652 ad
1209 1569 1430 1654 instantiam
1461 1569 1610 1654 abbatis
1641 1581 1679 1654 et
1706 1579 1869 1684 ,mmm

264 1715 473 1790 conventus
500 1704 720 1789 monasterii
748 1703 908 1786 Sanctae
934 1704 1074 1787 Mariae
1100 1701 1148 1785 de
1177 1701 1330 1786 Curatio
1356 1703 1506 1787 ordinis.
1529 1703 1677 1788 Cistar-
1745 1687 1834 1732 ΝΜ

263 1839 419 1946 aiensis,
444 1840 483 1921 in
511 1839 672 1922 dioecesi
690 1837 989 1943 Marturanensi,
1009 1837 1208 1949 privilegia
1234 1864 1257 1920 a
1281 1837 1484 1922 Guiiieimo
1500 1837 1625 1947 primo
1643 1849 1681 1924 et

264 1974 431 2056 secundo
449 1973 572 2056 eidam
590 1973 823 2055 monastario
839 1971 989 2054 indulta
1006 1971 1207 2054 confirmat
1226 1969 1241 2083 (
1270 1971 1301 2082 ).

347 2213 511 2292 (Memorat.
527 2210 824 2294 ap.ttourm1,1ta1.
840 2230 928 2292 sam,
944 2221 965 2275 t
981 2214 1035 2285 IX.
1053 2231 1083 2292 p.
1100 2223 1171 2290 2¹1⁵,
1186 2221 1216 2297 et
1227 2229 1275 2292 ap.
1292 2215 1409 2289 huno,
1420 2215 1457 2274 B.
1470 2212 1599 2275 loacbint
1613 2213 1680 2276 abb.

385 2317 465 2392 Flor.
484 2318 612 2382 mdodd.
628 2322 735 2383 veritos
754 2319 889 2400 desento,
905 2337 937 2398 p.
957 2330 995 2382 25
1011 2327 1041 2382 et
1054 2330 1102 2381 27.
1120 2321 1270 2398 Origtnuic
1283 2321 1478 2399 privilegium,
1494 2325 1529 2381 ut
1541 2321 1631 2383 refert
1651 2325 1682 2383 in

385 2429 584 2491 authenticam
599 2429 922 2507 formamreussumptu¹
935 2427 1024 2506 hujus
1037 2430 1123 2505 eopia
1137 2437 1174 2490 tt
1189 2426 1332 2508 septemb.
1351 2435 1444 2503 157⁸,
1458 2427 1580 2488 extabat
1592 2445 1683 2506 penes

384 2537 516 2598 Marium
531 2537 678 2616 Caputum
692 2538 862 2600 monasterii
876 2537 1055 2598 Curatiensis
1066 2535 1211 2596 bonorum
1224 2537 1357 2596 omnium
1375 2541 1447 2596 tuno
1464 2533 1681 2614 aitittatorcm.)

314 2751 379 2824 Par
394 2771 521 2824 manus
534 2751 625 2824 Petri
643 2750 688 2824 da
705 2751 847 2823 Saiemo
864 2747 988 2822 notarii
1007 2747 1114 2822 nostri
1120 2801 1318 2821 ......
1344 2741 1358 2818 ’.

316 2874 442 2948 Datum
457 2875 552 2972 apud
564 2873 815 2968 Brundusium,
829 2895 921 2948 anno
935 2871 1109 2948 dominice
1119 2871 1365 2947 incarnationis
1377 2869 1554 2966 dccxxi,
1567 2893 1686 2946 mense

268 3001 408 3093 martio,
427 3001 619 3075 indictione
635 3021 727 3074 nona
730 3051 903 3072 .....
931 2998 997 3096 (3).
1457 3000 1460 3008 “

487 3307 758 3316 --η---σ-ι-μ--ο
768 3309 823 3316 -a-
829 3310 906 3317 --——-
914 3310 1030 3318 ---.-—-.-
1035 3309 1147 3318 ----—.-
1151 3307 1470 3318 a—-n--u———n-—fl

322 3579 558 3692 Fridericus,
579 3585 840 3670 Romanorum
867 3586 1093 3697 imperator,
1122 3587 1252 3670 omnia
1278 3585 1400 3696 bona,
1428 3585 1621 3672 libertates
1647 3597 1686 3672 at
1726 3593 1861 3693 Ἢ

308 3901 345 3976 (t)
363 3901 448 3963 Obino
458 3905 526 3964 civis
537 3905 662 3965 astensis
676 3907 765 3966 Lucae
779 3907 981 3984 archiepiscopo
992 3908 1137 3968 Cusentino
1152 3909 1284 3968 successit
1295 3924 1366 3966 anno
1381 3911 1459 3969 aaut.
1474 3909 1535 3970 vid.
1547 3911 1683 3982 anmr,

268 3999 337 4058 Itot.
351 4017 434 4072 soon,
449 4003 498 4074 lx,
512 4005 575 4064 stt.

305 4095 341 4170 (t)
355 4097 395 4156 itx
409 4098 463 4156 boc
475 4099 614 4174 privilagio
628 4105 742 4174 mactat,
753 4107 785 4160 ut
797 4108 889 4160 monet
901 4103 1023 4176 hunus,
1034 4102 1094 4162 ioco
1107 4117 1189 4178 supra
1204 4103 1295 4175 auu,
1304 4102 1403 4162 Curatii
1417 4101 1608 4160 monasterium
1620 4117 1689 4179 spe-

269 4193 364 4252 ciatam
375 4210 429 4253 non
443 4195 570 4256 babuisse
584 4197 766 4274 fundatorem,
780 4200 830 4259 sed
847 4217 913 4276 pras
931 4201 1045 4260 materis
1058 4201 1231 4258 fundatorum
1247 4201 1326 4260 titulo
1343 4201 1491 4259 honoratos
1504 4201 1625 4260 matisc
1636 4201 1686 4260 lio·

269 4293 373 4365 getium
388 4293 423 4352 ds
434 4295 588 4354 marturano
607 4303 636 4354 et
652 4297 815 4357 Riccnrdum
836 4301 894 4374 ejus
916 4299 1042 4372 tratrem,
1064 4299 1231 4358 iiattbaeum
1249 4297 1332 4357 filium
1352 4299 1465 4374 praeisti
1485 4298 1590 4374 lingerii
1607 4304 1689 4374 atque

269 4387 419 4448 tobrnnem
435 4389 520 4450 bitum
533 4394 664 4452 antedicti
676 4395 800 4455 iticcrrdi
813 4397 848 4455 de
862 4399 1027 4456 Memorem.

305 4487 341 4562 (t)
359 4488 442 4549 Paulo
454 4497 518 4550 aute
531 4493 584 4552 boc
597 4499 706 4570 tompus
718 4496 773 4555 Leo
785 4496 821 4555 dc
834 4497 947 4568 Maure,
959 4496 1051 4570 regius
1062 4495 1237 4570 jusb'oiarios,
1249 4495 1283 4554 de
1296 4495 1424 4554 mandato
1437 4495 1512 4569 regio
1526 4501 1556 4553 et
1568 4497 1596 4552 in
1608 4511 1690 4570 prse-

270 4585 357 4644 sentiu
370 4587 486 4664 Philippi
500 4589 712 4652 iiarturnnansis
725 4593 847 4670 episcopi
860 4594 952 4652 fratris
964 4595 1007 4652 sui
1019 4594 1205 4669 quaestionem
1217 4593 1444 4652 determinaverat
1454 4608 1524 4670 quae
1537 4594 1692 4653 tumtun

271 4683 341 4741 inter
360 4689 554 4747 monasterium
569 4689 671 4748 curatii
694 4697 724 4750 et
742 4691 867 4751 homines
885 4692 991 4765 Siliani,
1013 4709 1084 4751 anno
1103 4691 1259 4750 Dominicae
1278 4691 1471 4750 incarnationis
1493 4695 1558 4750 itii
1586 4692 1690 4766 (itta),

271 4795 365 4839 mensa
377 4783 544 4859 novembris,
559 4785 714 4846 indictionis
726 4803 823 4863 nonae,
839 4805 911 4849 anno
921 4790 995 4864 regni
1008 4789 1239 4850 indormita-
1251 4787 1292 4846 Gi.
1304 4789 1448 4862 uanam,
1461 4787 1568 4860 itiitere,
1584 4807 1603 4865 p
1627 4793 1690 4848 tta.
