4368 5876
491 545 548 606 102
987 546 1202 612 rulbualcl
1227 551 1400 612 secutur
1714 547 1793 631 [Ara.
1814 548 1897 608 tait.

570 735 685 816 (lnedtt
702 751 741 798 ex
754 735 859 798 eodem
872 735 1003 817 urcblro,
1015 737 1080 800 loeo
1091 737 1309 822 supracitato.)

538 925 740 1002 Frederious
759 927 821 1000 Dei
841 927 953 1022 gratia
973 929 1204 1008 Romanorum
1224 931 1422 1028 imperator,
1443 949 1580 1025 semper
1596 935 1767 1020 augustus
1787 935 1823 998 et
1838 947 1900 998 rex

489 1049 618 1124 Sicilie.
639 1051 703 1124 Per
725 1073 867 1148 presens
890 1052 1056 1149 scriptum
1080 1064 1199 1128 uotum
1226 1053 1373 1129 tacimus
1394 1053 1566 1126 uniuersis
1590 1061 1659 1124 mm
1682 1051 1902 1147 presentibus

488 1197 593 1272 quam
616 1175 742 1248 futuris
766 1175 864 1270 quod
888 1197 951 1252 uus
975 1175 1085 1273 ipsius
1107 1177 1301 1250 dovotionis
1318 1177 1446 1250 iutuitu
1470 1198 1577 1272 quam
1595 1175 1747 1270 gerimus
1763 1171 1812 1246 ad
1828 1193 1902 1248 mo·

491 1299 680 1374 nasnrium
714 1299 900 1376 Casiuense
929 1310 964 1374 et
991 1301 1074 1395 quia
1097 1303 1177 1395 jura
1206 1301 1316 1398 ipsius
1345 1301 1478 1396 integre
1507 1302 1669 1373 volumus
1699 1319 1763 1394 pro
1794 1297 1904 1370 salute

491 1433 606 1498 nostra
626 1434 792 1520 perpetua
816 1425 1022 1515 observare,
1044 1424 1168 1500 damus
1190 1434 1225 1498 et
1251 1425 1475 1502 concedimus
1497 1424 1611 1498 eidem
1634 1421 1842 1496 monasterio
1867 1431 1905 1492 ut

487 1548 625 1642 jndices
644 1557 680 1622 et
692 1547 800 1622 balivi
819 1558 908 1624 terro
924 1550 1122 1624 monasterii
1139 1550 1334 1624 &cinensis
1351 1549 1496 1624 audiant
1513 1558 1548 1622 et
1567 1547 1798 1622 determinent
1817 1543 1903 1618 lina·

491 1674 568 1747 litor
583 1673 704 1746 ciuiles
718 1676 916 1767 questiones
930 1673 1109 1757 homiuum
1124 1675 1262 1752 abbatie
1273 1675 1375 1766 juxta
1383 1675 1463 1765 jura
1476 1683 1512 1748 et
1523 1671 1791 1746 consuetudines
1803 1669 1903 1760 regui

492 1797 615 1885 nostri,
631 1797 861 1893 appellatione
883 1806 962 1872 aute
986 1798 1204 1874 diffinitivam
1224 1798 1428 1872 numnam
1452 1797 1500 1872 ad
1521 1797 1732 1890 majestatem
1754 1805 1902 1869 nostram

494 1920 693 2018 interposita
717 1921 975 1996 nonobstante.
999 1919 1053 1996 Ad
1072 1924 1173 2017 cujus
1196 1923 1315 2018 itaque
1337 1921 1387 1996 rei
1410 1921 1612 1995 memoriam
1634 1929 1669 1995 et
1686 1919 1904 1992 accumulem

494 2054 695 2144 perpetuam
728 2045 925 2120 monasterii
956 2045 1151 2124 emnensn
1181 2067 1322 2143 presens
1348 2045 1431 2120 iude
1460 2046 1629 2144 scriptum
1655 2045 1730 2118 lieri
1761 2041 1905 2116 lecimus

495 2179 611 2246 nostro
626 2170 740 2265 sigillo
754 2169 941 2266 signatum.

543 2300 669 2372 Datum
682 2297 837 2394 Neapoli,
854 2297 928 2370 llll⁰
936 2347 939 2354 -
942 2296 1107 2390 ianuarii,
1129 2295 1316 2370 indictione
1332 2296 1447 2372 Vllll·.

740 2659 997 2670 -n-——u—--
1004 2661 1018 2667 .-
1025 2661 1035 2667 .
1046 2661 1104 2668 ...ν-
1111 2652 1681 2672 ..n-..ww

354 3072 381 3103 a
550 2984 782 3090 Fridericns,
806 2983 1064 3067 Romanorum
1082 2984 1311 3091 imperator,
1329 2982 1379 3064 ad
1401 2981 1715 3092 supplicationem
1730 2979 1910 3089 Stephani

331 3222 337 3232 ¹
381 3089 438 3220 aa:
498 3120 647 3205 abbatis
663 3115 1189 3202 Caeninensisxenodoohinm
1212 3115 1337 3199 Sancti
1359 3115 1552 3198 benedicti
1574 3142 1645 3224 pro
1668 3115 1804 3198 solatio
1827 3101 1916 3222 ege·

340 3230 383 3264 ⁸⁸¹¹
435 3248 442 3269 '
498 3279 637 3340 norum
658 3261 697 3335 et
712 3251 1001 3361 peregrinorum
1023 3259 1236 3334 extructum
1250 3249 1323 3334 sub
1336 3275 1407 3334 sua
1419 3251 1652 3358 protectione
1664 3249 1813 3358 recipit,
1827 3271 1917 3356 pos-

501 3389 762 3496 sessionesque
780 3382 862 3493 ejus
875 3395 1042 3467 recense
1058 3395 1096 3468 et
1114 3384 1326 3468 confirmat.

580 3601 679 3680 (adid.
690 3601 848 3676 Garum,
861 3599 969 3661 Accae.
988 3597 1029 3660 ud
1047 3597 1145 3662 taor.
1163 3600 1287 3675 Caria,
1304 3601 1331 3675 1,
1348 3609 1418 3676 aaa,
1436 3615 1474 3660 ex
1487 3595 1694 3680 autographo.)

549 3791 744 3866 bridericns
762 3787 824 3862 Dei
847 3788 957 3882 gratia
982 3787 1211 3860 Romanorum
1232 3788 1428 3884 imperator,
1453 3807 1589 3882 semper
1614 3793 1786 3879 augustus
1802 3793 1839 3856 et
1854 3803 1915 3855 rex

502 3918 631 3993 Sicilie.
657 3914 747 4000 Quia
772 3913 838 4008 piis
864 3912 948 3984 locis
972 3919 1007 3984 et
1030 3910 1285 3983 venerabilibus
1308 3908 1532 3984 xenodochiis
1555 3908 1718 4006 cupimus
1737 3907 1920 3979 munimen

504 4039 657 4116 tuitionis
673 4036 874 4132 impendere
888 4034 986 4109 atilli
1000 4033 1231 4108 defensionem
1247 4033 1499 4130 imperatoriam
1516 4033 1684 4130 impertiri
1702 4054 1809 4128 quem
1823 4039 1921 4126 pater

503 4163 737 4239 sanctissimus
753 4158 961 4233 &demotus
974 4157 1132 4249 incoluit,
1153 4157 1333 4248 extrussit,
1350 4165 1385 4230 et
1398 4180 1463 4230 sua
1478 4157 1647 4254 corporali
1660 4157 1835 4253 presentia
1855 4155 1923 4228 cla·

504 4289 677 4360 rissimum
700 4306 741 4358 ac
758 4282 1014 4356 memorabilem
1031 4289 1101 4354 toto
1122 4281 1197 4354 orbi
1218 4281 1346 4370 offecit,
1367 4281 1511 4354 unicum
1529 4303 1720 4376 effluorum
1737 4280 1920 4368 solatium,

504 4409 762 4505 peregrinorum
792 4415 828 4478 et
856 4406 1092 4477 necessitatem
1113 4403 1312 4476 habentium
1337 4413 1497 4499 portum,
1525 4415 1646 4478 uotum
1671 4405 1821 4478 facimus
1844 4404 1923 4475 uui·

506 4531 615 4604 versis
633 4539 703 4602 mm
719 4527 936 4625 presentibus
951 4549 1057 4623 quam
1074 4527 1198 4599 futuris
1209 4526 1356 4620 qualiter
1374 4528 1569 4622 Stephanus
1586 4527 1798 4601 venerabilis
1812 4529 1923 4600 abbas

505 4654 700 4728 monasterii
728 4650 937 4725 Cassineusis
964 4651 1014 4752 iu⁸
1034 4659 1150 4724 nostra
1179 4651 1350 4746 presentia
1378 4653 1587 4726 constitutus
1610 4653 1712 4727 uobis
1742 4653 1924 4726 humiliter
