4272 5886
557 545 618 608 568
1067 545 1281 609 intuuntur
1305 545 1477 610 sectum
1788 550 1873 630 [An.
1892 552 1981 618 lm.

559 683 659 755 nensi
671 683 727 756 vel
747 683 781 754 in
799 689 869 756 toto
885 680 1049 756 comitatu
1065 683 1279 779 Senogalli03
1296 693 1427 758 curtem
1444 684 1547 759 ctiam
1564 685 1678 759 Sancti
1690 685 1782 760 Petri
1799 687 1836 760 in
1858 688 1978 759 Ponti-

558 808 645 880 cello
661 829 741 879 cnm
757 807 921 880 omnibus
936 809 1155 903 pertinentiis
1169 809 1242 881 suis
1257 809 1293 881 in
1307 809 1420 905 planis
1434 811 1490 883 vel
1509 810 1545 882 in
1563 811 1757 884 montaneis
1772 813 1829 884 vel
1845 813 1978 907 ubique

556 931 690 1028 positis,
708 941 742 1004 et
763 932 907 1028 insuper
920 932 1101 1006 ecclesiam
1118 934 1235 1007 Sancti
1254 935 1344 1006 Petri
1369 936 1405 1006 in
1423 933 1588 1008 casaliclo
1611 957 1691 1008 cum
1713 937 1882 1008 omnibus
1905 939 1976 1009 suis

555 1055 770 1153 pertinentiis
796 1057 1067 1153 circumquaque
1095 1059 1214 1154 positis
1242 1069 1277 1132 et
1299 1059 1469 1155 quicquid
1497 1061 1586 1134 inira
1609 1061 1785 1133 civitatem
1813 1063 1976 1136 Faventie

555 1183 612 1257 vcl
636 1193 735 1257 extra
755 1183 886 1280 ubique
904 1185 1042 1280 positis,
1066 1185 1235 1281 quicquid
1257 1186 1295 1258 in
1321 1186 1376 1260 his
1397 1186 1537 1260 duobus
1564 1185 1785 1260 comitatibus
1811 1187 1975 1260 Faventie

555 1308 685 1382 scilicet
701 1318 736 1382 et
754 1309 858 1384 lmolc
873 1311 930 1382 vel
947 1311 1079 1405 ubique
1097 1311 1240 1407 positis;
1259 1310 1323 1384 bec
1341 1311 1458 1384 omnia
1476 1333 1557 1384 cnm
1575 1311 1685 1398 creis,
1702 1310 1872 1403 edificiis,
1894 1335 1974 1383 us-

555 1433 629 1524 trie,
649 1433 826 1529 cappellis,
847 1433 958 1523 silvis,
979 1434 1097 1530 pratis,
1115 1436 1264 1529 pascuis,
1282 1435 1430 1526 salectis,
1448 1435 1597 1524 olivetis,
1619 1435 1758 1525 vinetis,
1780 1437 1970 1526 montibus,

555 1560 726 1649 vallibus,
747 1560 981 1656 planiciebus,
998 1561 1100 1656 aquis
1117 1581 1358 1656 aquarumque
1374 1559 1597 1650 decursibus,
1619 1560 1891 1655 piscationibus,
1907 1584 1974 1634 ve-

555 1685 767 1776 nationibus,
788 1685 908 1758 salinis
926 1694 960 1757 et
979 1707 1056 1758 curn
1078 1685 1172 1758 omni
1193 1685 1423 1779 utilitateque
1441 1684 1496 1756 vel
1516 1683 1685 1756 nominari
1708 1685 1765 1756 vel
1782 1683 1891 1756 scribi
1910 1706 1974 1779 pc·

553 1818 632 1900 test,
648 1809 888 1882 verumetiam
904 1818 1037 1882 curtem
1051 1809 1166 1883 Sancti
1182 1809 1354 1882 laurentii
1374 1809 1410 1882 in
1428 1807 1601 1881 Ariolania
1620 1830 1700 1880 cum
1717 1808 1884 1881 omnibus
1902 1810 1972 1880 suis

553 1935 787 2030 pertinentiis3
807 1943 932 2007 terram
948 1935 1051 2008 etiam
1068 1935 1197 2008 Alberti
1214 1936 1344 2029 judicis
1365 1934 1612 2030 quoquomodo
1633 1934 1715 2006 data
1729 1934 1826 2006 vela
1848 1955 1971 2006 mona·

553 2061 658 2134 sterio
672 2061 820 2134 alienata
835 2059 882 2132 sit
898 2060 945 2131 illi
958 2060 1114 2152 restituo,
1128 2061 1219 2133 sicut
1236 2061 1387 2133 tribunal
1406 2059 1584 2132 investivit
1602 2067 1765 2153 precepto
1780 2059 1888 2129 nostri
1907 2081 1971 2130 an-

554 2185 748 2277 tecessoris,
765 2185 896 2258 scilicet
907 2186 1087 2258 Roncbum
1106 2197 1141 2258 et
1159 2195 1264 2258 totam
1282 2185 1387 2258 etiam
1404 2187 1565 2258 Sanctam
1580 2183 1724 2257 blariam
1736 2183 1774 2254 in
1791 2182 1922 2255 Tribbo
1939 2191 1972 2254 et

554 2312 657 2386 ambo
668 2311 885 2400 molendina;
898 2311 1086 2406 etinsuper
1099 2311 1251 2384 concedo
1263 2310 1418 2383 nondum
1431 2331 1633 2382 muccosum
1645 2320 1685 2380 nt
1696 2307 1912 2402 ubicumque
1921 2319 1971 2380 est

553 2439 607 2510 sui
619 2437 709 2529 Jnris
723 2437 812 2510 inter
826 2438 1027 2510 Ravennam
1044 2445 1079 2508 et
1091 2435 1289 2509 Faventiam
1309 2457 1414 2530 supra
1436 2435 1566 2507 flumen
1585 2433 1768 2506 Fantinum
1783 2432 1968 2505 edificandi

553 2561 791 2635 molendinum
810 2562 885 2634 sine
908 2561 1056 2653 alicujus
1073 2561 1259 2654 calumnia,
1279 2562 1344 2634 hec
1361 2561 1478 2634 omnia
1500 2560 1546 2633 ab
1567 2559 1663 2632 omni
1681 2558 1899 2652 subjectione
1917 2581 1967 2630 nr·

553 2687 872 2784 chiepiscopatuset
881 2687 961 2758 ullis
974 2685 1228 2759 dominantium
1243 2685 1397 2782 personis
1412 2685 1566 2777 subiecta
1576 2681 1652 2780 (sic)
1659 2683 1800 2778 sintque
1810 2685 1967 2757 monachi

552 2813 627 2905 ejus
645 2813 692 2884 ab
706 2811 820 2884 omnis
844 2810 1007 2884 secularis
1030 2811 1162 2883 servitii
1190 2811 1407 2883 infestatione
1434 2808 1565 2897 securi,
1582 2807 1670 2880 nulli
1692 2829 1843 2902 persone
1865 2829 1969 2904 parve

551 2938 609 3010 vel
628 2957 753 3031 magne
769 2935 837 3008 nisi
859 2943 976 3009 nostre
992 2935 1037 3010 de
1056 2936 1182 3032 placito
1207 2934 1457 3032 respondentes
1478 2943 1515 3007 et
1540 2934 1586 3007 ab
1608 2935 1702 3005 omui
1730 2933 1879 3027 angaria
1898 2935 1968 3005 sive

553 3061 653 3133 fodro
670 3071 740 3134 tam
759 3069 874 3134 nostra
893 3083 1069 3156 quamque
1087 3061 1271 3134 missorum
1289 3070 1485 3134 nostrornm
1503 3081 1566 3132 eeu
1583 3059 1741 3130 omnium
1759 3059 1966 3132 secularmm

551 3194 759 3280 potestatum
778 3207 857 3257 cum
874 3186 948 3258 suis
964 3185 1127 3257 omnibus
1145 3185 1279 3258 remoti.
1298 3185 1366 3271 Qui
1385 3185 1490 3258 ctiam
1505 3183 1551 3257 de
1566 3182 1640 3254 suis
1657 3182 1821 3255 abbatem
1841 3185 1967 3276 eligant

551 3311 690 3407 qualem
707 3311 880 3383 volueriut
900 3311 1033 3404 absque
1053 3311 1148 3383 omni
1171 3310 1357 3383 calumnia.
1378 3310 1414 3383 Si
1436 3309 1516 3404 quis
1540 3317 1656 3381 autem
1677 3307 1745 3379 hoc
1767 3319 1965 3403 preceptum

551 3436 728 3532 imperiale
743 3443 898 3508 nostrum
915 3435 1102 3530 intringere
1117 3435 1375 3530 presumpserit,
1391 3443 1575 3530 componat
1585 3433 1757 3506 ducentas
1774 3433 1884 3506 libras
1897 3434 1966 3506 auri

551 3561 651 3650 cocti,
673 3561 891 3634 medietatem
907 3581 1043 3633 camere
1069 3570 1184 3634 nostre
1203 3571 1237 3634 et
1258 3561 1479 3634 medictatem
1502 3559 1669 3654 prelibate
1689 3558 1842 3631 abbatie.
1870 3558 1966 3644 Quod

551 3693 591 3756 ut
608 3685 726 3757 verius
745 3686 922 3775 credatur,
943 3686 1034 3758 banc
1053 3688 1214 3780 paginam
1243 3685 1455 3782 imperialem
1477 3707 1583 3757 mann
1609 3685 1748 3780 propria
1774 3685 1965 3758 roboratam

549 3809 691 3902 sigillari
704 3809 884 3900 jussimus.
899 3810 1108 3904 —Signum
1126 3809 1258 3882 domini
1274 3811 1412 3882 Henrici
1432 3809 1546 3903 quarti
1564 3810 1800 3882 Romanorum
1815 3807 1966 3904 impera-

549 3933 632 4006 toris
648 3933 877 4006 invictissimi.
896 3975 946 3988 --
959 3934 1156 4008 Burcardue
1172 3935 1398 4007 cancellarius
1413 3934 1612 4027 recognovi.

597 4061 666 4132 Nos
684 4059 791 4150 igitur
811 4059 1026 4133 attendentes
1042 4060 1117 4155 pias
1130 4060 1401 4156 supplicationes
1418 4058 1652 4155 predictorum
1672 4056 1812 4130 abbatis
1828 4065 1865 4129 et
1882 4078 1965 4129 con-

549 4193 674 4258 ventus
690 4185 889 4258 monasterii
908 4186 1084 4259 memorati
1105 4206 1167 4279 per
1180 4185 1387 4277 jamdictum
1409 4184 1644 4258 venerabilem
1661 4183 1835 4277 Reginum
1856 4181 1963 4255 archi·

548 4309 771 4405 episcopum,
790 4309 953 4382 dilectum
970 4309 1172 4382 familiarem
1188 4319 1365 4400 nostrum,
1386 4330 1502 4382 coram
1519 4309 1725 4382 celsitudine
1749 4317 1866 4380 nostra
1889 4330 1963 4403 pur-

549 4441 680 4524 rectas,
702 4435 820 4508 lavore
838 4433 963 4528 dignas
981 4443 1016 4506 et
1033 4433 1166 4528 justitie
1183 4434 1398 4525 inherentes,
1417 4435 1538 4507 divine
1561 4433 1801 4506 retributionis
1824 4432 1961 4505 obtentu

551 4577 699 4628 necnon
718 4559 763 4628 ob
777 4558 923 4631 salutern
941 4558 1134 4630 animarum
1151 4558 1314 4632 divorum
1328 4567 1554 4654 augustorum
1576 4568 1758 4654 parentum
1772 4569 1961 4631 nostrorum

550 4679 716 4752 memorio
730 4683 922 4775 recolende,
933 4705 996 4778 pro
1009 4685 1120 4756 salute
1132 4706 1273 4780 quoquo
1286 4695 1321 4758 et
1331 4685 1566 4757 incolumitate
1579 4692 1708 4776 nosue,
1724 4683 1961 4754 iutuituetiam
