4436 5870
494 551 535 610 dl
994 546 1212 609 balneator
1237 545 1411 609 secono}
1722 547 1798 632 [dnn.
1812 551 1902 613 laad.

491 684 567 754 auri
593 685 768 778 purissimi
795 707 858 782 pro
885 705 975 781 parra
1000 705 1039 756 se
1067 682 1336 778 compositurum
1365 683 1585 776 cognoverit,
1614 683 1800 758 dimidium
1822 685 1904 760 fisco

492 817 607 880 nostro
630 823 665 881 et
692 809 878 883 dimidium
903 807 1067 904 predictis
1090 807 1273 880 comitibus
1297 815 1358 880 aut
1378 805 1565 880 heredibus
1583 827 1703 880 eorum
1721 807 1900 902 lemtimis,

490 933 594 1004 nullis
609 933 687 1004 aliis
701 933 892 1028 privilegiis
907 955 970 1006 seu
992 929 1271 1005 concessionibus
1285 931 1330 1002 ab
1350 930 1518 1026 imperiali
1542 931 1693 1004 culmina
1715 933 1903 1028 impetratis

489 1055 545 1128 vel
564 1055 788 1151 impetrandis
811 1057 894 1130 buic
914 1055 1126 1129 concessioni
1141 1065 1176 1126 et
1198 1054 1381 1150 privilegio
1403 1056 1437 1126 in
1459 1055 1576 1149 aliquo
1592 1053 1897 1150 prejudicantibus.

489 1180 532 1251 Ut
549 1189 665 1251 autem
689 1181 755 1252 hoc
773 1180 891 1252 verius
910 1179 1071 1252 credatur
1093 1187 1128 1250 et
1148 1177 1195 1250 ab
1212 1177 1373 1249 omnibus
1398 1177 1641 1251 inviolabiliter
1665 1189 1898 1271 comeretur,

487 1313 678 1396 presentem
696 1303 856 1398 paginam
875 1304 979 1376 scribi
993 1313 1028 1376 et
1043 1301 1231 1395 majestatis
1244 1311 1358 1374 nostre
1373 1300 1487 1396 sigillo
1499 1301 1668 1394 jussimus
1679 1303 1896 1376 communiri.

533 1427 643 1519 Hujus
665 1427 715 1499 rei
738 1437 821 1498 sunt
843 1437 945 1500 testes
970 1426 1151 1498 bertoldus
1165 1425 1215 1520 (a)
1239 1425 1492 1520 Aquilegiensis
1517 1427 1729 1522 patriarcba,
1754 1427 1900 1500 Silridus

484 1549 763 1646 archiepiscopus
793 1551 1037 1646 blaguntinus,
1064 1549 1199 1622 Ulricus
1225 1549 1454 1641 Patariensis,
1481 1549 1628 1622 Silridus
1647 1550 1896 1644 tagosensis,

485 1671 689 1746 Bertholdus
706 1674 920 1747 brixinensis
937 1673 1108 1770 episcopi,
1125 1672 1285 1745 Albertus
1301 1671 1522 1746 Tridentinus
1535 1674 1683 1764 electus,
1700 1675 1898 1748 Ludovicus

485 1795 563 1866 dux
593 1797 739 1870 &varie
766 1807 801 1870 et
826 1817 942 1870 comes
965 1798 1049 1870 lleni
1076 1798 1267 1888 Palatinus,
1292 1795 1495 1869 Guilielmus
1519 1797 1673 1870 marchio
1697 1797 1898 1870 Montisler-

483 1919 567 2006 rati,
591 1975 599 1991 .
625 1976 633 1991 .
656 1975 665 1992 .
685 1922 837 1994 marobio
857 1922 902 1995 de
917 1921 1035 1995 Andes
1048 1921 1115 2016 (l),
1134 1919 1305 1994 Corradus
1321 1921 1515 2015 prepositus
1531 1920 1576 1993 de
1589 1922 1723 2010 Tanna,
1743 1922 1896 1994 Guarne-

484 2044 557 2116 rius
572 2045 617 2118 de
633 2045 785 2119 Bolanda
799 2046 986 2142 imperialis
999 2047 1079 2118 aule
1094 2044 1239 2140 dapifer,
1255 2045 1438 2117 Anselmns
1456 2043 1501 2116 de
1514 2044 1695 2137 lustingen
1709 2045 1897 2141 imperialis

486 2169 564 2240 aule
585 2171 833 2263 marescalcus,
850 2171 1021 2244 Concedam
1033 2172 1196 2267 pincerna
1210 2169 1396 2265 imperialis
1412 2169 1504 2260 aule,
1525 2177 1561 2240 et
1580 2171 1651 2244 otii.

532 2293 676 2385 Signum
700 2292 831 2366 domini
855 2293 1019 2368 Friderici
1042 2294 1186 2367 soeuudi
1211 2295 1440 2367 Romanorum
1463 2292 1526 2364 Dei
1549 2293 1659 2387 gralia
1679 2292 1894 2368 invictissimi

485 2416 699 2510 imperatoris
713 2427 747 2489 et
764 2439 900 2514 semper
914 2419 1052 2512 augusti
1069 2429 1105 2490 et
1120 2417 1329 2490 serenissimi
1344 2416 1435 2510 regis
1449 2415 1576 2489 Sicilie.

530 2540 604 2633 Ego
625 2541 795 2615 Corradus
810 2543 971 2615 Metensis
988 2551 1023 2614 et
1036 2543 1205 2638 Spirensis
1230 2541 1425 2636 episcopus,
1448 2540 1634 2634 imperialis
1658 2541 1738 2613 aule
1761 2543 1894 2614 cancel·

482 2663 602 2755 larius,
623 2667 700 2738 vice
722 2666 854 2739 domini
873 2665 1115 2759 Hengbelberti
1137 2664 1346 2737 coloniensis
1364 2663 1457 2736 sedis
1477 2663 1773 2759 archiepiscopiet
1787 2665 1892 2738 totius

482 2787 576 2858 ltalie
591 2789 880 2862 archicancellarii
898 2789 1097 2883 recognovi.

424 2955 427 2960 -
530 2911 600 2981 Hee
613 2921 689 2983 acta
705 2924 785 2984 sunt
799 2933 893 2985 anno
908 2913 953 2984 ab
968 2913 1200 2985 incarnatione
1213 2911 1348 2984 Domini
1364 2911 1526 3004 dccxx,
1540 2911 1729 3006 imperante
1750 2911 1889 2985 domino

481 3031 653 3105 Friderico
677 3035 830 3108 secundo
848 3037 910 3108 Dei
926 3037 1036 3128 gratia
1052 3039 1283 3109 Romanorum
1300 3035 1520 3131 imperatore,
1537 3055 1672 3130 semper
1689 3045 1838 3130 aufflisto
1855 3049 1889 3110 et

481 3178 563 3250 rege
580 3158 712 3249 Sicilie,
725 3181 817 3231 anno
831 3161 965 3254 imperii
979 3162 1054 3253 ojus
1070 3162 1196 3254 primo,
1210 3159 1308 3252 regni
1325 3179 1410 3232 vero
1426 3159 1540 3231 Sicilie
1556 3160 1649 3232 xxll
1662 3158 1722 3256 (b).

527 3283 652 3353 Datum
671 3281 705 3352 in
722 3285 842 3356 castris
855 3283 949 3380 apud
967 3295 1117 3358 monam
1134 3285 1262 3358 Rosum
1277 3304 1385 3379 propo
1401 3283 1569 3374 Sutrium,
1588 3285 1633 3356 lll
1645 3285 1813 3358 kalendas
1828 3285 1889 3358 de·

480 3406 638 3494 cambris,
660 3407 847 3481 indictione
865 3410 938 3480 Vlll
956 3409 970 3505 (
987 3408 1014 3504 ).

521 3608 559 3686 (a)
578 3609 635 3688 Ap.
652 3612 787 3673 anlum
800 3611 983 3688 demordet,
999 3615 1086 3674 mals.

519 3712 559 3790 (b)
578 3715 626 3776 Sic
638 3719 669 3777 in
683 3719 829 3779 omnlbus
849 3721 938 3781 llectc
951 3725 1050 3781 autem
1064 3719 1171 3780 XXIII.

519 3816 552 3899 (c)
573 3822 621 3882 Sic
634 3825 712 3901 apud
726 3824 906 3898 Soldanium,
922 3825 1057 3886 Lamiam
1070 3835 1100 3887 et
1112 3825 1305 3886 ildefonsum.
1320 3825 1397 3887 Vere
1409 3831 1509 3887 nmen
1523 3845 1611 3888 nono.

512 4163 547 4238 (l)
564 4167 721 4229 Germanice
735 4171 929 4230 contuderis.
944 4172 1018 4230 ldem
1033 4171 1079 4244 qui
1094 4185 1223 4244 suprap.
1237 4171 1283 4226 ta.
