4272 5886
159 591 273 654 lunrcr.
290 591 355 672 14.]
623 592 822 655 HISTORIA
845 588 1140 654 olrtouallca
1526 593 1586 656 527

164 727 257 800 tiam
279 736 431 800 nostram
454 727 625 802 liutolfus
651 729 696 802 de
719 726 1014 804 Sumoldeswaldt
1039 725 1090 824 (a)
1116 725 1230 800 fidelis
1252 734 1367 800 noster
1390 727 1585 803 celsitudini

165 860 289 925 nostre
310 851 487 925 humiliter
506 855 716 950 supplicavit
734 865 773 927 ut
797 855 880 949 quia
902 852 1050 950 provida
1071 853 1376 948 circumspectione
1397 855 1586 928 venerabili

165 974 333 1072 hospitali
371 977 495 1051 Sancte
532 977 640 1052 Marie
674 957 964 1053 Theutonicorum
997 977 1304 1074 iherosolymitsno
1341 978 1587 1072 parrochialem

169 1101 355 1174 contulerit
376 1102 412 1174 in
434 1103 728 1178 Sumoldaswaldt
752 1114 787 1178 et
808 1103 1044 1199 Asoldeepach
1066 1103 1245 1176 ecclesiam
1265 1125 1344 1175 cum
1361 1107 1441 1197 juro
1466 1113 1588 1200 patro-

170 1233 275 1297 natus
289 1234 322 1298 et
338 1225 520 1300 advocatia
534 1236 568 1301 et
581 1238 653 1302 toto
666 1229 746 1322 ja're
761 1228 806 1302 ad
824 1229 939 1325 ipsum
955 1237 1132 1324 spectante
1144 1237 1178 1300 et
1192 1249 1294 1301 omne
1309 1228 1470 1323 predium
1483 1251 1587 1301 suum

170 1349 276 1422 situm
293 1349 382 1424 infra
396 1353 558 1425 terminos
575 1353 755 1448 parrochie
772 1354 970 1449 supradicte
987 1375 1066 1424 cum
1086 1352 1249 1425 omnibns
1264 1353 1480 1447 pertinentiis
1497 1354 1583 1442 suis,

169 1475 282 1570 agris,
308 1477 428 1574 pratis,
455 1479 668 1570 nemoribus,
696 1480 853 1575 pascuis,
876 1479 997 1573 aquis,
1021 1478 1291 1575 piscationibus,
1311 1488 1426 1553 monte
1444 1480 1506 1574 qui
1528 1478 1587 1552 di-

170 1599 262 1672 citur
278 1600 397 1674 Nidun
411 1610 444 1674 et
459 1612 575 1675 monte
592 1605 652 1698 qui
669 1601 912 1695 dicitorllme,
930 1602 1171 1700 proprietatem
1188 1603 1291 1675 etiam
1313 1603 1495 1677 feudorum
1516 1625 1586 1698 que

169 1725 294 1797 vasalli
310 1727 365 1798 sui
384 1726 420 1797 in
438 1748 480 1800 ea
496 1727 678 1802 abeodem
694 1728 869 1802 habebant
883 1750 963 1801 cum
976 1725 1186 1822 quibusdam
1202 1729 1304 1800 certis
1321 1728 1430 1823 pactis
1446 1736 1481 1800 et
1499 1749 1586 1800 con-

169 1851 410 1945 ventionibus,
434 1853 524 1925 sicut
545 1853 582 1924 in
605 1853 725 1926 litteris
748 1854 785 1926 C.
811 1853 1007 1927 Portaensis
1029 1862 1065 1926 et
1089 1855 1213 1927 Sancte
1237 1853 1359 1926 liuline
1380 1853 1586 1926 venerabilis

169 1975 324 2072 episcopi
345 1978 530 2072 apostolice
550 1976 651 2051 Sedis
665 1979 785 2074 legati,
805 2001 920 2054 coram
939 2000 1010 2073 quo
1030 1979 1106 2074 ipsa
1123 1977 1355 2074 predictarum
1374 1999 1490 2050 rerum
1513 1979 1583 2050 col·

169 2101 253 2174 latio
275 2103 496 2198 solempniter
510 2104 599 2178 lacta
620 2104 703 2196 luit,
723 2103 903 2178 manifeste
920 2102 1112 2188 dinoscitur
1134 2102 1320 2189 contineri,
1339 2102 1584 2175 testimoniales

170 2225 254 2299 inde
273 2237 388 2300 nostre
404 2228 619 2302 celsitudinis
641 2230 769 2302 litteras
786 2228 859 2303 fieri
883 2228 1138 2302 mandaremus.
1166 2228 1236 2300 Nos
1254 2227 1377 2322 igitur,
1394 2227 1476 2322 quia
1499 2225 1585 2300 dili-

169 2351 286 2444 gimus
300 2353 470 2448 prelatum
487 2353 655 2449 hospitale
672 2353 768 2450 quod
784 2351 960 2448 quondam
980 2353 1236 2447 progenitorum
1257 2361 1449 2424 nostrorum
1471 2371 1584 2424 recor·

169 2475 318 2550 dationis
343 2477 459 2551 inclite
490 2479 641 2552 felicium
670 2489 896 2572 augustorum
925 2479 1089 2574 plantatio
1113 2477 1250 2550 novella
1283 2477 1436 2550 existens
1469 2484 1585 2550 nostra

169 2610 329 2674 censetur
342 2625 476 2676 camera
492 2603 662 2699 specialis,
680 2625 821 2699 presens
837 2602 920 2677 inde
935 2601 1133 2676 memoriale
1146 2602 1312 2697 scriptum
1330 2601 1405 2674 fieri
1415 2602 1584 2695 jussimus

169 2725 273 2821 sigilli
297 2728 403 2800 nostri
428 2729 620 2801 munimine
643 2728 841 2801 roboratum
857 2725 922 2824 (l).

218 2851 344 2923 Datum
362 2851 484 2947 logie,
503 2874 595 2926 anno
614 2851 789 2925 dominice
808 2851 1055 2924 incarnationis
1072 2849 1254 2923 millesimo
1271 2850 1506 2925 ducentesimo
1524 2849 1584 2922 vi-

170 2977 298 3050 cesimo
312 2977 446 3073 quinto,
466 2999 585 3051 mense
600 2977 811 3070 decembris,
828 2975 964 3050 decima
977 2985 1101 3070 quarta
1118 2975 1320 3050 indictione.

211 3179 252 3260 (ι)
273 3181 394 3246 Rectius
406 3198 477 3244 varo
490 3183 649 3262 legendam
661 3177 900 3258 Sonildemldt,
916 3197 968 3244 seu
983 3177 1181 3244 acroama.

204 3526 241 3602 (ll
257 3527 334 3588 lianc
350 3527 518 3588 collationem
533 3529 591 3604 iam
611 3527 817 3588 confirmaverat
834 3527 966 3586 Henricrs
987 3544 1034 3586 rex
1053 3529 1235 3588 Romanorum
1254 3525 1327 3602 apud
1343 3523 1465 3620 lllmam,
1487 3523 1521 3582 20
1541 3520 1582 3594 ja·

168 3625 255 3685 nnard
270 3629 350 3689 4225.
362 3627 431 3688 Vide
442 3628 509 3687 inira
520 3630 673 3688 Historiam
684 3625 891 3703 diplomaticam
904 3627 938 3685 ad
949 3642 1014 3686 ann.
1345 3637 1350 3648 ·
