4436 5870
517 602 557 662 tt
1018 609 1234 674 intuuntur
1261 611 1435 673 suctum
1510 681 1512 686 Ι
1739 609 1818 689 [Aen.
1837 609 1925 672 1220.

518 738 724 812 carnationis
746 741 794 813 bi.
818 741 880 816 CC.
902 743 980 836 XX,
1001 746 1046 819 iii
1064 745 1123 820 die
1141 744 1194 842 (i)
1215 748 1362 821 intrante
1378 767 1497 820 mense
1512 744 1722 836 decembris,
1741 745 1928 818 indictione

519 882 622 935 noue.
1159 877 1164 887 ·

345 1497 483 1605 perag,
573 1475 806 1584 Fridericus,
828 1476 1088 1564 Romanorum
1106 1481 1325 1592 imperator,
1342 1479 1529 1566 uniuersis
1541 1476 1762 1564 hominibus
1776 1478 1824 1560 de
1839 1475 1931 1558 Cas-

444 1605 481 1648 ¹¹⁸·
519 1619 579 1694 tro
593 1609 698 1696 Novo
715 1613 873 1696 mandat
885 1621 929 1696 ut
941 1615 1070 1698 comiti
1087 1614 1224 1700 Uberto
1237 1618 1285 1698 de
1299 1615 1432 1699 Castro
1440 1614 1545 1700 Nouo
1558 1623 1743 1722 tauquam
1758 1611 1929 1721 ipsorum

520 1745 676 1826 domino
689 1744 910 1830 fidelitatem
924 1745 1055 1856 jurent
1076 1757 1115 1830 et
1134 1747 1334 1854 obediant,
1358 1746 1603 1856 notifiootque
1629 1771 1670 1828 se
1695 1743 1930 1828 commisisse

521 1875 696 1960 Conrado
721 1877 876 1961 Meteusi
901 1889 939 1962 et
962 1879 1130 1988 Spirensi
1152 1881 1328 1990 episeopo
1352 1879 1559 1990 imperialis
1578 1877 1689 1962 aulae
1705 1875 1930 1960 cancellario

518 2033 676 2091 oausam
690 2021 898 2095 vertentem
921 2013 1020 2096 inter
1037 2014 1165 2123 ipsum
1182 2015 1359 2097 comitem
1376 2023 1414 2096 et
1430 2011 1755 2122 archiepiscopum
1772 2010 1929 2094 naven-

519 2152 661 2226 notem.

600 2357 698 2438 (autu.
713 2357 1182 2436 Faunumrdlonumdiooamt,
1196 2358 1379 2438 tom.1v‚p.
1400 2366 1470 2433 tta,
1484 2373 1523 2419 ex
1535 2355 1665 2420 utum.
1683 2355 1766 2418 arch.
1781 2355 1930 2432 boreum,

638 2481 719 2544 caps.
735 2467 775 2540 Η,
787 2475 821 2526 n⁰
836 2463 938 2545 tata.)

567 2651 768 2725 Fredericus
792 2653 852 2725 Dei
871 2651 981 2746 gratia
993 2653 1226 2726 Romanorum
1244 2651 1441 2746 imperator,
1465 2671 1601 2746 semper
1619 2657 1789 2744 augustus
1813 2654 1848 2719 et
1870 2665 1932 2718 rex

521 2775 651 2866 Sicilie,
674 2775 845 2847 universis
863 2775 1062 2849 homiuibus
1081 2776 1125 2850 de
1141 2776 1259 2849 Castro
1275 2777 1373 2849 Novo
1391 2773 1551 2847 fideiibus
1569 2773 1642 2846 suis
1666 2771 1812 2867 gratiam
1833 2791 1931 2842 suam

521 2907 556 2968 et
573 2898 699 2970 bonam
715 2899 940 2972 voluntatem.
958 2898 1179 2972 Universitati
1195 2908 1310 2973 vestre
1323 2897 1530 2972 mandamus
1545 2897 1766 2993 pergratiam
1781 2903 1931 2968 nosuam

523 3020 663 3093 firmiter
682 3020 732 3118 (c)
751 3019 971 3114 injungentes
989 3023 1084 3118 quod
1100 3023 1215 3096 comiti
1235 3031 1353 3096 nostro
1374 3023 1500 3096 Uberto
1519 3021 1565 3095 de
1583 3022 1700 3094 Castro
1717 3019 1816 3094 Novo
1838 3017 1931 3091 fideii

522 3153 637 3216 nostru
657 3153 821 3239 tanquam
842 3145 983 3218 domino
1007 3154 1123 3219 vestro
1140 3144 1339 3220 fidelitatem
1358 3145 1480 3238 juretis
1502 3153 1537 3218 et
1562 3144 1599 3216 in
1621 3144 1784 3217 omnibus
1800 3163 1870 3238 quc
1886 3140 1932 3214 ad

520 3267 794 3358 jurisdictionem
813 3269 985 3364 pertinent
1000 3271 1190 3366 plenariam
1204 3270 1270 3342 sibi
1292 3268 1526 3366 respondeatis
1541 3280 1576 3343 et
1590 3267 1789 3359 intendatis,
1805 3267 1932 3339 nullam

524 3393 591 3465 sibi
607 3393 643 3463 in
662 3393 779 3487 aliquo
800 3393 954 3466 inferatis
974 3395 1170 3486 augustiam
1193 3404 1228 3467 et
1248 3415 1449 3488 gravamen.
1469 3393 1571 3480 Quod
1589 3393 1619 3467 si
1637 3415 1705 3466 non
1730 3389 1876 3464 feceritis
1898 3389 1933 3459 in

525 3517 640 3588 banno
659 3515 793 3611 imperii
811 3538 875 3589 vos
894 3517 1058 3590 noveritis
1077 3517 1240 3590 incidisse
1261 3539 1282 3590 a
1306 3537 1377 3612 quo
1398 3519 1594 3590 nullatcnus
1598 3562 1931 3589 .........

530 3693 701 3712 .....
721 3677 742 3711 ·.
773 3695 782 3712 .
814 3695 823 3713 .
852 3695 861 3713 .
895 3643 1027 3714 ‚curie
1064 3649 1180 3714 nostre
1211 3641 1351 3715 solvetis
1383 3640 1592 3736 quingentas
1622 3657 1756 3712 marcas
1782 3634 1932 3731 argenti,

525 3763 750 3836 nihiiominus
779 3763 875 3838 aliud
909 3764 1062 3838 bannum
1066 3816 1680 3838 .............
1718 3781 1781 3857 pro
1812 3757 1935 3832 eodem

566 3937 606 4020 (a)
629 3942 663 4001 in
680 3945 821 4020 impresso
834 3937 978 4018 similiter,
993 3941 1082 4004 maie.

529 4227 601 4284 istud
615 4233 705 4286 numm
717 4227 855 4289 castellum
868 4228 933 4303 quio
948 4227 993 4298 sit,
1003 4225 1089 4300 magis
1101 4225 1235 4286 mearam
1245 4231 1306 4288 est:
1319 4224 1498 4286 uerisimiliter
1510 4230 1601 4285 umen
1615 4224 1705 4286 omni
1713 4223 1747 4284 S.
1760 4226 1854 4282 Ptotro
1862 4227 1938 4298 Juxta

529 4323 656 4395 Poggium
671 4325 817 4395 Mirtetum,
832 4325 923 4384 media
936 4325 979 4383 uia
992 4324 1062 4381 inter
1075 4305 1202 4381 Narniam
1219 4327 1247 4380 et
1266 4320 1358 4379 Tibur.
1380 4321 1489 4395 Legitur
1501 4337 1609 4397 quoquo
1628 4322 1658 4380 iu
1674 4321 1812 4380 itinerario
1823 4320 1937 4395 Philippi

531 4417 693 4476 Francorum
704 4423 784 4493 regis,
799 4421 910 4495 Augusti
928 4421 1007 4492 dicti,
1027 4438 1043 4479 a
1060 4427 1132 4479 terra
1147 4427 1240 4480 sancta
1253 4419 1398 4493 redeuntis,
1420 4421 1493 4495 quod
1513 4419 1620 4477 transiit
1632 4435 1682 4494 por
1697 4419 1836 4478 castollum
1848 4417 1938 4478 Sancti

530 4513 612 4584 Petri,
628 4514 725 4572 deinde
738 4533 787 4589 por
799 4518 887 4588 Sutia,
901 4517 997 4575 deinde
1008 4535 1058 4592 per
1069 4519 1176 4576 biterne
1186 4517 1326 4592 (viterbo).
1335 4516 1375 4574 Cf.
1387 4519 1448 4575 ner.
1462 4517 1563 4574 Fracto.
1574 4517 1688 4592 Scope,
1701 4517 1787 4588 xvn,
1803 4519 1866 4575 att.

570 4607 602 4680 (t)
621 4609 795 4684 arbitramur,
809 4613 838 4669 in
851 4613 902 4672 boc
915 4612 1092 4670 boehmerum
1103 4614 1250 4694 secutisic
1261 4613 1403 4688 legandum
1420 4629 1480 4672 essa
1498 4616 1546 4674 111
1561 4612 1606 4672 dia
1621 4629 1672 4688 pro
1687 4617 1719 4674 to
1730 4613 1791 4682 dia,
1808 4613 1882 4688 quod
1892 4627 1936 4684 ap.

534 4705 732 4764 Gamurrinium
747 4715 774 4766 et
787 4711 906 4768 lamium
920 4711 1048 4768 mendose
1059 4708 1175 4784 irrepsit.
