4436 5870
527 565 549 626 t
1001 631 1007 644 ‚
1035 565 1245 629 nathaniel
1272 568 1444 632 SECUNDI
1758 565 1839 644 [nrt.
1857 565 1941 628 taso.

532 721 698 796 personas
724 701 971 774 ecclesiasticas
993 701 1097 774 cdere
1116 703 1172 776 vel
1189 725 1330 778 servare
1347 713 1557 801 temptarunt
1576 701 1746 776 adversus
1764 703 1945 776 canonicas

533 825 591 897 vel
605 825 801 920 imperiales
810 825 1017 916 sanctiones,
1029 836 1065 898 et
1077 847 1119 899 ea
1132 827 1437 923 decapitularibus
1449 830 1523 901 suis
1537 819 1744 900 mandamus
1756 827 1845 900 inira
1857 825 1945 902 duos

534 970 671 1022 menses
684 958 762 1045 post
772 949 971 1042 hujusmodi
982 951 1249 1046 publicationem
1264 953 1369 1026 edicti
1386 953 1524 1050 penitus
1536 951 1678 1042 aboleri,
1690 959 1724 1023 et
1733 951 1762 1022 si
1775 949 1821 1023 de
1834 959 1945 1023 cetero

533 1073 661 1146 similia
674 1075 964 1170 attemptaverint,
981 1076 1056 1170 ipso
1063 1077 1141 1168 jure
1159 1077 1378 1152 decernimus
1391 1099 1467 1150 esse
1480 1077 1575 1150 nulla
1589 1085 1623 1148 et
1634 1097 1693 1148 eos
1710 1097 1773 1160 sua
1783 1073 1945 1166 jurisdic-

534 1197 626 1271 tione
646 1198 811 1294 privates,
828 1219 962 1270 necnon
980 1199 1095 1270 locum
1112 1199 1172 1270 nbi
1192 1199 1357 1296 deinceps
1375 1202 1456 1275 talia
1470 1209 1668 1296 presumpta
1687 1200 1814 1272 luerint
1831 1199 1945 1270 benno

534 1325 628 1396 mille
639 1323 832 1398 marc'arum
847 1324 1057 1420 precipimus
1074 1325 1265 1417 subjecere.
1284 1327 1470 1400 Potestates
1486 1347 1580 1416 vero,
1594 1325 1766 1415 consules,
1781 1333 1941 1412 rectores,

533 1449 700 1522 statutarii
725 1457 759 1522 et
789 1448 972 1544 scriptores
996 1449 1167 1522 dictorum
1189 1458 1393 1523 statutorum
1415 1471 1479 1522 noc
1498 1471 1567 1521 non
1587 1447 1772 1522 consiliarii
1793 1449 1943 1520 locorum

534 1575 689 1670 ipsorum
705 1575 766 1668 qni
779 1573 973 1646 secundum
986 1581 1113 1646 statuta
1126 1575 1181 1646 vel
1201 1573 1469 1647 consuetudines
1483 1581 1687 1648 memoratas
1698 1571 1943 1664 judicaverint,

533 1699 603 1771 sint
618 1721 665 1771 ex
683 1707 766 1769 tnnc
781 1698 856 1792 ipso
866 1699 946 1790 jure
964 1697 1124 1788 infames,
1136 1719 1285 1791 quorum
1306 1699 1491 1771 sententias
1511 1709 1545 1770 et
1563 1706 1661 1770 actus
1674 1697 1759 1769 alies
1776 1695 1946 1790 legitimos

534 1823 719 1897 statuimus
741 1822 960 1916 aliquatenus
979 1843 1049 1893 non
1071 1833 1198 1895 tenere.
1226 1825 1292 1909 Qui
1316 1823 1345 1894 si
1368 1845 1577 1918 perannum
1601 1821 1706 1913 hujus
1726 1831 1839 1893 nostre
1864 1841 1945 1891 con·

534 1946 721 2019 stitutionis
746 1945 878 2018 inventi
902 1945 1028 2017 luerint
1049 1957 1319 2042 contemptores,
1337 1948 1430 2020 bona
1448 1968 1568 2019 eorum
1583 1967 1646 2041 per
1664 1953 1774 2017 totum
1792 1952 1945 2016 nostmm

534 2072 721 2167 imperinm
742 2070 949 2143 mandamns
970 2071 1113 2166 impune
1134 2071 1179 2143 ab
1194 2070 1357 2145 omnihus
1372 2072 1553 2166 occupari,
1575 2069 1681 2142 salvis
1703 2067 1946 2141 nichilominus

534 2196 611 2269 aliis
629 2196 729 2292 penis
746 2205 864 2269 contra
881 2198 967 2268 tales
982 2196 1019 2268 in
1036 2197 1188 2290 generali
1203 2197 1348 2270 concilio
1363 2195 1601 2292 promulgatis.

583 2324 620 2395 2.
649 2320 733 2394 ltem
754 2321 850 2393 nulla
877 2321 1108 2394 communitas
1132 2323 1188 2393 vel
1208 2341 1354 2417 persona
1377 2321 1519 2417 publica
1545 2321 1601 2392 vel
1628 2318 1764 2414 privata
1788 2315 1945 2388 collectas
2006 2379 2010 2388 .

532 2445 608 2518 sive
622 2445 834 2534 exactiones,
852 2444 1014 2538 angarias
1035 2447 1091 2518 vel
1110 2447 1333 2542 perengarius
1353 2445 1508 2518 ecclesiis
1524 2445 1671 2538 aliisque
1693 2441 1760 2536 piis
1781 2440 1866 2513 locis
1882 2445 1946 2512 'aut

531 2569 771 2644 ecclesiasticis
799 2569 953 2664 personis
977 2569 1155 2666 imponant
1181 2580 1242 2642 aut
1268 2571 1435 2644 invadere
1456 2567 1687 2643 ecclesiastica
1708 2565 1801 2638 bona
1824 2585 1946 2659 presu-

437 2710 439 2718 '
532 2705 644 2784 mant;
665 2694 762 2789 qnod
781 2695 809 2765 si
825 2695 968 2766 fecerint
982 2702 1017 2766 et
1033 2695 1190 2788 requisiti
1206 2695 1252 2768 ab
1267 2695 1419 2767 Ecclesia
1433 2695 1490 2766 vel
1505 2692 1650 2788 imperio
1663 2688 1847 2762 emendare
1860 2708 1946 2759 oon-

532 2819 746 2914 tempserint,
764 2801 904 2911 triplum
920 2815 1106 2890 refundant
1120 2827 1153 2888 et
1171 2817 1413 2890 nichilominus
1424 2817 1538 2889 banno
1551 2813 1720 2910 imperiali
1731 2811 1941 2903 subjaceant,

532 2942 629 3038 quod
646 2942 779 3034 absque
793 2941 1025 3014 satisfactione
1041 2941 1158 3014 debita
1176 2942 1371 3015 nullatenus
1386 2941 1589 3014 remittatur.

584 3068 619 3136 3.
648 3066 733 3137 ltem
756 3085 977 3158 quecumque
1004 3067 1233 3138 communitas
1253 3068 1309 3139 vel
1332 3087 1479 3162 persona
1501 3085 1563 3159 per
1588 3084 1718 3135 annum
1742 3061 1778 3133 in
1801 3079 1945 3131 exeom-

532 3188 766 3263 municatione
787 3197 927 3283 propter
943 3188 1137 3262 libertatem
1156 3191 1309 3264 Ecclesia
1326 3192 1416 3264 fecta
1438 3187 1639 3284 perstiterit,
1657 3188 1734 3282 ipso
1741 3187 1820 3278 jure
1836 3183 1945 3276 impe·

532 3315 611 3386 riali
626 3315 743 3386 banno
760 3313 938 3404 subjaceat
960 3335 982 3385 a
1008 3336 1079 3408 quo
1095 3315 1291 3388 nullatenus
1313 3315 1514 3387 extrahatur
1531 3313 1598 3384 nisi
1618 3311 1714 3407 prins
1734 3309 1779 3383 ab
1795 3305 1945 3380 Ecclesia

533 3435 702 3510 beneficio
719 3437 945 3509 absolutionis
962 3437 1115 3510 obtento.

584 3560 618 3632 i.
648 3561 837 3634 Statuimus
864 3569 979 3634 autem
1007 3569 1045 3632 ut
1067 3563 1184 3634 nullus
1210 3561 1476 3636 ecclesiasticam
1502 3580 1683 3655 personam
1712 3557 1748 3629 in
1777 3551 1945 3628 criminali

534 3684 715 3780 questione
738 3686 794 3758 vel
816 3685 910 3757 civili
930 3685 1064 3757 trahere
1091 3685 1326 3778 adjudicium
1349 3688 1504 3760 seculare
1526 3691 1704 3779 presumat
1724 3689 1841 3753 contra
1864 3698 1945 3750 oon·

533 3809 727 3883 stitutiones
754 3808 949 3904 imperiales
981 3817 1016 3880 et
1039 3810 1223 3882 canonicas
1251 3809 1456 3884 sanctiones.
1485 3807 1588 3893 Quod
1614 3806 1644 3878 si
1670 3803 1788 3878 lecerit
1807 3811 1946 3876 actore

530 3936 610 4028 jnre
627 3955 692 4006 suo
707 3931 821 4025 cadat,
836 3932 1034 4026 judicatum
1050 3955 1121 4006 non
1137 3943 1269 4026 teneat,
1287 3943 1322 4007 et
1336 3932 1449 4026 judex
1463 3933 1508 4004 sit
1526 3953 1573 4004 ex
1590 3940 1672 4003 tunc
1688 3925 1871 4026 judicandi
1886 3944 1947 4020 pe

535 4065 656 4131 testate
678 4057 845 4151 privatus.
874 4058 1075 4130 Sanccimns
1098 4058 1201 4132 etiam
1222 4067 1262 4130 ut
1278 4059 1309 4130 si
1335 4057 1397 4151 qni
1422 4056 1554 4129 clericis
1573 4056 1630 4128 vel
1652 4051 1810 4150 personis
1833 4049 1947 4122 eccle·

536 4182 682 4254 siasticis
698 4182 868 4273 justitiam
884 4182 1058 4277 denegare
1076 4183 1358 4279 presumpserint,
1378 4181 1476 4254 tertio
1491 4179 1648 4274 requisiti
1665 4199 1763 4252 snam
1775 4173 1947 4268 jurisdic-

535 4306 663 4376 tionem
679 4305 849 4377 amittent.
1770 4367 1773 4374 .

589 4430 623 4498 5.
652 4428 756 4500 Porro
781 4429 960 4521 Chateros,
993 4431 1192 4522 Peterenos,
1223 4429 1461 4526 Speronistas,
1489 4425 1684 4514 Leonistas,
1709 4420 1946 4505 Amaldistas,

537 4551 765 4623 Circumcisos
780 4561 814 4622 et
830 4574 950 4626 omnes
968 4554 1135 4627 hereticos
1151 4557 1332 4649 utriusque
1350 4573 1458 4625 sexus
1474 4569 1695 4645 quocumque
1711 4544 1850 4618 nomine
1867 4562 1948 4614 oen·

541 4682 679 4747 seantar
696 4683 862 4770 perpetua
879 4677 1106 4772 dampnamus
1127 4678 1290 4768 infamia,
1311 4677 1512 4751 diffidamus
1527 4683 1631 4768 atque
1644 4669 1843 4746 bannimus.
1862 4665 1950 4738 Cen·
