4292 5894
218 522 317 584 lantur.
337 520 398 600 ll.]
676 516 874 580 HISTORIA
897 512 1191 577 ntvnonautctt
1578 509 1632 573 301

217 657 338 731 liensis
358 665 393 730 et
409 654 522 729 omnis
542 653 679 750 generis
696 677 844 751 granum
860 653 957 750 quod
974 671 1110 746 semper
1128 646 1270 723 arbitrio
1290 655 1325 722 et
1347 646 1525 719 voluntate
1542 646 1641 742 epis·
1763 669 1766 678 ¹

218 783 297 879 copi
322 781 544 856 Massiliensis
562 802 625 876 per
648 789 786 877 tempus
808 777 990 853 existentis
1009 773 1155 848 ecclesio
1176 771 1400 848 Massiliensis
1424 770 1559 844 extrahi
1579 792 1641 868 per

218 929 315 980 mare
336 906 451 1002 potuit
470 914 505 980 et
525 927 587 1004 per
604 913 730 978 terram
748 904 961 999 ubicumque
983 899 1158 974 voluerint
1176 898 1332 996 episcopi
1357 897 1502 971 ecclesie
1515 897 1642 970 Massi-

220 1031 339 1105 liensis
370 1030 447 1104 sine
471 1030 590 1126 aliquo
615 1029 866 1126 impedimento
893 1035 928 1102 et
960 1010 1056 1099 omni
1083 1034 1238 1121 tempore
1265 1021 1459 1114 introduci;
1485 1023 1642 1096 similiter

219 1155 395 1255 excipitur
412 1154 510 1252 quod
525 1156 601 1228 sine
622 1153 745 1228 lraude
759 1152 806 1227 ad
827 1175 915 1248 opus
936 1151 1091 1225 omnium
1112 1159 1302 1224 castrorum
1322 1147 1476 1245 episcopi
1497 1146 1641 1221 ecclesie

220 1281 444 1356 Massiliensis
460 1290 496 1355 et
513 1281 560 1355 ad
578 1301 667 1378 opus
689 1279 847 1353 omnium
866 1286 1055 1352 castrorum
1073 1274 1225 1348 civitatis
1243 1273 1491 1349 vicecomitalis
1510 1273 1640 1346 Massi-

221 1407 338 1481 liensis
355 1407 568 1505 presentium
586 1415 622 1479 et
640 1408 835 1479 futurorum
851 1402 961 1500 possit
981 1400 1117 1476 extrahi
1133 1400 1276 1475 bladum
1294 1407 1328 1474 et
1347 1398 1458 1472 larina
1475 1406 1511 1472 et
1528 1398 1641 1472 omnis

221 1531 358 1627 generis
375 1529 584 1627 granumde
603 1529 743 1605 civitate
760 1529 913 1603 Massilia
931 1527 1028 1624 quod
1051 1526 1164 1624 potuit
1186 1547 1249 1622 per
1267 1546 1363 1598 mare
1382 1533 1417 1598 et
1434 1547 1496 1620 per
1517 1532 1640 1596 terram

221 1655 317 1728 omni
334 1663 487 1751 tempore
503 1652 694 1746 introduci3
715 1653 744 1726 si
760 1663 877 1726 autem
895 1653 962 1726 boc
979 1652 1107 1726 dicitur
1122 1651 1158 1724 in
1174 1650 1294 1724 fraude
1312 1647 1404 1741 fieri,
1422 1657 1538 1746 posset
1554 1672 1642 1745 pur-

221 1780 296 1876 gari
323 1780 475 1879 suspicio
503 1803 565 1878 per
590 1792 845 1854 sacramentum
872 1777 1097 1876 prestandum
1126 1776 1170 1850 ab
1196 1775 1396 1849 hominibus
1423 1775 1640 1848 castellorum

222 1905 282 2000 qui
302 1903 448 1978 bladum
477 1904 699 1978 extraherent
727 1903 966 2000 supradictum
992 1924 1054 1976 seu
1082 1901 1240 1974 lamnam.
1265 1899 1329 1972 Ast
1353 1921 1414 1996 per
1436 1921 1500 1973 nos
1522 1910 1557 1973 et
1580 1924 1642 1998 per

222 2051 343 2104 omnes
360 2051 575 2104 successores
593 2037 728 2103 nostros
743 2028 899 2124 singulos
913 2037 948 2102 et
966 2027 1163 2119 universos,
1182 2034 1359 2123 presentes
1376 2036 1412 2098 et
1428 2027 1562 2099 tuturos
1579 2047 1642 2100 ca-

223 2156 366 2230 nonicos
388 2154 613 2230 Massiliensis
637 2154 800 2246 ecclesie,
828 2155 1059 2251 promittimus
1080 2152 1182 2226 vobis
1209 2151 1501 2248 supranominatis
1524 2163 1642 2225 recto-

220 2281 318 2354 ribus
337 2280 585 2378 recipientibus
602 2279 745 2354 nomine
764 2287 880 2354 vostro
902 2288 936 2352 et
954 2279 1096 2352 nomine
1119 2276 1354 2390 universitatis
1373 2276 1521 2350 civitatis
1532 2277 1641 2350 vioe-

222 2406 390 2480 comitalis
420 2405 647 2480 Massiliensis
680 2402 779 2500 qnod
809 2404 962 2500 aliquem
997 2402 1042 2476 de
1070 2403 1270 2477 hominibus
1298 2411 1359 2475 aut
1388 2401 1641 2475 habitatoribus

222 2531 373 2604 civitatis
389 2529 639 2606 vicecomitalis
658 2530 809 2604 Massilia
827 2529 1047 2626 presentibus
1066 2537 1102 2601 et
1119 2528 1245 2601 futuris
1269 2548 1339 2600 non
1359 2526 1584 2622 gravabimus
1602 2527 1639 2600 in

223 2656 500 2754 possessionibus
517 2664 578 2730 aut
599 2655 716 2731 avaris
737 2677 825 2750 quas
841 2663 876 2726 et
899 2675 969 2749 que
988 2653 1121 2727 inventi
1144 2653 1272 2726 tuerint
1293 2653 1422 2726 habere
1443 2653 1479 2724 in
1501 2653 1640 2727 civitate

222 2781 410 2878 episcopali
421 2780 567 2854 ecclesie
578 2779 803 2854 Massiliensis
815 2778 910 2852 intus
924 2788 958 2852 et
968 2789 1068 2852 extra
1082 2779 1118 2851 in
1133 2778 1302 2853 territorio
1313 2778 1438 2875 ipsius,
1454 2787 1493 2851 ut
1505 2779 1638 2874 aliquid

221 2907 381 2980 auferant
401 2926 464 3003 per
482 2904 576 3002 (pro)
593 2904 872 3003 possessionibus
890 2914 951 2977 aut
970 2903 1085 2978 averis
1108 2926 1196 2999 quas
1220 2912 1255 2978 et
1272 2927 1344 3000 que
1364 2904 1496 2977 inventi
1511 2905 1640 2979 luerint

221 3029 349 3102 habere
364 3029 401 3100 in
415 3041 529 3104 vestra
545 3039 642 3126 parte
662 3029 812 3104 civitatis
825 3029 977 3102 Massilie
991 3028 1086 3101 intus
1100 3037 1134 3101 et
1149 3039 1249 3102 extra
1267 3029 1303 3100 in
1321 3029 1491 3103 territorio
1507 3037 1634 3105 vestro.

220 3153 284 3228 Ast
299 3154 460 3250 quotiens
481 3154 674 3252 recipiendi
696 3156 837 3228 luerunt
857 3154 954 3229 cives
976 3152 1023 3228 ad
1046 3154 1112 3228 boc
1135 3165 1175 3228 ut
1199 3156 1267 3227 sint
1288 3155 1421 3228 franchi
1442 3153 1640 3232 incivitate

221 3280 410 3378 episcopali
433 3279 578 3354 ecclesie
602 3280 827 3354 Massiliensis
851 3289 886 3353 et
907 3280 1065 3374 ejusdem
1086 3280 1277 3377 portubus,
1300 3280 1448 3354 sufficiat
1470 3281 1502 3354 si
1522 3283 1640 3376 jurent

221 3425 338 3480 noram
357 3405 548 3480 rectoribus
565 3405 717 3480 Massilie
729 3405 793 3502 qui
810 3427 873 3502 per
891 3404 958 3478 hoc
972 3414 1110 3503 tempus
1128 3404 1255 3478 luerint
1271 3415 1333 3480 aut
1352 3427 1469 3478 coram
1488 3405 1640 3480 dominis

221 3529 372 3604 civitatis
392 3529 639 3604 vicecomitalia
663 3529 886 3605 Massiliensis
908 3551 947 3603 se
972 3529 1119 3623 stagiam
1140 3529 1290 3602 tacturos
1316 3530 1352 3602 in
1373 3540 1580 3628 perpetuum
1602 3535 1639 3606 in

220 3655 361 3730 civitate
377 3655 608 3730 vicecomitali
622 3657 840 3749 Massiliensi,
859 3657 921 3752 qui
937 3655 1032 3730 cives
1049 3656 1181 3752 possint
1197 3678 1259 3752 per
1273 3677 1367 3730 mare
1385 3665 1420 3729 et
1434 3680 1497 3754 per
1514 3668 1638 3732 terram

220 3781 435 3878 ubicumque
456 3780 630 3856 voluerint
649 3781 876 3855 nihilominus
896 3781 1077 3878 negotiari.
1097 3781 1133 3853 Si
1149 3789 1265 3854 summ
1286 3781 1331 3853 sit
1350 3783 1487 3877 questio
1508 3785 1553 3858 dc
1576 3807 1640 3859 sa-

220 3917 398 3980 cramento
413 3929 459 3979 an
481 3907 527 3980 sit
543 3906 724 4005 prestitum
747 3930 793 3981 an
817 3929 904 4000 uon,
928 3908 1140 4003 compleatur
1152 3906 1286 4002 judicio
1303 3916 1474 3980 rectorum
1495 3910 1639 4005 predic·

220 4041 335 4106 torum
361 4041 423 4107 aut
448 4031 669 4108 dominorum
692 4033 941 4108 vicecomitalis
969 4032 1120 4106 civitatis
1145 4032 1368 4106 Massiliensis
1391 4033 1454 4128 qui
1484 4056 1547 4131 pro
1572 4033 1639 4110 hoc

220 4166 376 4256 tempore
395 4158 524 4232 luerint
543 4167 604 4232 aut
620 4159 732 4253 sigillo
746 4158 966 4250 eorumdem,
982 4157 1038 4229 bis
1052 4157 1158 4230 salvis
1178 4157 1277 4252 quod
1290 4157 1479 4254 uuicuique
1498 4159 1639 4234 libertas

220 4293 394 4380 competat
412 4305 475 4358 seu
492 4283 636 4357 lacultas
652 4285 750 4381 quod
769 4284 814 4358 de
835 4284 976 4358 civitate
991 4282 1219 4356 vicecomitali
1237 4283 1274 4356 in
1293 4283 1481 4381 episcopali
1499 4285 1638 4361 civitate

221 4417 283 4483 aut
300 4409 445 4482 ecclesia
461 4407 667 4482 Massiliensi
691 4407 802 4504 possit
823 4415 958 4481 mutare
976 4405 1209 4498 domicilium,
1229 4407 1431 4482 decivitate
1450 4411 1637 4508 episcopali

222 4543 285 4607 aut
298 4535 444 4609 ecclesia
467 4533 674 4607 Massiliensi
693 4533 729 4606 in
749 4533 926 4607 civitatem
942 4533 1232 4624 vicecomitalem,
1249 4534 1347 4628 qaod
1367 4556 1488 4610 omncs
1504 4537 1554 4610 illi
1575 4537 1636 4634 qui

221 4661 399 4734 naturales
419 4669 480 4734 aut
499 4659 666 4755 indigene
686 4669 768 4732 sunt
790 4668 825 4734 et
848 4669 949 4732 erunt
972 4659 1016 4733 de
1038 4658 1177 4735 civitate
1199 4659 1388 4758 episcopali
1409 4669 1471 4734 aut
1491 4663 1636 4738 ecclesia
