4298 5898
589 561 650 622 424
1095 559 1307 620 solonates
1333 559 1504 622 sectant
1817 560 1898 640 [Asu.
1918 564 2002 625 teas.

589 696 655 767 ciis
682 693 890 784 convicinis,
919 693 1109 788 inspirante
1130 695 1252 767 celitus
1272 715 1314 768 oo
1340 697 1401 790 qui
1419 697 1481 767 ubi
1501 695 1578 768 vult
1598 695 1704 790 spirat
1725 704 1760 767 et
1784 699 1934 792 expulsa
1962 699 2006 772 de

591 818 757 892 cordibus
776 839 896 890 eorum
917 817 1171 913 superstitionis
1185 819 1351 914 caligine,
1372 841 1431 893 cor
1451 841 1613 893 carneum
1639 819 1842 892 inducentes
1858 823 1907 894 ab
1927 823 2006 894 inti·

591 943 742 1016 delitatis
756 963 873 1015 errore
889 941 1069 1015 discedere
1085 943 1231 1038 cupiunt
1248 951 1282 1014 et
1298 943 1345 1017 ad
1364 945 1436 1016 vari
1455 945 1517 1018 Dei
1534 946 1666 1018 cultum
1683 951 1718 1016 ct
1738 945 1909 1020 catholice
1926 946 2007 1020 fidei

591 1068 757 1140 unitatem
775 1065 940 1138 accedere
961 1077 1043 1138 sunt
1057 1067 1184 1161 parati,
1210 1066 1256 1138 ob
1278 1067 1370 1138 iltius
1395 1077 1527 1140 tantum
1550 1069 1640 1140 sicut
1664 1067 1791 1141 dicitur
1811 1067 2008 1142 differentes

591 1193 748 1264 timorem
770 1211 815 1262 ne
841 1201 918 1286 post
940 1190 1194 1286 susceptionem
1220 1189 1301 1264 fidei
1326 1214 1388 1287 per
1413 1191 1588 1288 principes
1612 1191 1707 1265 orbis
1727 1191 1867 1266 libertas
1886 1214 2007 1266 eorum

591 1317 637 1390 ad
659 1315 835 1390 servitutis
856 1337 960 1388 onera
984 1315 1195 1399 deducatur3
1216 1339 1366 1410 cumque
1384 1317 1522 1412 penitus
1540 1337 1743 1388 censeamus
1768 1316 1954 1412 indignum
1974 1328 2009 1390 et

592 1442 725 1514 cunctis
748 1441 871 1514 Christi
893 1440 1085 1513 cultoribus
1103 1441 1360 1516 abhorrendum
1382 1451 1420 1513 ut
1442 1442 1670 1537 libertasque
1689 1465 1751 1538 par
1770 1463 1807 1516 se
1829 1465 1886 1516 res
1904 1445 2009 1516 fauo-

591 1565 710 1638 rabilis
733 1575 801 1656 est,
830 1564 1050 1660 privilegium
1073 1574 1107 1637 et
1132 1567 1285 1638 favorem
1311 1586 1381 1660 qne
1404 1587 1466 1661 per
1489 1565 1593 1640 fidem
1617 1576 1767 1638 meretur
1787 1567 1941 1658 amittat,
1965 1589 2008 1640 ea

592 1691 710 1762 omnia
734 1687 969 1785 prevenienda
990 1688 1159 1762 duximus
1180 1689 1225 1763 da
1245 1690 1356 1783 gratia
1380 1690 1531 1784 speciali.
1555 1690 1599 1762 Et
1614 1711 1695 1762 ecce
1713 1689 1809 1785 quod
1828 1690 2009 1764 universos

593 1823 629 1884 et
653 1815 809 1907 singulos
833 1834 952 1885 eorum
976 1813 1022 1886 ad
1048 1813 1301 1909 susceptionem
1326 1813 1491 1886 catholica
1518 1811 1600 1888 fidei
1620 1815 1797 1887 uenientes
1821 1826 1903 1910 post
1926 1838 2010 1888 sus-

595 1947 730 2034 ceptam
749 1935 853 2010 fidem
869 1959 948 2010 cum
964 1937 1127 2010 omnibus
1141 1937 1241 2010 bonis
1257 1959 1376 2010 eorum
1391 1938 1458 2010 sub
1470 1947 1584 2012 nostra
1599 1947 1634 2010 et
1646 1938 1783 2034 impen’i
1799 1939 2010 2034 protectione

594 2073 631 2134 et
651 2061 794 2158 speciali
813 2060 1014 2134 defensione
1035 2061 1244 2166 suscipimus
1260 2073 1295 2135 at
1315 2063 1483 2158 presentia
1508 2063 1625 2159 scripti
1648 2061 1851 2136 auctoritate
1872 2065 2009 2159 plenam

596 2187 647 2259 eis
661 2196 696 2259 et
713 2185 902 2258 heredibus
916 2207 1034 2260 eornm
1054 2187 1181 2258 intuitu
1203 2195 1361 2283 suscepte
1377 2186 1459 2260 fidei
1474 2187 1698 2260 concedimus
1713 2196 1749 2260 et
1767 2187 2009 2261 confirmamus

597 2319 761 2406 perpetuo
781 2309 990 2402 libertatem,
1007 2332 1141 2384 necnon
1156 2332 1275 2384 omnes
1290 2311 1525 2386 immunitates
1542 2312 1671 2406 quibus
1686 2313 1736 2383 uti
1754 2327 2008 2386 consueverunt

596 2437 798 2531 priusquam
815 2444 1095 2508 converterentur
1111 2436 1157 2510 ad
1175 2435 1292 2509 fidam.
1315 2436 1509 2509 Eximimus
1526 2437 1668 2534 insuper
1690 2458 1750 2510 eos
1774 2437 1878 2510 etiam
1898 2461 1922 2510 a
1940 2460 2010 2510 ser·

593 2562 704 2634 vitute
729 2571 763 2633 et
786 2559 1027 2652 jurisdictione
1053 2581 1194 2652 regum,
1220 2559 1351 2632 dunum
1376 2570 1411 2634 et
1437 2561 1653 2658 principum,
1680 2561 1845 2634 uomitum
1865 2571 1901 2634 et
1922 2571 2010 2634 ceta·

595 2709 711 2760 rorum
728 2693 948 2778 magnatum,
963 2685 1112 2780 presenti
1131 2685 1324 2758 sancientes
1336 2684 1451 2758 edicto
1469 2695 1508 2757 nt
1526 2687 1664 2758 nonnisi
1681 2695 1899 2760 sacrosancte
1913 2686 2009 2759 matri

595 2809 747 2882 Ecclesia
774 2831 815 2881 ac
839 2811 993 2882 Romano
1027 2808 1190 2903 imperio,
1217 2809 1513 2904 quemadmodum
1545 2812 1602 2884 alii
1630 2811 1729 2884 liberi
1759 2811 1921 2884 homines
1949 2812 2012 2883 im·

596 2934 697 3030 perii,
714 2943 908 3022 teneantur,
927 2935 1113 3029 nullusque
1129 2955 1190 3007 eos
1204 2945 1321 3008 eontra
1341 2937 1508 3032 presentis
1527 2936 1761 3032 protectionis,
1784 2935 2009 3028 detensionis,

596 3059 826 3132 concessionis
842 3069 877 3131 at
891 3055 1159 3132 confirmationis
1177 3069 1292 3132 nostre
1307 3060 1469 3155 paginam
1489 3062 1668 3158 impetere,
1688 3062 1883 3153 molestare,
1906 3062 2012 3134 offen·

597 3181 679 3256 dere
697 3184 751 3256 vel
767 3205 886 3256 eornm
902 3183 1054 3278 quietem
1073 3184 1213 3256 turbare
1231 3195 1421 3280 presumat.
1437 3183 1540 3270 Quod
1553 3187 1616 3280 qui
1632 3185 1882 3282 presumpserit
1898 3185 2012 3279 indig·
2134 3269 2135 3276 ἵ

599 3307 773 3382 nationem
802 3315 953 3380 nostram
985 3317 1019 3381 et
1045 3307 1180 3403 imperii
1211 3329 1249 3381 se
1279 3309 1414 3382 noverit
1445 3311 1598 3401 graviter
1624 3311 1861 3383 incursurum.
1901 3311 2013 3396 Quare
2134 3405 2135 3418 ἵ

597 3431 856 3506 universitatem
882 3441 1032 3504 vestram
1058 3430 1227 3504 hortando
1252 3442 1287 3504 et
1312 3433 1468 3527 rogando
1491 3456 1674 3507 monemus
1698 3435 1864 3507 attentius
1887 3434 2013 3506 exhor·
2133 3429 2135 3512 ἶ

596 3568 706 3632 tantas
722 3567 895 3653 quatenns
914 3557 1086 3653 predictas
1106 3565 1227 3651 gentes
1243 3556 1447 3632 accedentes
1463 3558 1510 3632 ad
1529 3558 1655 3652 fidem,
1676 3560 1722 3634 ob
1743 3559 1838 3632 illius
1863 3581 2010 3632 amorem

596 3683 697 3775 cujus
714 3692 798 3754 nutu
826 3703 867 3754 ac
892 3679 1116 3777 inspiratione
1134 3681 1311 3755 ducuntur
1326 3694 1360 3755 et
1377 3683 1439 3777 qni
1460 3705 1520 3756 aas
1535 3682 1652 3756 denuo
1674 3683 1721 3756 ad
1744 3705 1783 3756 se
1806 3693 1931 3777 vocat,
1955 3683 2010 3756 he

597 3805 703 3901 nigne
718 3815 911 3902 protegere,
927 3805 1044 3878 fovere
1058 3827 1100 3878 ac
1114 3806 1202 3878 tueri
1217 3815 1375 3903 potenter
1388 3807 1433 3881 ab
1454 3807 1651 3880 incursibus
1668 3808 1901 3902 malignorum
1920 3817 1956 3881 et
1969 3807 2009 3880 ob

596 3930 822 4002 reverentiam
841 3929 977 4025 imperii
994 3929 1253 4004 commendatas
1272 3931 1399 4006 habene
1412 3933 1541 4023 velitis,
1555 3943 1595 4005 ut
1609 3933 1790 4008 uniuersos
1806 3947 1842 4006 et
1857 3933 2008 4027 singulus

597 4053 768 4149 possimus
781 4052 912 4126 exinde
925 4054 1046 4127 marito
1061 4054 1315 4130 commendare.

643 4181 770 4252 Datum
785 4177 962 4270 Cathanic,
983 4199 1075 4254 anno
1090 4179 1264 4254 dominice
1281 4182 1525 4257 incarnationis
1543 4183 1591 4255 M·
1609 4181 1675 4256 CC·
1690 4183 1769 4254 XX⁰
1786 4182 1877 4272 1111·,
1895 4200 2008 4254 meuse

595 4303 729 4396 marcii,
749 4303 825 4376 xss‘
843 4302 1071 4402 indictionis(
1097 4303 1123 4401 ).

633 4610 670 4685 (t)
688 4611 841 4669 Notandum
856 4619 899 4670 est
909 4613 962 4671 hoo
975 4613 1143 4687 privilegium
1155 4616 1212 4686 jam
1225 4630 1273 4672 sex
1291 4615 1370 4672 anuis
1385 4622 1448 4673 ante
1461 4615 1594 4674 indultum
1611 4631 1696 4690 qnam
1709 4613 1776 4672 ordo
1788 4613 1965 4671 theutonicam
1974 4625 2008 4667 ex

595 4708 767 4766 concessione
779 4709 892 4768 Conradi
906 4711 982 4768 ducis
995 4717 1094 4768 terram
1107 4709 1277 4770 Cuimeusem
1291 4711 1472 4786 occupaverit.
