4296 5898
192 551 373 632 lnnrcr.ll.]
513 585 520 604 ·
643 548 843 613 dissoluti
868 548 1162 613 clancularius.
1552 551 1614 615 295

193 689 275 764 cidi
291 683 521 783 Augustensis
540 683 802 781 episcopcrum,
828 686 932 759 Ulrici
951 686 1066 759 Sancti
1085 684 1192 777 Galli,
1215 684 1364 760 Conradi
1382 686 1614 762 Laurumnsis

192 814 371 898 ahbatum,
396 809 558 907 Liupcldi
576 807 716 884 Austris
733 819 768 885 et
791 812 919 908 Styrie,
939 811 1089 885 Heinrici
1110 811 1295 886 Brabantie
1318 821 1353 887 et
1371 789 1609 910 Letharingie,

192 937 384 1014 Theobaldi
410 933 580 1008 inferioris
599 934 838 1030 lotharingie,
864 937 1054 1011 Bernhardi
1080 938 1273 1031 Corinthie,
1303 938 1437 1012 Ottouis
1462 939 1614 1014 Merauie

194 1063 344 1155 ducum,
361 1061 549 1136 Hermanui
565 1061 773 1134 marchionis
790 1062 835 1136 de
853 1063 984 1156 Badeo,
1002 1063 1167 1137 Friderici
1184 1063 1298 1137 fratris
1316 1065 1410 1160 ejus,
1432 1064 1612 1138 Ludewici

194 1189 330 1263 comitis
345 1188 390 1262 de
406 1189 489 1274 Los,
508 1185 646 1260 Rudclfi
662 1187 797 1260 comitis
814 1188 859 1262 de
874 1188 1161 1284 Habechesburg,
1185 1188 1342 1284 Hugcnis
1363 1189 1498 1262 comitis
1518 1191 1614 1286 pala·

194 1313 258 1385 tiui
274 1314 318 1388 de
334 1312 505 1407 Tuingeu,
525 1311 700 1386 Wilhelmi
718 1313 831 1386 fratris
847 1313 924 1406 ejus
938 1313 1073 1387 comitis
1089 1313 1134 1387 de
1150 1314 1290 1406 Giezen,
1308 1313 1460 1388 Heinrici
1479 1313 1615 1388 comitis

193 1437 241 1512 de
263 1437 450 1528 Nassowe,
467 1436 631 1510 Friderici
654 1437 789 1510 comitis
804 1436 849 1511 de
865 1437 1024 1531 Cleberc,
1040 1438 1208 1512 Gerhardi
1224 1437 1360 1511 comitis
1378 1436 1423 1512 de
1436 1437 1611 1528 Renelke,

194 1561 376 1636 ludewici
393 1561 529 1636 comitis
547 1561 592 1635 de
615 1560 856 1656 Cigenhageu,
875 1561 1024 1635 Heinrici
1045 1560 1179 1636 comitis
1199 1562 1244 1636 de
1267 1563 1464 1656 Hostaden,
1483 1561 1614 1637 Alberti

195 1689 329 1761 comitis
346 1688 390 1762 de
404 1686 598 1780 Eversteiu,
616 1687 740 1760 Siberti
759 1686 893 1760 comitis
909 1687 1105 1778 deWerde,
1122 1688 1274 1761 Heinrici
1288 1688 1423 1760 comitis
1440 1687 1485 1762 de
1499 1689 1615 1761 Gemi·

194 1822 361 1909 uoponte,
381 1811 547 1887 Friderici
567 1811 703 1886 comitis
718 1811 763 1887 de
780 1812 968 1907 liningen,
990 1811 1094 1886 Ulrici
1119 1813 1255 1886 comitis
1278 1811 1323 1886 de
1341 1814 1482 1910 Eppan,
1506 1815 1615 1886 Hart-

194 1938 313 2013 manui
329 1937 464 2013 comitis
480 1937 524 2011 de
539 1937 713 2033 Dilingen,
730 1937 882 2012 Dietheri
900 1937 1034 2012 comitis
1052 1936 1097 2011 de
1115 1937 1445 2033 Catzenelenbogen,
1463 1937 1614 2012 Heinrici

194 2061 329 2134 comitis
358 2061 404 2136 de
428 2061 561 2154 Dietse,
589 2061 736 2136 Conradi
762 2063 896 2137 comitis
916 2061 1108 2155 Silvestris,
1133 2061 1273 2159 Ruperti
1301 2062 1435 2136 comitis
1461 2063 1610 2155 Hirsuti,

193 2185 371 2261 chelridi
390 2187 526 2262 comitis
544 2187 589 2261 de
608 2187 815 2283 Spanheim,
833 2187 984 2262 Heinrici
999 2188 1135 2261 comitis
1150 2188 1194 2262 de
1214 2187 1442 2281 Sarwerdeu,
1460 2187 1613 2261 Heinrici

193 2312 330 2385 comitis
341 2309 386 2385 de
399 2311 574 2404 Viauden,
590 2313 742 2386 Heinrici
756 2314 892 2388 comitis
908 2314 953 2388 de
967 2315 1119 2404 Salmen,
1134 2311 1310 2386 Godelridi
1328 2314 1373 2388 de
1383 2313 1609 2408 Eppeustein,

194 2435 344 2510 Heinrici
373 2436 418 2510 de
447 2436 634 2533 lseuburg,
663 2436 795 2513 Gerlaci
825 2438 869 2512 de
899 2440 1092 2535 Butiugeu,
1120 2438 1279 2512 Hartradi
1308 2438 1353 2512 de
1377 2439 1609 2527 Meremberc,

193 2561 375 2635 Wemheri
389 2561 435 2636 de
447 2561 640 2636 Boulandia
658 2563 844 2660 imperialis
863 2565 943 2637 aule
957 2563 1118 2658 dapiferi,
1137 2561 1364 2636 Hildebraudi
1378 2560 1425 2635 de
1437 2563 1613 2636 Rechberc

192 2687 389 2779 marscalci,
411 2687 551 2762 Walteri
574 2687 619 2761 de
638 2687 777 2785 Schiple
794 2689 979 2785 pincerne,
1001 2688 1107 2762 Ulrici
1127 2689 1173 2763 de
1192 2687 1413 2763 Mincenberc
1432 2689 1612 2762 camerarii

193 2818 228 2883 ct
245 2811 392 2884 aliorum
416 2812 693 2908 quamplurium,
713 2813 749 2884 in
771 2815 962 2908 profectum
983 2823 1019 2886 et
1036 2823 1260 2909 augmentum
1284 2813 1465 2910 hospitalis
1488 2816 1613 2888 Sancte

193 2936 302 3011 Maria
323 2937 612 3012 Theutouicorum
634 2938 670 3010 iu
689 2938 900 3013 iherusalem
923 2939 1157 3015 concessimus
1179 2949 1219 3012 ut
1238 2939 1451 3034 quicumque
1478 2937 1613 3034 aliquid

87 3071 92 3078 '
195 3059 241 3134 da
254 3061 354 3136 bouis
366 3062 503 3159 imperii
518 3062 708 3159 possideret
720 3063 859 3138 nomine
872 3064 977 3154 leodi,
993 3065 1136 3138 licenter
1150 3087 1191 3139 ac
1204 3065 1311 3138 libere
1321 3074 1494 3161 quantum
1507 3064 1612 3139 vellet

194 3208 242 3258 en
257 3187 308 3260 eis
323 3187 484 3283 hospitali
503 3188 658 3285 predicto
673 3197 837 3283 tauquam
855 3191 1035 3286 proprium
1053 3192 1208 3264 conferre
1220 3191 1361 3264 valeret.
1378 3191 1478 3264 Nunc
1495 3199 1611 3263 autem

193 3311 344 3386 dilectus
361 3313 462 3388 uobis
484 3315 521 3386 in
547 3314 689 3388 domiuo
708 3316 811 3388 irater
833 3316 1050 3388 Hermannus
1070 3315 1232 3410 magister
1252 3315 1431 3412 hospitalis
1452 3314 1610 3407 ejusdem

194 3435 232 3508 in
255 3449 371 3512 nostra
394 3439 564 3537 presentia
594 3440 798 3514 constitutus
818 3440 989 3534 maiestati
1014 3451 1130 3514 nostre
1154 3440 1317 3514 attentius
1341 3439 1549 3536 supplicavit
1572 3449 1612 3512 ut

193 3561 290 3657 quod
310 3572 409 3658 tunc,
432 3565 523 3638 sicut
547 3563 786 3661 supradictum
803 3575 875 3659 est,
895 3577 1082 3640 memorato
1105 3565 1251 3639 lecimus
1274 3565 1436 3662 hospitali
1456 3587 1551 3638 nuuc
1573 3565 1611 3637 in
1703 3641 1707 3648 ,

194 3688 302 3760 nostri
317 3688 529 3763 sublimitate
543 3688 681 3785 imperii
700 3690 889 3764 concedere
903 3699 938 3763 et
954 3689 1158 3764 confirmare
1175 3690 1288 3766 eidem
1307 3689 1354 3764 de
1370 3700 1486 3765 nostra
1502 3689 1611 3784 gratia

195 3810 432 3907 dignaremur.
452 3815 522 3887 Nos
536 3823 652 3887 autem
672 3815 839 3911 profectui
857 3824 892 3888 et
909 3824 1096 3911 augmento
1109 3815 1289 3912 hospitalis
1305 3816 1462 3910 ejusdem
1478 3837 1520 3889 eo
1536 3838 1610 3888 am·

194 3937 287 4034 plius
304 3939 520 4014 intendentes
538 3960 609 4036 quo
628 3963 692 4037 per
708 3941 824 4036 ipsum
841 3939 908 4014 sub
925 3942 1022 4014 cultu
1039 3940 1216 4036 religionis
1231 3951 1267 4015 et
1282 3941 1403 4014 habitu
1426 3939 1548 4013 lortius
1564 3939 1611 4013 ad

195 4063 433 4140 liberationem
453 4066 644 4140 intenditur
665 4068 768 4141 Terre
790 4069 914 4141 Sancte
935 4067 971 4140 in
996 4089 1067 4163 qua
1087 4066 1244 4139 Salvator
1262 4076 1377 4140 noster
1391 4064 1610 4161 corporaliter

195 4189 348 4264 misteria
361 4200 476 4264 nostre
488 4192 736 4289 redemptionis
752 4191 930 4286 exhihuit,
948 4205 1061 4290 preter
1073 4191 1296 4266 humanitatis
1308 4191 1421 4264 officia
1434 4212 1504 4286 que
1518 4193 1610 4264 mul-

194 4314 356 4410 tipliciter
370 4316 619 4414 impenduntur
633 4318 846 4415 pauperibus
857 4326 891 4390 et
903 4316 1061 4411 infirmis,
1078 4317 1114 4388 iu
1128 4315 1325 4389 subsidium
1338 4326 1372 4388 et
1384 4323 1609 4411 augmentum

195 4438 374 4536 hospitalis
402 4440 513 4538 ipsius
539 4441 761 4516 concedimus
784 4451 818 4515 et
842 4442 1107 4539 inperpetuum
1127 4440 1370 4514 confirmamus
1389 4450 1427 4514 ut
1450 4441 1610 4537 quicum·

193 4585 267 4660 que
289 4565 425 4662 aliquid
450 4566 496 4640 dc
519 4566 621 4640 bouis
639 4567 775 4664 imperii
801 4566 954 4664 possidet
973 4567 1113 4641 nomine
1137 4566 1252 4656 feudi,
1277 4565 1418 4640 licenter
1438 4589 1480 4640 uc
1503 4566 1610 4639 libere

193 4699 367 4786 quantum
387 4691 534 4766 voluerit
554 4714 602 4766 ex
622 4691 754 4766 eisdem
775 4700 941 4789 unquam
960 4693 1137 4790 proprium
1161 4701 1348 4768 memorato
1369 4693 1525 4766 conlerre
1541 4713 1611 4765 va·-
