4298 5898
565 559 627 622 tea
1067 561 1283 624 uutnnatcr
1309 563 1483 626 suctum
1795 565 1876 652 [An.
1896 568 1988 633 lm

619 699 657 770 lu
685 697 826 772 nomine
846 698 982 770 Domini
1005 699 1112 772 nosui
1135 700 1216 773 lesu
1234 699 1371 774 Christi.
1394 699 1519 776 Amen.
1545 701 1645 777 Anno
1666 701 1841 778 salutifere
1865 706 1989 780 incar-

569 823 717 898 nationis
734 822 893 916 ejusdem
908 823 1091 899 millesimo
1107 824 1344 900 ducentesimo
1366 825 1536 922 vigesimo
1558 837 1695 923 quarto,
1715 849 1833 902 mense
1854 830 1986 922 madii,

570 947 778 1024 duodecime
804 947 1025 1038 indictionis,
1056 949 1247 1046 imperante
1275 949 1417 1026 domino
1445 961 1563 1026 nostro
1591 952 1755 1026 Federico
1786 953 1848 1026 Dei
1877 955 1988 1048 graba

567 1073 793 1148 invictissimo
808 1075 1040 1149 Romanorum
1057 1075 1280 1173 imperatore,
1300 1096 1437 1173 semper
1449 1085 1600 1173 augusto
1618 1085 1654 1151 et
1669 1099 1751 1172 rege
1772 1077 1890 1151 Sicilie
1903 1079 1988 1174 glo-

570 1199 772 1288 riosissimo,
790 1199 934 1272 Romani
953 1199 1089 1295 imperii
1105 1200 1182 1294 ejus
1198 1221 1289 1274 anno
1306 1209 1443 1296 quarto,
1465 1199 1566 1294 regni
1583 1221 1668 1274 vero
1687 1200 1801 1274 Sicilie
1816 1201 1988 1297 vigesimo

567 1325 733 1422 septimo,
757 1324 914 1398 feliciter.
933 1324 1059 1398 Amen.
1084 1325 1158 1399 Sub
1181 1325 1323 1399 domino
1344 1325 1493 1398 llenrico
1516 1327 1563 1400 de
1585 1325 1699 1399 blorra
1724 1347 1847 1421 magne
1871 1325 1988 1424 impe-

567 1450 662 1524 rialis
680 1448 777 1523 curie
795 1450 960 1546 magistm
977 1449 1164 1544 justitiario
1186 1450 1363 1546 querelam
1384 1447 1532 1522 instituit
1547 1448 1722 1545 dompnus
1739 1449 1888 1523 Thomas
1906 1471 1987 1548 pm·

568 1574 705 1674 positus.
714 1578 838 1649 Sancte
851 1575 957 1648 blarie
975 1574 1020 1648 de
1038 1576 1131 1648 Luco
1148 1596 1211 1670 pro
1228 1584 1326 1671 parte
1343 1573 1541 1648 monasterii
1556 1573 1714 1668 ejusdem
1727 1575 1982 1649 continentem:

572 1727 590 1770 a
610 1702 660 1775 lta
676 1710 756 1797 peto
771 1722 794 1773 a
810 1700 907 1773 curia
927 1699 1096 1796 imperiali
1116 1709 1155 1772 ut
1176 1699 1351 1797 permittat
1369 1698 1527 1774 homines
1544 1697 1700 1796 predicte
1717 1699 1862 1773 ecclesie
1881 1699 1986 1773 babi-

566 1835 677 1900 tantes
696 1825 733 1898 in
753 1825 857 1898 casali
880 1825 963 1898 Luci
982 1845 1059 1898 esse
1084 1825 1121 1897 in
1143 1845 1186 1897 eo
1209 1833 1300 1898 statu
1324 1831 1360 1898 et
1387 1823 1638 1918 libertateque
1667 1824 1807 1896 luerunt
1830 1833 1984 1920 tempore

569 1949 662 2046 regis
683 1945 856 2023 Guillelmi
879 1958 914 2022 et
937 1957 977 2021 ut
995 1949 1092 2022 curia
1117 1957 1228 2022 cesset
1249 1947 1295 2020 ab
1319 1945 1483 2022 indebitis
1508 1947 1806 2022 molestationibus
1820 1957 1855 2020 et
1880 1969 1984 2022 exac-

568 2075 722 2150 tionibus
737 2097 826 2171 quas
842 2074 923 2148 lacit
941 2073 1025 2170 ipsis
1038 2072 1249 2147 bominibus.
1270 2073 1425 2148 blolestat
1439 2073 1533 2147 enim
1551 2072 1720 2146 trahendo
1738 2094 1798 2147 eos
1811 2071 1858 2146 ad
1871 2074 1983 2146 iorum

569 2198 740 2293 seculare,
766 2197 978 2296 imponendo
1001 2198 1053 2272 eis
1076 2197 1254 2290 collectas,
1278 2197 1451 2290 adjutoria
1474 2207 1509 2270 et
1529 2197 1690 2282 servitia,
1715 2199 1926 2292 angariando
1949 2207 1986 2271 et

569 2325 846 2424 perangariando
861 2346 942 2415 eos,
958 2345 1029 2419 que
1050 2323 1167 2397 omnia
1188 2344 1258 2395 non
1276 2331 1532 2396 consueverunt
1555 2321 1621 2418 ipsi
1639 2322 1797 2396 homines
1818 2325 1930 2396 iacere
1949 2331 1984 2394 et

569 2459 723 2546 prestare
751 2459 906 2546 tempore
928 2449 1020 2542 regis
1047 2447 1205 2543 predicti.
1231 2447 1315 2520 ltem
1341 2449 1497 2520 molestat
1518 2469 1578 2521 eos
1603 2446 1766 2544 ponendo
1788 2446 1923 2540 bajulos
1947 2447 1982 2518 in

568 2575 645 2672 ipsa
662 2575 747 2648 villa
765 2595 854 2670 quos
879 2573 1074 2670 prepositus
1098 2582 1254 2668 ternpore
1277 2571 1360 2644 dicti
1383 2571 1477 2668 regis
1500 2571 1684 2647 ordinabat
1704 2581 1740 2645 et
1762 2569 1982 2669 percipiendo

567 2699 790 2796 plateaticum
807 2699 845 2771 in
862 2699 946 2772 villa
959 2697 1035 2794 ipsa
1051 2696 1147 2792 quod
1165 2705 1296 2793 spectat
1310 2697 1482 2792 adipsum
1498 2695 1695 2784 ecclesiam,
1715 2705 1830 2793 preter
1851 2697 1982 2792 platea-

569 2825 673 2898 ticum
699 2824 919 2896 turzellorum
943 2821 1040 2918 quod
1064 2831 1195 2918 spectat
1215 2821 1261 2897 ad
1283 2821 1434 2912 curiam,
1459 2824 1557 2895 salvo
1578 2825 1658 2918 J'ure
1678 2821 1835 2897 addendi
1861 2832 1897 2896 et
1918 2823 1983 2894 mi-

568 2949 713 3022 nuendi.
727 2975 745 3020 »
759 2949 888 3022 Verum
905 2959 945 3020 ut
961 2947 1095 3022 dictum
1110 2947 1289 3040 negotium
1307 2946 1434 3022 debitis
1448 2947 1604 3044 partibus
1620 2969 1690 3021 non
1704 2959 1856 3037 careret,
1872 2947 1981 3022 dictus

570 3074 732 3165 magister
745 3073 953 3164 justitiarius
973 3072 1020 3147 ad
1036 3095 1113 3146 eam
1135 3071 1228 3145 litem
1248 3081 1505 3168 procuratorem
1527 3074 1704 3146 constituit
1718 3073 1873 3168 judicem
1896 3077 1982 3146 San-

569 3207 702 3272 tuetum
723 3199 786 3294 qui
809 3199 977 3292 justitiam
1002 3197 1077 3271 fisci
1104 3197 1306 3272 defenderet
1323 3207 1358 3271 et
1380 3199 1480 3272 inea
1496 3219 1602 3273 causa
1622 3195 1697 3271 fisci
1718 3199 1815 3272 vices
1841 3198 1982 3272 fideliter

569 3323 765 3398 sustineret.
795 3323 964 3397 Processit
995 3323 1102 3418 igitur
1128 3323 1242 3396 dictus
1271 3320 1434 3418 magister
1463 3319 1511 3396 ad
1540 3321 1611 3395 litis
1640 3321 1922 3396 contestationem
1946 3321 1979 3394 in

569 3449 712 3524 modum
728 3449 977 3546 subscriptum,
987 3471 1120 3545 negans
1133 3448 1245 3523 dictos
1256 3448 1415 3522 homines
1428 3449 1599 3546 pertinere
1612 3444 1659 3522 ad
1669 3448 1852 3522 ecclesiam
1865 3450 1980 3522 Sancte

570 3575 689 3667 Maris,
704 3575 839 3650 addens
851 3575 949 3671 quod
967 3575 1076 3669 bajuli
1096 3573 1228 3648 domini
1245 3576 1460 3672 imperatoris
1478 3575 1516 3647 iu
1532 3573 1693 3650 omnibus
1707 3595 1778 3669 que
1795 3583 1979 3670 exegerunt

570 3699 615 3772 ab
638 3700 783 3773 ecclesia
809 3701 863 3772 usi
890 3707 970 3772 snat
987 3699 1067 3793 jure
1092 3719 1170 3772 suo.
1202 3699 1251 3772 lle
1276 3699 1384 3795 igitur
1408 3699 1518 3773 dubia
1543 3720 1605 3796 per
1630 3698 1854 3794 negationem
1880 3700 1977 3784 iacta,

569 3823 729 3919 producti
758 3832 841 3895 suut
863 3831 966 3896 testes
990 3824 1053 3918 qui
1078 3823 1306 3896 communiter
1331 3845 1395 3920 pro
1416 3833 1563 3919 utraque
1586 3831 1685 3919 parte
1706 3821 1865 3896 dicerent
1888 3821 1980 3897 veri·

568 3957 685 4020 tatem.
707 3947 844 4043 Apertis
865 3957 981 4021 autem
1000 3947 1276 4045 depositionibus
1290 3957 1474 4045 postquam
1489 3947 1725 4022 renuntiatum
1740 3948 1857 4022 fuerat
1868 3971 1890 4022 a
1902 3969 1980 4044 par-

568 4073 662 4145 tibus
677 4083 711 4146 et
726 4073 946 4167 conclusum,
962 4073 1167 4170 permultos
1185 4081 1288 4147 testes
1304 4082 1423 4147 contra
1438 4095 1527 4169 quos
1542 4072 1630 4144 nibil
1646 4072 1782 4145 dictum
1800 4074 1916 4146 fuerat
1930 4071 1980 4146 vel

568 4196 761 4289 obJectum,
778 4197 962 4292 probatum
980 4197 1095 4270 extitit
1111 4197 1304 4286 manifeste,
1323 4197 1487 4272 uidelicet
1500 4217 1564 4294 per
1581 4195 1772 4270 Iohannem
1790 4195 1837 4270 de
1849 4197 1982 4270 Simone

569 4321 631 4417 qui
654 4319 746 4392 dixit
762 4319 859 4416 quod
881 4321 958 4418 ipso
978 4320 1069 4394 vidit
1094 4329 1247 4418 tempore
1268 4322 1362 4415 regis
1383 4320 1557 4395 Guillelmi
1581 4341 1645 4417 per
1667 4341 1778 4394 annos
1802 4320 1981 4395 duodecim

570 4445 759 4541 prepositos
774 4445 918 4518 ecclesie
932 4447 1055 4518 Sancte
1069 4445 1176 4519 llario
1187 4443 1234 4518 de
1247 4444 1341 4518 Lnoo
1357 4454 1474 4520 tenere
1489 4453 1524 4518 et
1536 4442 1715 4540 possidere
1728 4443 1887 4517 homines
1899 4462 1981 4538 quos

548 4585 551 4594 ’
570 4570 714 4644 ecclesia
732 4569 910 4644 illa'babet
925 4569 962 4643 in
981 4571 1086 4644 casali
1104 4573 1197 4644 Luco
1211 4569 1339 4644 liberes
1355 4578 1390 4642 et
1410 4569 1559 4665 quietos,
1579 4567 1677 4663 quod
1693 4569 1825 4641 nemini
1840 4589 1979 4664 respon-

574 4692 703 4766 debant
726 4695 793 4768 nisi
820 4696 900 4769 solis
928 4697 1110 4792 propositis
1135 4695 1197 4791 qui
1224 4715 1289 4792 pro
1315 4703 1469 4790 tompore
1496 4693 1730 4768 succedebant
1757 4693 1803 4769 de
1825 4692 1978 4767 omuibus
