4298 5898
520 629 582 692 ⁴26
1024 635 1238 697 uatusutct
1263 635 1440 700 sncttrtnt
1752 638 1831 724 [elan.
1850 641 1935 704 1224

521 765 683 840 omnibus
695 767 928 864 adimplendis
944 769 1112 864 obligavit
1135 771 1200 844 sibi
1219 773 1335 846 omnia
1351 773 1442 847 bona
1465 795 1529 848 sua
1543 773 1734 848 immobilia
1751 798 1821 871 que
1835 776 1937 852 babet

522 891 782 988 incivitatibus,
797 895 962 967 castriset
976 894 1081 987 villis,
1096 896 1223 969 sivein
1237 897 1706 994 allodio,siveinbomagio,
1722 901 1848 973 sivein
1865 924 1936 975 ser·

521 1015 626 1109 vitio,
643 1017 719 1090 sive
738 1017 775 1089 in
792 1019 959 1116 pedagio,
975 1021 1050 1094 sive
1064 1019 1101 1092 in
1115 1021 1233 1114 lodm,
1250 1023 1325 1096 sive
1344 1023 1379 1094 in
1397 1023 1593 1097 redditibus
1610 1024 1787 1119 aliquibus
1804 1047 1864 1100 seu
1873 1028 1935 1120 ju-

522 1140 632 1230 ribus,
655 1142 730 1216 sive
746 1143 911 1238 angariis,
930 1146 1005 1220 sive
1023 1147 1249 1243 perangariis,
1263 1169 1324 1220 seu
1346 1148 1522 1243 aliquibus
1537 1151 1791 1240 exactionibus,
1803 1152 1936 1248 specia-

520 1265 597 1339 liter
611 1266 686 1360 illa,
705 1277 771 1340 etc.
800 1267 971 1364 [Sequitur
986 1269 1156 1366 decuriatio
1169 1275 1314 1345 omnium
1330 1277 1572 1368 possermoum
1587 1299 1671 1370 quos
1691 1285 1775 1350 tenet
1792 1279 1935 1348 morelio

519 1402 577 1462 cot
597 1413 680 1486 quae
703 1393 830 1490 despue
849 1406 1001 1468 teneatur
1021 1420 1043 1469 o
1061 1391 1229 1496 cacteris]
1247 1398 1342 1473 ldem
1360 1407 1476 1471 autem
1497 1399 1650 1472 marchio
1670 1399 1878 1473 renuntiavit
1899 1399 1933 1471 in

518 1517 585 1590 boc
601 1519 691 1593 lacto
707 1521 801 1592 omni
820 1521 937 1616 legum
954 1522 1101 1615 auxilio,
1120 1532 1156 1596 et
1174 1521 1366 1619 specialiter
1383 1523 1581 1620 exceptioni
1596 1546 1665 1597 non
1684 1535 1861 1598 numerate
1875 1547 1934 1622 pe·

519 1643 640 1736 cunie,
656 1644 727 1718 doli
742 1654 777 1718 et
797 1699 939 1720 .....
958 1647 994 1718 in
1010 1649 1138 1720 lactum
1157 1647 1315 1742 obligans
1331 1667 1370 1720 se
1385 1669 1538 1744 suosque
1553 1647 1699 1722 heredes
1713 1647 1855 1721 domino
1870 1649 1933 1720 im·

520 1769 668 1863 peratori
684 1769 828 1864 suisque
841 1770 1030 1845 heredibus
1046 1772 1094 1846 ad
1108 1793 1232 1869 penam
1247 1772 1372 1868 viginti
1391 1773 1539 1845 millium
1552 1773 1771 1846 marcharum
1788 1773 1928 1868 argenti,

520 1893 549 1966 si
568 1893 643 1991 ipse
657 1896 714 1968 vel
728 1895 872 1972 heredes
889 1899 944 1970 sui
963 1900 1019 1972 vel
1038 1899 1165 1994 aliquis
1180 1921 1244 1996 pro
1260 1909 1359 1996 purte
1375 1920 1496 1972 eorum
1511 1907 1630 1974 contra
1645 1898 1833 1995 predictam
1848 1899 1932 1972 obli·

520 2019 692 2114 gationem
713 2023 834 2094 venire
859 2025 1126 2120 presumpserit,
1148 2023 1303 2120 predicta
1324 2023 1555 2098 conventione
1575 2023 1612 2096 in
1631 2046 1694 2098 suo
1722 2025 1844 2097 robore
1863 2023 1931 2097 du-

522 2153 658 2236 ratura;
683 2146 839 2220 omnium
865 2157 982 2221 antem
1008 2171 1124 2222 rerum
1147 2159 1182 2223 et
1210 2151 1427 2246 singularum
1453 2151 1663 2246 corporalem
1685 2150 1929 2246 possessiomm

522 2269 665 2345 domiuo
686 2271 881 2368 imperatori
903 2273 1065 2368 tradidit,
1084 2273 1279 2350 concedens
1296 2275 1363 2348 sibi
1385 2297 1505 2348 omnes
1521 2275 1655 2348 tructus
1671 2283 1706 2348 et
1720 2275 1881 2348 utilitates
1899 2284 1932 2347 et

520 2394 748 2470 obventiones
775 2398 1009 2494 predictarum
1044 2421 1159 2473 rerum
1187 2408 1222 2472 et
1244 2399 1377 2491 jurium
1404 2421 1451 2472 ex
1483 2419 1589 2472 causa
1621 2397 1816 2471 donationis
1847 2398 1932 2470 inter

522 2520 622 2594 vivos
637 2519 701 2620 (l).
724 2524 807 2596 ltem
829 2524 1025 2620 specialiter
1045 2524 1251 2600 convenitur
1273 2525 1363 2598 inter
1385 2546 1445 2598 eos
1463 2523 1560 2620 quod
1585 2523 1616 2597 si
1639 2522 1753 2596 dictus
1775 2522 1931 2596 dominus

520 2647 706 2743 imperator
729 2647 885 2744 predicta
904 2650 995 2724 bona
1022 2650 1058 2722 in
1082 2661 1190 2724 totum
1210 2651 1266 2723 vel
1288 2649 1325 2722 in
1342 2657 1473 2748 partem
1497 2649 1708 2744 recollegerit
1729 2670 1800 2742 que
1823 2648 1931 2721 dictus

520 2769 675 2846 marchio
703 2772 781 2848 aliis
807 2775 994 2870 obligavit,
1022 2775 1145 2850 eadem
1168 2775 1364 2850 conditione
1390 2785 1572 2848 tencantur
1594 2795 1657 2872 pro
1680 2773 1793 2872 primo
1818 2773 1931 2847 debito

520 2918 583 2992 pro
600 2908 704 2989 sorte,
719 2907 754 2972 et
778 2899 875 2995 quod
892 2900 1015 2975 eodem
1035 2901 1139 2975 modo
1166 2902 1275 2998 possit
1299 2903 1431 2973 tructus
1449 2901 1643 2997 percipere,
1661 2899 1753 2972 sicut
1776 2898 1931 2995 superius

522 3019 654 3094 dictum
668 3032 733 3112 est,
753 3046 859 3118 quam
876 3025 980 3098 etiam
1002 3048 1065 3122 pro
1086 3026 1204 3100 debito
1223 3046 1286 3122 pro
1308 3047 1380 3122 quo
1398 3047 1419 3098 a
1437 3025 1665 3098 creditoribus
1682 3023 1846 3100 dominus
1864 3023 1931 3094 im-

521 3155 659 3241 perator
672 3146 824 3242 obligata
840 3149 932 3222 bona
948 3150 993 3223 ab
1012 3152 1088 3248 ipso
1104 3151 1303 3224 marchione
1320 3149 1461 3223 duxerit
1475 3149 1698 3243 redimenda3
1717 3148 1804 3222 dum
1821 3157 1930 3220 tanim

523 3271 687 3346 dominns
710 3272 895 3370 imperator
919 3276 1084 3371 predictis
1105 3276 1207 3350 bonis
1228 3274 1441 3349 redimendis
1464 3297 1535 3348 non
1558 3275 1669 3348 solvat
1691 3274 1783 3347 ultra
1806 3283 1930 3369 septem

520 3397 615 3470 mille
631 3406 665 3471 ct
679 3398 849 3472 ducentas
866 3423 1000 3474 marcas
1017 3401 1151 3496 argenti
1167 3400 1312 3499 predicti
1331 3399 1494 3498 ponderis
1507 3408 1542 3474 et
1556 3398 1745 3494 qualitatis.
1764 3397 1818 3473 Ad
1837 3397 1931 3488 cujus

519 3524 569 3596 rei
586 3525 787 3598 memoriam
805 3534 840 3598 et
861 3526 1094 3600 inviolabilem
1116 3526 1332 3618 firmitatem,
1352 3547 1419 3620 ego
1433 3523 1643 3598 Nicodemus
1662 3522 1708 3596 de
1728 3531 1844 3596 monte
1863 3522 1930 3595 Ca-

555 3795 592 3869 ll)
611 3797 669 3854 lloc
682 3803 807 3856 mutuum
820 3800 953 3857 contraxit
974 3799 1132 3858 Grrillelmus
1148 3799 1268 3858 marchio
1282 3807 1313 3858 ut
1325 3799 1430 3858 facilius
1446 3815 1560 3876 regnum
1572 3797 1813 3856 Thessalonicensis
1825 3812 1929 3870 recnpe

517 3901 598 3954 reret.
611 3898 670 3956 lam
689 3913 760 3954 anuo
777 3899 955 3972 praecedente
968 3902 1052 3969 litt,
1069 3902 1098 3954 lt
1114 3898 1233 3956 octobris
1244 3899 1316 3974 apud
1329 3898 1521 3968 Fructuariam,
1539 3896 1691 3954 Bonilacius
1702 3895 1737 3953 de
1748 3895 1928 3952 monteferrato

516 3993 580 4054 Sedi
591 3995 752 4070 apostolicae
764 3999 922 4070 promiserat
934 4015 950 4054 a
962 4013 992 4056 se
1002 4004 1108 4072 patrem
1119 4014 1198 4056 suum
1208 3997 1243 4055 ad
1253 4013 1356 4056 sacram
1366 3997 1527 4055 movendam
1536 3995 1734 4071 expeditionem
1747 3993 1927 4060 animandum,

517 4099 549 4151 ut
562 4099 671 4152 constat
689 4111 723 4152 ex
737 4095 916 4154 instrumento
928 4095 1029 4154 inedito
1044 4095 1072 4154 in
1086 4095 1154 4154 libro
1172 4111 1304 4155 censuum
1321 4093 1411 4154 cencii
1423 4095 1572 4153 camerarii.
1582 4115 1596 4148 ι
1607 4094 1701 4152 Mense
1709 4093 1830 4166 januario
1844 4090 1927 4166 (isat)

518 4214 532 4247 a
547 4195 667 4254 marchio
679 4194 868 4254 llontislerrati
880 4211 942 4254 cum
951 4195 1045 4254 electis
1056 4195 1193 4254 nonnullis
1203 4195 1334 4254 militibus
1342 4209 1411 4268 quos
1423 4194 1450 4252 in
1458 4191 1617 4252 monada
1628 4198 1655 4250 et
1664 4192 1762 4250 Tuscia
1773 4191 1926 4256 retinuerat,

519 4311 533 4344 s
548 4294 623 4350 veuit
633 4294 815 4352 Brundusium
826 4295 996 4370 pmlecturos
1014 4295 1043 4352 in
1061 4294 1219 4352 Romaniano
1232 4295 1261 4352 in
1278 4309 1438 4352 succursum
1460 4291 1577 4352 civitatis
1592 4289 1839 4350 Thessalonicensis
1854 4303 1927 4364 quam

521 4409 535 4444 e
550 4391 696 4450 Comuianc
709 4393 818 4450 tenebat
830 4391 984 4464 obsemam,
998 4397 1026 4452 et
1038 4391 1131 4450 relicta
1144 4398 1225 4467 gente
1239 4407 1287 4449 sua
1298 4391 1449 4462 Brundisii,
1461 4390 1519 4464 ipse
1532 4389 1567 4447 ad
1578 4389 1769 4464 imperatorem
1779 4388 1807 4443 iu
1819 4385 1927 4442 Siciliam

521 4510 535 4543 s
552 4491 637 4562 vadit,
647 4490 790 4547 consilum
800 4491 835 4548 ab
849 4507 882 4548 eo
896 4496 924 4550 et
937 4489 1065 4548 auxiium
1075 4490 1219 4564 petiturus.
1230 4489 1336 4547 Interea
1349 4495 1440 4547 umen
1455 4489 1514 4563 ipse
1524 4487 1670 4546 comniano
1683 4485 1789 4543 obtinet
1800 4483 1926 4541 civitatem

520 4607 535 4641 s
549 4588 637 4662 ipsam
650 4587 696 4645 diu
709 4603 769 4645 cem
781 4586 946 4660 obsidendo,
961 4595 989 4646 et
1008 4587 1097 4646 dictus
1115 4587 1236 4647 marchio
1253 4587 1427 4646 nibilominus
1441 4602 1458 4645 a
1472 4585 1623 4644 Brundusio
1638 4584 1667 4641 in
1680 4581 1836 4641 Romaniam
1850 4587 1927 4637 unns

519 4705 533 4738 s
546 4685 634 4743 instat.
642 4715 678 4728 —
689 4685 782 4744 biense
792 4687 955 4761 septembris
969 4687 1069 4763 (⁴225),
1079 4687 1200 4745 marchio
1213 4687 1403 4747 blontislerrati
1422 4686 1450 4744 in
1468 4683 1597 4744 Romania
1608 4679 1722 4740 naturali
1737 4685 1824 4738 morte
1840 4675 1927 4736 deim-

521 4805 535 4838 n
549 4785 630 4860 gitur.
645 4803 659 4838 s
674 4784 836 4843 limenas.
852 4787 958 4858 cnm,
972 4785 1098 4846 chronic.
1109 4783 1146 4843 od
1155 4801 1222 4842 oon.
