4272 5886
161 590 263 650 lenm.
282 585 342 664 lt]
614 573 812 636 HISTORIA
837 573 1129 636 ntrtottsulce.
1519 563 1577 624 eet

214 719 314 796 Unde
327 738 390 791 nos
406 713 674 812 supplicationes
692 712 837 784 devotas
851 712 974 806 prelati
988 709 1122 784 abbatis
1137 705 1300 782 Friderici
1313 699 1580 776 misericorditer

163 847 401 932 admittentes,
426 861 490 937 pro
508 839 766 910 conservatione
789 837 910 910 salutis
930 848 1044 910 nostre
1066 845 1101 908 et
1125 857 1187 930 pro
1212 829 1363 905 remedio
1386 828 1578 902 animarum

164 971 328 1046 divorum
350 973 576 1061 angustorum
592 972 772 1058 parentum
788 973 981 1036 nostrorum
997 961 1179 1035 recolende
1193 955 1370 1047 memorie,
1386 953 1578 1051 predictum

164 1093 405 1192 privilegium,
424 1099 536 1187 preter
552 1090 741 1162 clausulam
758 1089 818 1160 nbi
833 1096 908 1162 erat
927 1111 1045 1162 rasura
1059 1087 1089 1183 (l
1099 1087 1125 1180 ),
1142 1086 1187 1158 dc
1202 1093 1318 1156 nostra
1332 1082 1443 1176 gratia
1455 1076 1580 1151 confir·

164 1229 301 1291 mantee
315 1217 428 1309 sigillo
446 1215 632 1307 majestatis
648 1223 762 1285 nostre
775 1212 943 1305 jussimus
959 1211 1177 1284 communiri.

215 1342 302 1415 Acta
335 1349 417 1414 sunt
446 1338 511 1412 hec
538 1359 630 1411 6666
657 1337 830 1410 dominice
862 1337 1108 1410 incarnationis
1136 1333 1316 1406 millesimo
1345 1329 1581 1404 ducentesimo

166 1468 335 1542 vicesimo
352 1473 464 1555 sexto,
482 1485 601 1536 mense
615 1461 741 1553 martii,
758 1461 1015 1557 quartadecime
1030 1459 1239 1551 indictionis,
1260 1464 1424 1552 regnante
1439 1453 1581 1526 domino

169 1603 285 1666 nostro
302 1589 476 1664 Friderico
491 1589 553 1661 Dei
571 1588 681 1682 gratia
697 1587 925 1660 invicIIssimo
941 1588 1173 1658 Romanorum
1196 1585 1402 1679 imperatore
1417 1589 1580 1674 augusto,

168 1713 356 1789 Jerusalem
372 1725 405 1787 ct
421 1714 536 1787 Sicilie
554 1735 649 1808 rege,
666 1713 801 1808 imperii
814 1713 890 1804 ejus
904 1733 995 1784 anno
1011 1720 1122 1802 sexto,
1140 1710 1237 1804 regni
1254 1707 1442 1782 Ierusalem
1456 1705 1582 1802 primo,

168 1843 268 1934 regni
284 1861 368 1914 vero
385 1839 501 1913 Sicilie
519 1837 685 1911 vicesimo
701 1847 843 1928 octavo,
859 1838 1014 1909 feliciter.
1031 1835 1154 1908 Amen.

220 1965 365 2060 Signum
380 1963 512 2038 domini
526 1963 688 2036 Friderici
706 1962 850 2035 secundi
870 1961 1088 2035 invictissimi
1108 1960 1338 2035 Romanorum
1357 1955 1584 2054 imperatoris,

170 2113 307 2186 semper
321 2091 474 2185 augusti,
493 2089 682 2162 Ierusalem
700 2097 735 2160 et
749 2071 864 2160 Sicilie
880 2089 983 2180 regis.

222 2217 332 2309 nujus
352 2224 468 2289 autem
491 2213 542 2287 rei
565 2223 669 2286 166166
689 2221 771 2285 6661
788 2213 829 2284 11.
856 2209 906 2310 (6)
930 2212 1090 2286 Curensis
1116 2212 1299 2307 episcopus
1321 2219 1356 2281 et
1378 2206 1587 2281 venerabilis

171 2339 280 2412 abbas
292 2339 408 2411 Sancti
422 2335 510 2409 Galli
526 2337 673 2410 dilectus
688 2335 850 2431 princeps
864 2342 991 2426 noster,
1007 2333 1182 2408 Renaldus
1198 2330 1275 2405 dux
1288 2330 1416 2428 Spoleti
1434 2339 1468 2402 et
1483 2331 1587 2402 irater

213 2541 255 2624 (a)
277 2542 393 2604 Scilicet
407 2536 585 2621 1166616166.
600 2539 636 2600 16
649 2537 834 2618 autographo
843 2537 929 2600 adest
942 2535 1149 2598 tantummodo
1162 2535 1286 2596 initialis
1298 2535 1404 2596 Ilttcra.

174 2955 276 3011 ramus,
298 2941 362 2997 dum
377 2938 526 3000 certissIme
547 2937 681 2998 IIeancus
698 2938 734 2999 IV
749 2937 1011 2998 116116666663619
1027 2937 1119 3013 aprilis
1132 2940 1201 2994 1666
1221 2935 1381 2994 substiterit.
1397 2933 1452 3008 (Gi.
1471 2935 1587 3008 Senem,

176 3037 253 3112 0619.
268 3036 368 3112 duell,
381 3039 427 3108 111,
440 3039 499 3094 tte.
511 3037 676 3095 —Monum
690 3037 779 3108 11616,
789 3036 855 3106 XII,
868 3035 924 3108 96.)
937 3037 1019 3094 Juvat
1029 3053 1108 3112 ergo,
1121 3043 1152 3094 ut
1163 3035 1214 3110 ipsi
1227 3041 1338 3094 monent
1350 3040 1587 3094 monumentomm

173 3137 316 3194 Bcicornm
335 3136 465 3207 editores,
482 3141 505 3193 t.
518 3137 626 3206 XXXI,
645 3153 673 3210 p.
688 3140 755 3206 366,
772 3139 839 3208 668,
855 3135 947 3193 habita
967 3135 1023 3192 veri
1044 3135 1172 3210 temporis
1192 3135 1295 3192 ratione
1315 3150 1348 3191 ex
1369 3139 1484 3206 utroque
1499 3133 1589 3210 diplo-

175 3240 247 3291 mate
270 3250 353 3308 supra
372 3239 534 3304 memorato,
553 3233 642 3290 locum
661 3247 768 3290 erasum
788 3231 833 3289 tali
852 3233 907 3290 lere
922 3231 1002 3290 modo
1019 3249 1084 3290 6666
1104 3232 1247 3306 integritati
1267 3233 1431 3290 restituere:
1447 3231 1588 3305 «Signum

178 3351 192 3384 a
207 3332 298 3390 domni
312 3331 419 3389 tierrici
435 3331 508 3389 tertii
518 3331 700 3390 Romanomm
711 3327 881 3405 imperatoris
900 3329 1006 3404 augusti
1019 3329 1232 3406 (monogrammo
1247 3347 1310 3388 cunr
1322 3330 1400 3403 signo
1408 3329 1541 3405 speciali).
1553 3359 1590 3372 —

179 3448 193 3483 ι
208 3429 377 3488 dermannus
388 3429 563 3488 cancellarius
572 3429 631 3487 vice
642 3428 798 3488 Wecelonis
809 3427 1034 3490 archIcancellarii
1046 3430 1237 3503 recognovi-
1247 3432 1313 3487 Data
1326 3427 1383 3505 [Ill]
1394 3443 1480 3486 66666
1486 3426 1589 3504 aprilis,

180 3545 193 3579 ι
209 3543 280 3584 6666
300 3526 434 3584 dominice
450 3527 641 3584 incarnationis
655 3527 836 3598 MLXXXVI,
852 3526 998 3586 indictione
1014 3529 1067 3595 IX,
1083 3543 1154 3586 anno
1172 3534 1262 3585 autem
1276 3526 1367 3584 domni
1392 3527 1501 3584 ilenrici
1514 3527 1590 3601 regni

179 3641 194 3677 6
208 3625 316 3698 quidem
327 3625 447 3696 XXXII,
462 3624 567 3698 imperii
581 3639 647 3683 vero
658 3625 705 3681 111.
715 3655 752 3668 -
763 3626 860 3682 Ictum
872 3625 1030 3696 Ilatisbone,
1046 3627 1198 3702 presidente
1206 3615 1294 3684 ’116666
1306 3624 1479 3702 apostolicam
1492 3625 1591 3685 Sedem

179 3739 195 3774 6
208 3721 345 3781 Clemente
357 3723 402 3796 111,
415 3723 462 3797 qui
478 3729 506 3779 et
519 3723 671 3798 Vicpertns.
685 3743 699 3778 6

189 3847 193 3854 ’
213 3845 250 3920 (1)
267 3845 335 3906 Cum
351 3845 487 3920 palatinus
504 3847 577 3907 Cono
597 3847 761 3906 laudationis
779 3861 847 3908 snae
867 3847 1097 3908 confirmationem
1118 3849 1153 3907 ab
1172 3850 1298 3924 antipapa
1315 3849 1451 3926 Clemente
1468 3849 1505 3908 111
1522 3851 1592 3910 obti-

178 3945 297 4017 nuisset,
314 3943 391 4019 cuius
405 3947 570 4006 mentionem
587 3947 733 4020 imperator
747 3953 855 4020 praeter
874 3961 977 4008 morem
998 3963 1064 4005 suae
1083 3950 1208 4022 propriae
1229 3945 1423 4005 confirmationi
1436 3948 1589 4022 addiderat,

177 4058 221 4102 res
235 4043 351 4102 1616666
367 4060 465 4120 parum
481 4045 590 4104 llotcnsi
604 4045 766 4104 monasterio
781 4044 1458 4118 6661666161611,66616661166116661666661166166
1474 4046 1592 4105 1116661611

177 4142 333 4200 monasterii
354 4144 475 4218 ejusdem
495 4141 557 4202 tiliis
572 4143 745 4218 Irmingardis
761 4145 923 4204 comitissae.
945 4144 1023 4204 Unde
1042 4144 1165 4204 dolentes
1179 4145 1311 4202 dolenses
1330 4144 1497 4220 privilegium
1519 4144 1592 4204 istud

177 4237 243 4294 nulli
257 4237 309 4295 sibi
324 4254 443 4312 unquam
461 4241 522 4298 usui
542 4247 686 4315 propterea
705 4242 824 4300 Iutnmm
839 4259 915 4316 esse,
927 4243 1084 4300 invidiosam
1104 4242 1156 4300 sibi
1171 4241 1321 4299 clausulam
1342 4241 1412 4300 iacta
1429 4257 1522 4300 rasura
1541 4259 1590 4301 ex·

178 4341 345 4411 punxerunt,
360 4337 479 4410 aliasque
501 4345 580 4397 66166
600 4337 801 4414 chronologicas
821 4347 852 4397 ut
874 4341 902 4398 in
919 4339 1063 4415 diplomate
1084 4339 1212 4398 Friderici
1229 4339 1342 4414 legimus
1359 4339 1589 4413 subrogaverunt,

178 4433 400 4507 ineptusquidem
409 4435 550 4514 elveritati
561 4438 718 4509 6661666166,
728 4438 882 4497 sumentem
892 4438 998 4512 juribus
1005 4437 1179 4496 defendendis
1190 4442 1365 4511 opportunas.
1372 4436 1459 4506 Quam
1469 4435 1589 4497 fraudem

179 4527 208 4586 in
223 4529 399 4590 instrumento
413 4532 464 4591 eibi
477 4533 567 4592 oblato
581 4534 715 4596 detectam
731 4535 925 4595 emendandam
937 4553 991 4594 666
1010 4537 1085 4594 duxit
1096 4535 1260 4608 Fridericns,
1277 4534 1355 4591 lincis
1367 4534 1414 4591 ubi
1427 4542 1486 4592 erat
1496 4553 1591 4596 rasura

179 4629 363 4688 tantummodo
387 4631 622 4692 acontirmatIone
645 4649 694 4692 666
712 4635 848 4710 exceptis,
868 4650 953 4709 quum
973 4634 1007 4692 de
1024 4639 1129 4693 caetero
1146 4639 1223 4692 tenor
1238 4632 1371 4709 privilegii
1388 4633 1536 4692 authentici
1549 4635 1590 4692 in·

179 4732 270 4785 tactus
283 4730 465 4790 remansisset.
