4436 5870
272 550 373 612 laeter.
389 548 432 634 9.]
719 548 918 610 lltsronla
946 551 1240 613 ntatotlllttcll.
1645 550 1685 610 47

268 690 360 782 juste
378 686 510 760 obtinet
529 685 586 760 vel
604 685 783 758 obtinebit.
807 686 974 759 Volumus
995 687 1098 760 etiam
1119 697 1155 761 et
1171 687 1381 784 precipimus
1397 686 1590 782 predictum
1606 706 1685 758 mo·

274 812 460 886 naslerium
488 811 533 883 ab
558 810 652 882 omni
673 810 833 901 datione,
851 812 1038 901 iunctione,
1060 813 1264 909 albergaria,
1285 811 1461 909 pedigaria
1487 817 1521 882 et
1545 809 1686 905 ripatico

274 936 421 1008 liberum
444 957 520 1008 esse
541 945 576 1007 et
596 935 802 1008 absolutum.
825 935 967 1030 lnsuper
990 959 1074 1010 vero
1095 939 1210 1012 eidem
1233 944 1351 1009 sancto
1372 935 1447 1008 loco
1465 933 1686 1007 concedimus

274 1069 313 1130 ut
332 1059 378 1130 ab
395 1057 649 1130 bincaldiones
672 1059 747 1130 sive
768 1059 914 1156 quilibet
939 1061 1127 1135 residentes
1146 1061 1193 1134 ad
1216 1061 1350 1133 nullum
1376 1059 1539 1154 placitum
1557 1057 1688 1131 vadant

275 1183 475 1279 nullamque
494 1182 738 1254 districtionem
757 1182 823 1254 nisi
847 1183 882 1254 in
902 1183 1095 1257 dominium
1121 1194 1156 1257 et
1179 1183 1426 1256 districtionem
1443 1183 1577 1256 abbatis
1594 1183 1688 1274 ejus-

277 1306 357 1379 dem
375 1305 590 1392 monasterii,
611 1305 674 1378 sed
693 1305 794 1378 liceat
814 1307 975 1380 abbatem
995 1317 1030 1381 et
1051 1307 1236 1381 monachos
1258 1329 1322 1403 pro
1341 1307 1403 1380 Dei
1427 1329 1543 1381 amore
1558 1307 1689 1378 anime·

276 1451 345 1523 que
362 1435 476 1501 nostre
498 1429 650 1502 remedio
671 1431 736 1502 sub
755 1440 869 1503 nostre
894 1431 1115 1526 protectionis
1139 1432 1282 1504 tuitione
1299 1431 1415 1526 quiete
1433 1431 1551 1502 vivere
1569 1439 1604 1502 et
1617 1432 1689 1502 Deo

277 1553 434 1625 famulari
452 1563 487 1624 et
508 1576 570 1648 pro
591 1553 690 1625 nobis
712 1554 888 1626 dominum
911 1555 1100 1650 deprecari,
1124 1557 1279 1628 omnium
1298 1554 1478 1627 bominum
1498 1552 1690 1627 contradic-

278 1677 372 1749 tione
399 1686 542 1750 remota.
571 1677 798 1750 concedimus
823 1679 925 1750 etiam
954 1688 989 1751 et
1013 1679 1255 1752 confirmamus
1277 1679 1390 1752 eidem
1418 1681 1624 1752 monasterio
1652 1679 1688 1752 id

278 1809 387 1873 totum
402 1808 438 1872 et
452 1801 567 1873 omnia
583 1824 624 1875 ea
637 1825 707 1897 que
725 1805 984 1878 Cavalcacomes
1003 1805 1039 1875 in
1060 1827 1124 1879 suo
1143 1814 1344 1878 testamento
1358 1805 1508 1899 reliquit,
1530 1804 1690 1877 liberavit

279 1933 313 1995 et
324 1924 507 2016 judicavit.
528 1929 658 1998 Damus
680 1929 833 2022 insuper,
857 1928 1079 2002 concedimus
1096 1939 1129 2003 et
1153 1929 1396 2004 confirmamus
1417 1949 1519 2001 omne
1536 1928 1573 2001 id
1592 1936 1627 2000 et
1648 1949 1691 2001 ea

279 2047 395 2119 omnia
423 2071 493 2141 que
521 2048 693 2122 Gerendus
716 2053 879 2124 Ravenne
901 2051 1179 2149 archiepiscopus
1203 2055 1240 2125 in
1269 2074 1333 2127 suo
1361 2051 1544 2148 privilegio
1575 2051 1689 2126 eidem

280 2173 486 2245 monasterio
502 2173 636 2247 indulto
659 2175 842 2265 concessit,
863 2175 1017 2271 precepit
1038 2187 1072 2248 et
1089 2176 1305 2250 confirmavit
1325 2199 1405 2249 cum
1422 2177 1584 2249 omnibus
1601 2177 1690 2250 late-

280 2296 375 2368 ribus
400 2295 474 2368 suis
500 2297 536 2368 in
557 2298 679 2372 eodem
706 2298 887 2394 privilegio
916 2299 1182 2395 comprehensis.
1210 2301 1365 2373 Preterea
1389 2321 1569 2372 censemus
1593 2301 1689 2395 quod

282 2413 374 2492 dicto
393 2422 600 2494 monasterio
618 2423 817 2519 prescriptio
839 2423 956 2520 aliqua
973 2447 1040 2496 non
1067 2433 1180 2497 currat
1200 2425 1266 2496 nisi
1286 2401 1487 2521 prescriptio
1510 2427 1690 2518 sexaginta

282 2565 464 2638 annorum,
485 2555 520 2619 et
539 2547 635 2642 quod
656 2549 764 2622 abbas
780 2549 936 2641 ejusdem
956 2551 1152 2622 monasterii
1178 2571 1248 2622 non
1265 2558 1407 2644 cogatur
1423 2550 1540 2641 Jurare
1564 2547 1609 2621 de
1634 2570 1692 2622 ca·

283 2668 437 2763 lumpnia
451 2670 488 2740 in
505 2671 679 2765 aliquibus
693 2672 818 2764 causis,
834 2673 897 2746 sed
912 2673 1080 2766 sindicus,
1100 2675 1340 2747 nonobstante
1356 2672 1472 2767 aliquo
1485 2681 1611 2745 statuto
1625 2671 1687 2771 (a).

283 2791 462 2866 Sancimus
482 2816 621 2890 quoque
636 2818 683 2869 ex
703 2807 818 2870 nostra
841 2798 1009 2894 imperiali
1030 2800 1229 2872 auctoritate
1252 2809 1292 2869 ut
1312 2797 1524 2893 quicumque
1541 2797 1586 2870 de
1606 2819 1692 2893 pos-

284 2918 496 2990 sessionibus
507 2921 661 3013 predicte
672 2920 814 2993 ecclesie
825 2923 939 2994 Sancti
951 2923 1069 2996 Severi
1084 2923 1215 3018 aliquid
1229 2923 1334 2995 habet
1343 2924 1398 2995 vel
1411 2944 1472 3017 per
1480 2922 1623 2994 lendum
1635 2925 1691 2996 vel

284 3061 346 3135 per
360 3041 590 3138 emphytiosin
607 3045 663 3116 vel
681 3044 797 3139 aliquo
811 3045 879 3118 alio
892 3045 1010 3138 modo,
1029 3069 1098 3120 non
1111 3047 1212 3120 liceat
1227 3047 1260 3120 ei
1278 3046 1361 3119 dare
1377 3046 1433 3121 vel
1453 3047 1690 3141 derelinquere

285 3165 341 3237 vel
358 3165 508 3240 alienare
524 3167 560 3238 in
582 3168 688 3241 alium
710 3170 941 3242 venerabilem
964 3170 1096 3262 locum,
1118 3181 1152 3244 et
1166 3171 1262 3265 quod
1275 3170 1402 3242 iactum
1421 3169 1531 3242 estin
1553 3170 1692 3243 inritum

285 3311 501 3364 revocamus.
525 3292 692 3366 Volumus
712 3303 865 3388 preterea
885 3295 929 3366 ab
947 3293 1003 3366 illa
1023 3295 1120 3388 gravi
1141 3304 1175 3368 et
1198 3293 1405 3390 importabili
1426 3293 1566 3368 collecta
1589 3315 1694 3387 quam

286 3415 513 3506 marchiones,
532 3417 684 3508 comites,
707 3439 877 3512 pmcercs,
896 3419 1110 3491 valvassores
1130 3419 1181 3492 eie
1203 3418 1345 3513 suisque
1364 3417 1562 3490 hominibus
1577 3413 1695 3514 impo-'

288 3545 375 3610 nunt
390 3559 450 3611 eos
465 3537 590 3612 liberos
606 3561 698 3632 esse,
720 3549 786 3612 etc.
806 3541 876 3614 llec
893 3550 1025 3633 autem,
1044 3552 1109 3614 etc.
1129 3542 1164 3612 Si
1181 3541 1277 3638 quis,
1295 3550 1360 3613 etc.
1378 3539 1393 3636 (
1417 3541 1445 3638 ).

329 3711 368 3798 (a)
377 3715 456 3776 Haec
468 3718 605 3796 omnia,e
615 3717 712 3778 verbis
728 3715 1008 3780 Cooccdimauetiem
1022 3723 1050 3778 et
1061 3715 1265 3797 cenfinnamau
1276 3717 1418 3795 usquead
1427 3733 1487 3776 ooo
1498 3713 1627 3776 ebone
1639 3712 1699 3776 eli·

288 3838 344 3903 qao
356 3827 476 3898 statum,
494 3823 599 3885 desunt
610 3827 643 3884 ln
655 3825 806 3904 pnvtleglo
817 3823 959 3887 Fridericl
971 3825 1067 3902 prlml,
1083 3839 1176 3902 quum
1185 3840 1264 3884 nunc
1275 3825 1434 3903 posterlora
1447 3827 1655 3884 memorentur.

328 4165 364 4240 (l)
382 4165 458 4224 licet
468 4171 547 4224 nome
560 4165 760 4241 chronologicae
773 4167 883 4225 omnino
894 4165 996 4237 desint,
1009 4171 1115 4240 tempus
1127 4163 1204 4222 lacile
1217 4163 1344 4221 definitur
1355 4163 1425 4220 inter
1437 4163 1616 4221 coronationis
1627 4163 1698 4222 diem

290 4271 319 4322 et
330 4264 489 4322 vicesimum
502 4265 646 4339 septimum
657 4265 769 4338 januarii
779 4269 858 4338 liat,
871 4281 925 4340 quo
936 4265 981 4321 die
993 4262 1132 4322 conradus
1142 4261 1272 4319 lietensis
1283 4266 1312 4318 et
1324 4261 1459 4334 Spirensis
1470 4260 1622 4334 episcopus,
1635 4267 1699 4318 tnnc

293 4363 374 4420 totius
384 4362 474 4421 ltaliae
486 4363 599 4436 legatum,
610 4361 840 4422 confirmationem
855 4361 986 4436 privilegii
1001 4359 1150 4438 imperialis
1169 4359 1287 4417 indulsit.
1304 4359 1413 4432 Legitur
1430 4358 1503 4416 enim
1523 4359 1595 4432 apud
1612 4359 1701 4418 blitte-

292 4459 359 4528 relli,
373 4458 453 4530 ibid,
468 4475 496 4532 p.
511 4461 575 4532 27⁴,
588 4460 617 4516 in
633 4465 707 4518 textu
722 4477 729 4516 ι
745 4481 758 4516 e
771 4461 797 4518 ls
810 4465 901 4517 summ
919 4458 1052 4516 benonim
1070 4457 1198 4526 existens,
1212 4471 1282 4512 anno
1295 4455 1373 4514 MCC
1384 4455 1464 4528 xxi,
1484 4461 1561 4514 sexto
1573 4455 1700 4514 kalendas

297 4576 309 4610 e
323 4557 459 4630 lebnunrli,
471 4557 615 4617 indictione
622 4559 671 4631 IX,
681 4557 823 4632 Ilodulpho
829 4557 912 4632 priori
920 4556 1074 4614 monasterii
1083 4554 1174 4612 Sancti
1181 4554 1272 4612 Severi
1285 4553 1313 4610 in
1322 4553 1413 4612 Classe
1421 4553 1584 4628 imperialem
1596 4561 1700 4629 proteo
1715 4585 1719 4593 ·

297 4676 310 4706 s
324 4657 425 4713 tionem
434 4656 575 4726 concessit,
585 4655 656 4713 bona
668 4654 821 4714 monasterii
831 4654 916 4728 ipsius
925 4661 954 4712 et
965 4653 1149 4728 possessiones
1160 4667 1322 4710 enumerans
1333 4657 1362 4709 et
1372 4650 1543 4708 confirmans.
1551 4651 1644 4710 Testes
1655 4651 1701 4710 ad·
