4292 5894
224 604 322 666 horor.
340 602 402 680 11.]
668 601 865 666 lllstoltll
889 597 1185 666 bltlollatlcl
1576 599 1636 662 353

306 736 428 816 (lnedlt
443 737 476 796 ln
488 733 602 798 arcblv.
617 743 743 798 monast.
759 737 1018 812 mutuemini,
1032 736 1102 800 God
1121 734 1273 813 diplomat.
1289 731 1374 796 MSS·
1388 739 1462 796 tom
1478 734 1522 808 ll,
1538 736 1637 796 stlte-

344 860 412 906 rum
424 848 499 905 tum.
514 842 554 918 V,
567 842 605 904 cd
619 859 690 906 anu.
703 852 796 919 122&
815 862 854 906 ex
864 846 1001 925 originali
1013 844 1092 906 uude
1102 842 1250 922 pendebat
1267 840 1395 920 sigillum
1409 858 1493 904 cerac
1504 839 1635 922 rubruc.)

271 1003 457 1078 Fodericus
475 1004 539 1076 Dei
564 1004 675 1099 gratia
701 1005 933 1079 Romanorum
954 1007 1151 1102 imperator,
1173 1023 1310 1099 semper
1329 1012 1499 1098 augustus
1517 1013 1553 1076 et
1573 1023 1638 1077 rex

222 1127 350 1201 Sicilie.
368 1128 494 1200 Divina
514 1128 653 1224 pietatis
677 1128 805 1201 intuitu
832 1130 869 1201 in
890 1131 992 1222 cujus
1014 1131 1153 1202 nomine
1168 1137 1250 1201 vota
1273 1137 1388 1202 nostra
1406 1126 1589 1221 dirigimus
1602 1135 1639 1200 et

221 1273 359 1325 omnem
387 1252 648 1348 dispositionem
679 1253 895 1348 imperialem
928 1254 1072 1328 feliciter
1100 1251 1376 1346 communimus,
1407 1260 1639 1326 sacrosanctas

222 1377 383 1450 ccclesias
397 1385 433 1448 et
449 1375 609 1470 religiosa
629 1377 836 1451 monasteria
854 1379 954 1472 regni
972 1379 1080 1450 nostri
1099 1377 1245 1472 dignum
1260 1376 1427 1450 duximus
1443 1385 1639 1450 reverenter

223 1501 347 1592 colere,
369 1499 525 1596 ipsarum
539 1502 618 1593 jura
638 1500 755 1574 lovers
771 1511 807 1574 et
821 1523 941 1574 sarum
962 1500 1179 1576 indemnitati
1195 1511 1229 1574 et
1245 1502 1323 1598 paci
1341 1510 1484 1574 nuncet
1499 1501 1536 1572 in
1553 1521 1638 1596 pos·

222 1636 333 1698 terum
352 1624 536 1698 salubriter
558 1623 754 1721 providere.
782 1624 868 1699 lude
889 1635 943 1699 est
966 1626 1062 1721 quod
1089 1647 1152 1699 nos
1178 1624 1394 1700 attendentes
1417 1626 1636 1700 devotionem

221 1751 390 1822 sincerum
408 1758 443 1822 et
468 1748 550 1822 fidei
573 1748 760 1846 puritatem
777 1749 951 1824 Thomasii
970 1751 1178 1824 venerabilis
1202 1751 1365 1847 prepositi
1387 1752 1511 1824 Sancte
1529 1751 1637 1824 Maris

221 1875 267 1948 de
283 1875 377 1948 ano
392 1871 505 1948 fidelis
521 1875 641 1968 nostri,
659 1874 704 1948 de
724 1875 841 1948 innata
858 1875 1073 1949 celsitudinis
1087 1884 1202 1950 nostre
1216 1877 1326 1971 gratia
1344 1897 1526 1972 personam
1544 1879 1632 1971 ejus,

221 1999 464 2073 monasterium
490 2001 604 2094 ipsum
622 2001 746 2073 Sancte
766 1998 888 2090 blarie,
911 2009 1135 2092 conventum,
1159 2002 1335 2093 ecclesias,
1359 2001 1533 2092 hominm,
1553 2021 1634 2097 pos·

221 2123 391 2198 sessiones
410 2131 445 2197 st
460 2123 553 2196 bona
569 2124 698 2217 omnia,
717 2145 787 2218 qus
805 2124 899 2198 idem
916 2125 1161 2198 monasterium
1176 2146 1270 2197 nunc
1279 2126 1373 2219 juste
1387 2135 1481 2198 tenet
1497 2137 1532 2200 st
1547 2147 1633 2223 pos-

220 2247 312 2322 sidet
328 2259 389 2321 aut
412 2249 448 2320 in
466 2257 567 2322 antea
580 2249 675 2341 justo
696 2248 796 2322 titulo
820 2247 946 2346 poterit
962 2247 1128 2344 adipisci,
1148 2249 1214 2322 sub
1232 2250 1442 2345 protectione
1457 2261 1494 2323 et
1511 2248 1632 2325 deleu-

221 2373 318 2446 sione
343 2373 450 2446 nostri
473 2373 635 2446 culminis
654 2372 843 2470 recipimus
867 2373 1028 2470 speciali,
1054 2374 1228 2447 universis
1252 2371 1415 2449 fidelibus
1435 2377 1561 2449 nostris
1585 2376 1632 2450 de

219 2518 326 2592 regno
353 2497 564 2594 presentium
592 2495 796 2571 auctoritate
820 2496 1023 2571 mandantes
1052 2507 1223 2592 quatenus
1250 2498 1367 2570 nullus
1390 2499 1436 2570 sit
1462 2501 1525 2594 qui
1552 2522 1631 2597 pre·

219 2621 350 2695 dictum
368 2623 579 2718 prepositum
595 2630 630 2694 et
649 2621 893 2696 monasterium
914 2643 1017 2695 suum
1039 2624 1163 2695 Sancte
1178 2621 1301 2711 llario,
1323 2635 1548 2718 conventum,
1568 2646 1633 2699 eo-

219 2745 358 2838 clesias,
386 2745 565 2837 homines,
596 2745 829 2842 possessiones
850 2755 886 2818 et
914 2744 1006 2817 bona
1031 2745 1149 2819 omnia
1173 2768 1243 2842 que
1266 2745 1359 2820 idem
1386 2749 1632 2822 monasterium

214 2873 307 2964 juste
322 2893 417 2944 nunc
436 2868 589 2966 possidet
606 2879 642 2944 et
658 2869 811 2943 iu'untea
828 2869 922 2962 justo
940 2870 1041 2942 titulo
1057 2871 1182 2966 poterit
1194 2870 1359 2968 adipisci,
1376 2871 1531 2946 indebite
1548 2896 1632 2948 mo-

218 2993 340 3068 lestare
362 3017 425 3068 ssu
444 2994 646 3090 perturbare
670 3004 860 3090 presumat.
886 2991 989 3080 Quod
1007 2995 1070 3089 qui
1090 2997 1338 3091 presumpserit
1358 2995 1633 3091 indignationem

218 3129 369 3194 nostram
384 3141 423 3193 ss
436 3119 573 3193 noverit
593 3119 826 3192 incursurum.
849 3117 904 3192 Ad
922 3118 1028 3212 hujus
1046 3129 1162 3194 nutem
1179 3120 1401 3216 protectionis
1417 3131 1533 3196 nostre
1552 3144 1633 3198 me-

217 3245 361 3318 morium
379 3253 413 3317 et
431 3243 633 3318 inviolabile
649 3243 924 3335 firmamentum,
944 3265 1086 3341 presens
1106 3244 1275 3342 scriptum
1295 3244 1370 3319 fieri
1388 3255 1423 3320 et
1443 3249 1632 3341 majestatis

217 3379 331 3443 nosue
346 3369 459 3463 sigillo
469 3368 638 3462 jussimus
653 3368 872 3442 communiri.

264 3495 389 3568 Datum
414 3494 452 3565 in
473 3493 654 3567 obsidione
686 3491 822 3584 Celuni,
849 3513 942 3565 anno
967 3491 1141 3567 dominice
1170 3493 1629 3572 incarnationis⁴millesimo

215 3617 451 3691 ducentesimo
467 3616 638 3712 vigesimo
654 3614 767 3706 lertio,
785 3636 908 3688 mense
923 3617 1050 3710 martii,
1066 3615 1252 3692 undecimo
1267 3619 1478 3695 indictionis.

266 4125 498 4246 Fridericus,
521 4137 782 4224 Romanorum
805 4141 1030 4252 imperator,
1049 4143 1295 4257 Margaritnm
1327 4147 1562 4235 abbatissam
1588 4164 1626 4238 et
1663 4181 1815 4287 ruffi,

210 4279 442 4352 conventum
467 4271 686 4354 monasterii
713 4271 874 4358 Sanctae
899 4275 1038 4361 Mariae
1065 4287 1103 4360 et
1128 4278 1356 4365 Sanctorum
1381 4283 1560 4369 Matthaei
1587 4301 1625 4371 et
1702 4291 1774 4346 '⁹⁶¹²

213 4401 368 4485 Antonii
388 4401 643 4488 Cistcrciensis
665 4407 809 4492 ordinis
836 4421 942 4494 extre
963 4413 1152 4497 civitatem
1175 4414 1305 4500 Asculi
1328 4418 1431 4528 apud
1455 4418 1622 4506 Montem

213 4533 311 4646 Ulmi
324 4563 414 4619 cum
427 4537 606 4622 omnibus
620 4539 732 4624 bonis
744 4569 878 4628 earum
895 4545 969 4630 sub
982 4574 1053 4630 sua
1064 4551 1294 4659 protectione
1308 4552 1461 4664 speciali
1473 4555 1618 4666 recipit.

222 4765 226 4770 -
295 4724 398 4893 (ΕΜ
414 4727 571 4810 Usum,
586 4727 655 4796 lut.
668 4747 756 4808 uer,
769 4740 843 4798 um.
857 4737 890 4812 1,
904 4735 960 4802 col.
976 4745 1046 4814 cea,
1061 4737 1146 4820 loc.)

342 4871 352 4894 ·
1429 4859 1467 4912 4⁵
