4292 5894
404 4468 507 4522 mem,

386 4533 400 4575 ι
411 4531 523 4576 tessun.

578 566 640 628 296
1080 566 1295 630 FllllllllllCl
1321 568 1494 632 SssGlllllll
1805 567 1885 654 [An.
1905 569 1986 632 1222

575 705 644 778 leat
658 701 838 799 hospitali;
857 723 990 798 nosque
1004 701 1041 776 id
1060 726 1122 799 pro
1139 704 1240 778 nobis
1259 715 1294 778 et
1315 705 1571 780 successoribus
1592 706 1718 780 nestris
1733 707 1771 778 in
1787 716 1987 803 perpetuum

576 841 689 903 ratum
707 829 876 902 habemus
891 836 926 900 et
945 826 1082 901 firmum
1104 839 1139 903 ct
1155 829 1382 906 irrevocabile
1393 833 1558 906 volumus
1572 852 1786 928 permanere.
1803 832 1988 905 statuimus

576 955 682 1051 igitur
703 963 738 1028 et
764 954 831 1027 sub
858 955 1004 1028 obtentu
1034 956 1144 1048 gratie
1166 967 1282 1030 nostre
1304 957 1458 1032 districte
1478 958 1687 1054 precipimus
1709 978 1755 1031 ne
1775 957 1856 1052 quis
1876 957 1986 1054 ipsum

575 1079 745 1177 hospitale
768 1101 874 1175 snper
899 1080 966 1152 hac
992 1089 1108 1153 nostra
1134 1082 1356 1156 concessione
1381 1095 1418 1156 et
1440 1081 1698 1156 confirmatione
1725 1083 1907 1156 molestare
1934 1085 1986 1156 vel

574 1204 679 1280 modo
698 1205 856 1300 quolibet
876 1205 1079 1302 perturbare
1098 1215 1291 1300 presumat;
1311 1205 1407 1302 quod
1429 1207 1491 1301 qui
1513 1206 1632 1280 feccrit
1650 1205 1687 1278 in
1709 1227 1773 1278 sne
1792 1207 1987 1280 temeritatis

574 1330 765 1404 vindictam
785 1338 924 1402 centum
946 1329 1052 1402 librae
1066 1330 1143 1402 auri
1161 1341 1361 1426 componat,
1383 1329 1568 1404 dimidium
1588 1352 1724 1406 camere
1747 1341 1863 1404 nosue
1877 1340 1913 1402 et
1929 1329 1987 1402 di—

574 1455 723 1530 midium
743 1453 911 1550 prelibato
929 1453 1091 1549 hospitali
1111 1476 1212 1549 passo
1228 1455 1387 1547 injuriam
1406 1466 1442 1528 et
1459 1456 1640 1530 offensam.
1658 1454 1714 1529 Ad
1731 1457 1832 1548 cujus
1848 1456 1898 1528 rei
1917 1476 1986 1528 oer-

574 1589 645 1654 tam
666 1579 878 1654 evidentium
897 1579 964 1652 hoc
991 1580 1209 1674 privilegium
1232 1579 1337 1654 scribi
1361 1588 1396 1654 et
1417 1581 1512 1654 bulla
1532 1603 1637 1656 aurea
1660 1581 1783 1678 tipario
1805 1580 1986 1675 majestatis

575 1715 690 1779 nostre
708 1705 875 1802 impressa
887 1705 1057 1799 jussimus
1076 1705 1294 1778 communiri.

622 1833 733 1925 Hujus
758 1831 810 1903 rei
832 1839 936 1904 testes
962 1840 1044 1903 sunt
1062 1830 1235 1905 Berardus
1258 1832 1520 1906 Panormitanus
1546 1843 1583 1904 et
1605 1833 1765 1906 Nicolaus
1788 1833 1986 1907 Tarentinus

575 1957 839 2054 archicpiscopi,
857 1954 1020 2029 Albertus
1037 1955 1270 2049 Tridentinus,
1286 1957 1492 2033 Bertholdus
1505 1958 1732 2044 Brixinensis‚
1750 1957 1987 2053 Engelhcrdus

574 2081 742 2174 Cicensis,
766 2079 945 2154 Conradm
967 2081 1236 2154 Hildesemeneis
1262 2081 1462 2179 episcopus,
1487 2084 1566 2156 Otto
1584 2084 1779 2180 prepositus
1799 2082 1845 2155 de
1865 2080 1986 2176 Aquis·

576 2228 701 2302 mano,
726 2206 908 2280 Heinricus
935 2207 1123 2302 imperialis
1147 2207 1225 2279 aule
1251 2208 1522 2302 protonotarius,
1547 2205 1743 2304 lliopuldns
1763 2207 1918 2279 marchio
1943 2205 1986 2279 de

574 2331 756 2429 Vopnrch,
774 2332 975 2428 Raynaldus
992 2330 1070 2405 dux
1089 2331 1236 2428 Spoleti,
1260 2331 1410 2404 Sisridus
1432 2353 1547 2405 comes
1571 2331 1617 2406 de
1635 2331 1786 2422 Vienne,
1808 2330 1986 2404 Heinricus

574 2480 690 2533 eomes
714 2458 758 2532 de
781 2458 916 2550 Dietze,
941 2457 1123 2530 Heinricus
1149 2479 1263 2530 eomes
1284 2456 1328 2530 de
1353 2456 1576 2545 Waldeberc,
1600 2455 1781 2530 Heinricus
1801 2476 1920 2528 comes
1944 2455 1985 2527 de

574 2584 767 2671 Everstein,
784 2582 1006 2656 Bemhardus
1025 2580 1071 2655 de
1085 2582 1298 2674 llurstsmar,
1318 2581 1410 2655 Cono
1425 2581 1471 2655 de
1482 2581 1616 2669 Tutlen,
1634 2581 1822 2654 Wcmerus
1834 2579 1881 2654 de
1893 2581 1984 2653 Bon-

574 2708 709 2802 landia,
736 2706 958 2782 Everhardus
982 2707 1146 2803 pincerna
1169 2705 1215 2780 de
1241 2707 1502 2798 Wintcrsteten‚
1530 2703 1704 2779 Am0ldus
1728 2704 1775 2779 de
1796 2705 1979 2792 Gemenec,

573 2835 753 2910 Conradns
769 2833 814 2908 de
829 2830 1057 2923 Dortmunde,
1073 2831 1279 2905 Wilhelmus
1294 2833 1485 2906 advocatus
1500 2831 1545 2905 de
1558 2829 1789 2926 Aquisgrano,
1810 2829 1982 2904 Conradm

572 2970 608 3036 et
624 2960 758 3035 Utricus
772 2961 893 3032 tratres
908 2957 953 3032 de
969 2957 1101 3032 Werda
1118 2958 1314 3050 camerarii,
1333 2968 1367 3030 et
1383 2955 1442 3029 ulii
1455 2956 1690 3053 quamplures.

622 3085 769 3181 Signum
793 3083 926 3158 domini
949 3081 1114 3156 Friderici
1135 3081 1282 3156 secundi
1304 3081 1366 3155 Dei
1386 3082 1496 3177 gratia
1518 3080 1737 3154 invictissimi
1756 3081 1979 3154 Romanorum

572 3210 800 3309 imperatoris,
820 3230 956 3305 semper
970 3207 1110 3302 angusti
1123 3217 1158 3280 et
1172 3208 1264 3302 regis
1277 3207 1402 3281 Sicilie.
1418 3203 1720 3302 (Moaoprommu.)

620 3335 708 3410 dcta
727 3343 808 3408 sunt
824 3334 890 3408 hec
907 3355 1007 3406 anno.
1018 3331 1193 3406 dominice
1210 3332 1456 3406 incarnationis
1474 3331 1655 3404 milloeimo
1673 3331 1910 3405 ducentesimo
1931 3329 1979 3400 vi·

570 3461 700 3535 ocsimo
722 3458 836 3541 tertio,
861 3479 979 3530 mense
998 3457 1169 3549 junuarii,
1194 3454 1383 3530 indictione
1407 3455 1608 3546 undecima,
1633 3453 1824 3552 imperante
1846 3454 1977 3528 domino
2120 3445 2121 3448 ’

569 3596 687 3660 nostro
702 3583 876 3658 Friderioo
892 3583 1047 3657 secundo
1064 3583 1128 3656 Dei
1144 3583 1252 3676 gratia
1272 3581 1500 3655 invictissimo
1516 3580 1748 3653 Romanomm
1765 3580 1973 3676 imperatore,
2120 3645 2121 3680 ,

570 3732 707 3809 semper
725 3719 875 3805 augusto
898 3716 933 3780 et
954 3727 1036 3803 rege
1054 3707 1190 3796 Sicilie,
1214 3683 1466 3780 anno'llomani
1492 3703 1628 3800 imperii
1651 3705 1728 3798 ejus
1750 3705 1868 3797 tertio,
1885 3700 1973 3797 regni
2120 3735 2121 3800 3

570 3859 655 3913 vero
670 3835 786 3910 Sicilie
807 3833 974 3908 vicesimo
992 3833 1127 3927 quinto,
1144 3831 1298 3905 feliciter.
1318 3829 1442 3904 Amen.

618 3962 744 4033 Datum
762 3957 892 4053 Capue,
907 3975 1013 4045 anno,
1031 3974 1149 4026 mense
1165 3963 1200 4026 et
1216 3953 1404 4028 indictione
1417 3952 1629 4050 prescriptis.

623 4427 855 4534 Fridericus,
874 4423 1135 4509 Romanorum
1147 4419 1367 4529 imperator,
1387 4417 1662 4503 monasterium
1675 4417 1725 4502 de
1736 4415 1967 4502 Wuldsassen

570 4590 660 4649 cum
678 4561 856 4647 omnibus
873 4556 985 4641 bonis
1002 4553 1086 4666 ejus
1103 4552 1365 4664 praesentibus
1383 4561 1421 4635 et
1442 4549 1583 4636 futuris
1601 4549 1675 4636 sub
1693 4575 1764 4636 sua
1781 4560 1820 4636 et
1835 4539 1966 4656 imperii

570 4696 810 4809 pmtectione·
819 4689 988 4800 suscipit.
