4368 5876
259 586 357 647 lrrurcr.
372 582 416 667 9.]
712 580 909 642 HISTORIA
936 579 1227 640 blrtotttlllctl.
1620 575 1677 637 15¹1

243 741 383 817 vrprasa
403 717 568 815 predictis
586 717 864 813 progenitoribus
879 717 1004 789 nostris
1022 724 1058 788 et
1077 739 1099 788 a
1115 716 1217 788 nobis
1239 714 1344 788 otiam
1366 722 1419 786 est
1434 712 1579 808 adopta;
1602 723 1677 784 sta-

259 853 394 918 tuentes
412 855 451 915 nt
469 865 531 940 per
551 852 660 916 totum
680 842 862 938 imperium
883 853 1038 914 nostrum
1062 841 1168 914 nichil
1191 862 1254 936 pm
1277 839 1470 935 plateatico,
1497 838 1675 934 passagio,

259 969 435 1060 theloneo,
455 967 630 1063 portagio,
647 966 806 1061 ripatico,
824 966 1048 1060 lalangatico,
1066 967 1123 1038 vel
1142 988 1204 1062 pro
1224 953 1380 1060 quolibet
1403 965 1472 1036 alio
1484 963 1565 1055 jure
1587 971 1677 1036 terra

259 1095 417 1188 marique
433 1093 500 1184 [in]
520 1091 722 1164 fluminibus
737 1092 791 1164 vel
810 1091 846 1161 in
862 1093 964 1184 aquis
981 1090 1116 1162 solvere
1137 1098 1330 1178 teneantur,
1349 1109 1413 1160 neo
1430 1087 1561 1181 ubique
1580 1087 1678 1181 glan·

259 1217 438 1310 dntioum,
455 1218 669 1290 herbaticum
694 1217 749 1288 vel
774 1217 972 1312 aquaticum
994 1217 1148 1288 tribuant
1162 1236 1226 1311 pro
1242 1215 1451 1288 animalibus
1476 1213 1562 1285 suis.
1584 1212 1677 1298 Qua-

259 1353 399 1440 propter
435 1342 651 1416 universitati
686 1350 799 1414 vestre
834 1340 987 1414 districte
1018 1340 1242 1438 precipiendo
1273 1340 1480 1412 mandamus
1513 1337 1678 1432 quatinus

260 1471 377 1542 nullos
393 1469 439 1542 de
456 1476 570 1541 cetero
586 1469 632 1539 sit
644 1477 714 1538 tam
735 1489 842 1539 ausus
860 1466 921 1559 qui
946 1467 1065 1538 tratres
1084 1468 1140 1537 vel
1165 1465 1353 1538 oonlratres
1378 1464 1532 1559 predicte
1553 1463 1678 1536 domus

258 1595 335 1668 sive
357 1615 478 1666 eorum
499 1595 639 1664 nuntios
661 1614 766 1688 snper
786 1592 1001 1664 libertatibus
1023 1591 1204 1662 antedictis
1225 1589 1393 1685 impedire
1413 1599 1476 1662 aut
1500 1589 1679 1661 molestare

260 1728 447 1814 presumat.
464 1717 566 1803 Quod
582 1718 645 1812 qui
660 1716 925 1813 presumpserit,
948 1715 1221 1809 indignationem
1238 1728 1389 1788 nostram
1410 1735 1448 1786 sa
1469 1714 1605 1787 noverit
1624 1713 1677 1784 in-

259 1865 455 1916 oursnrnm.

307 1967 434 2039 Datum
460 1966 615 2058 Tarenti,
644 1987 735 2038 anno
760 1965 934 2039 domimoe
964 1966 1210 2039 incarnationis
1235 1965 1418 2040 millesimo
1443 1966 1679 2040 dueentesimo

259 2090 426 2164 vicesimo
442 2091 571 2186 primo,
589 2102 713 2185 quarto
729 2091 809 2164 idus
824 2091 963 2187 aprilis,
979 2091 1168 2164 indictione
1181 2111 1285 2162 nona.

313 2715 546 2824 Friderious,
571 2718 832 2801 Romanorum
859 2717 1085 2826 imperator,
1109 2743 1181 2827 pro
1207 2717 1386 2830 religiosa
1411 2718 1489 2802 vita
1515 2719 1677 2804 fratrum
1794 2760 1809 2790 u

259 2847 458 2959 hospitalis
486 2850 646 2933 Sanctae
672 2851 812 2934 Mariae
838 2849 1159 2934 Theutonioornm
1186 2862 1223 2935 et
1253 2853 1372 2962 gratis
1395 2853 1555 2936 servitiis
1573 2856 1677 2938 Her-

258 2985 392 3065 manni
411 2985 585 3096 magistri
603 2985 802 3094 hospitalis
819 2984 1011 3096 ejusdem,
1031 2986 1065 3069 ei
1092 2987 1159 3068 dat
1185 2995 1223 3068 et
1253 2988 1425 3069 concedit
1451 2989 1610 3072 domum
1638 2991 1677 3074 in

260 3117 531 3201 Sahsenhusen
550 3145 638 3201 cum
658 3119 913 3230 pertinentiis,
933 3144 1115 3203 mansum
1133 3146 1255 3203 unum
1278 3122 1318 3201 in
1341 3121 1530 3204 territorio
1548 3124 1677 3234 oppidi

259 3253 319 3335 sni
338 3251 691 3336 Frankenfortensis
710 3264 748 3337 et
764 3256 862 3338 dues
880 3255 1051 3366 quotidie
1068 3254 1299 3366 plaustralas
1317 3254 1512 3366 lignorum
1531 3283 1677 3341 necnon

257 3396 296 3471 et
314 3412 457 3497 pascua
475 3386 707 3471 animalibus
726 3389 765 3469 in
786 3388 882 3472 silva
899 3416 969 3472 sua
987 3415 1087 3500 quae
1110 3387 1257 3500 adjacet
1277 3389 1362 3474 looo
1390 3391 1673 3475 Sahsenhuscn.

339 3630 476 3712 (Edlder.
495 3629 791 3705 transumatur,
811 3632 862 3705 ll,
880 3641 928 3694 st.
948 3663 988 3678 -
1006 3631 1170 3708 Boanum,
1188 3629 1253 3694 cod.
1276 3631 1501 3715 Moorrosrarrrs,
1522 3637 1555 3710 l,
1575 3646 1624 3698 at.
1638 3668 1679 3682 -

378 3739 513 3813 finnus,
529 3737 597 3801 coa
613 3737 675 3800 ord
696 3737 875 3812 Thestoris..
887 3757 918 3818 p.
935 3749 986 3815 ta,
997 3741 1104 3819 met.)

307 3953 347 4026 ln
371 3955 510 4028 nomine
531 3966 649 4029 sancte
673 3967 709 4030 et
733 3954 918 4030 individue
936 3956 1124 4029 Trinitatis.
1145 3957 1340 4030 Friderious
1358 3956 1534 4029 secundus
1558 3956 1678 4032 divina

257 4079 399 4152 lavente
414 4081 596 4153 elementia
612 4083 843 4154 Romanorum
864 4081 1066 4176 imperator,
1085 4103 1221 4177 semper
1236 4091 1407 4174 angustus
1419 4091 1455 4154 et
1472 4103 1534 4154 rex
1549 4081 1676 4155 Sicilie.

256 4201 425 4288 Quotiens
449 4206 585 4278 illorum
607 4206 797 4280 commodis
815 4214 850 4279 et
869 4204 1003 4278 utilitati
1022 4205 1253 4301 prospicimus
1266 4205 1329 4300 qui
1347 4227 1448 4278 veros
1464 4226 1503 4278 se
1516 4227 1679 4301 compro-

256 4327 340 4401 bant
358 4339 439 4402 aotn
454 4340 490 4402 et
510 4330 630 4403 habitu
654 4353 774 4404 servos
790 4329 927 4419 Christi,
946 4331 1115 4403 veraciter
1127 4330 1283 4403 debiturn
1300 4328 1534 4405 munificentie
1554 4331 1679 4426 regalis

256 4454 466 4550 exequimur
478 4466 513 4529 et
529 4465 644 4530 nostre
657 4455 834 4530 efficacius
850 4455 1076 4552 providemus
1096 4455 1199 4528 saluti
1222 4463 1261 4526 nt
1278 4455 1363 4528 dum
1381 4477 1499 4528 eornm
1519 4454 1680 4550 indigen-

256 4578 340 4652 tiam
358 4581 554 4654 relevamus
568 4583 810 4678 temporalem,
827 4581 894 4676 ipsi
907 4592 1022 4654 nostre
1037 4579 1120 4653 fiant
1134 4581 1323 4676 spiritualis
1336 4580 1526 4674 indigentie
1537 4583 1678 4676 supple·

256 4714 425 4778 mentum.
451 4699 642 4803 Eapropter
665 4715 786 4780 notum
811 4707 956 4780 tacimus
979 4707 1150 4779 universis
1174 4706 1309 4802 imperii
1331 4705 1494 4779 fidelibus
1515 4715 1584 4778 tam
1606 4727 1679 4801 pm·
