4298 5898
228 576 408 655 10010012]
681 568 879 631 HISTORIA
903 568 1195 633 olrhollhrtch
1584 569 1643 631 451

228 737 294 790 nec
315 715 352 804 in
373 709 496 786 alienis
516 707 717 804 regionibus
741 705 951 780 mendicare.
973 708 1107 780 Bonum
1131 717 1247 781 autem
1270 707 1336 779 hoc
1358 707 1408 780 rei
1430 715 1546 779 nostre
1569 730 1642 803 pu-

228 841 320 916 blioe
337 839 557 936 prolaturum
576 831 809 923 intendimus,
828 855 908 905 oum
931 834 1166 927 subjectorum
1188 833 1370 908 commoda
1389 833 1530 930 speciali
1551 857 1641 929 qua·

229 966 311 1040 dam
336 961 528 1038 allectionis
555 957 666 1053 gratia
695 956 942 1053 providemus,
970 979 1060 1052 quos
1083 958 1174 1032 sicut
1198 958 1361 1031 convenit
1383 955 1537 1030 eruditos
1562 959 1641 1054 pul-

230 1088 401 1166 cherrime
415 1085 539 1183 poterit
553 1105 633 1180 spes
650 1083 781 1174 lovere,
794 1091 830 1155 et
842 1082 934 1155 hona
950 1082 1096 1178 plurima
1112 1084 1281 1180 promptis
1298 1082 1422 1155 animis
1437 1091 1640 1179 expectare;

229 1235 309 1287 cum
339 1211 465 1286 sterilis
495 1229 668 1286 essenon
696 1207 805 1304 possit
833 1209 1004 1299 accessio,
1035 1229 1141 1303 quam
1168 1207 1329 1281 nobilitas
1358 1208 1527 1303 sequitur.
1556 1208 1644 1282 Cum

229 1337 415 1411 tribunalia
436 1341 677 1431 preparantur,
697 1341 890 1426 sequuntur
905 1333 1002 1406 lucra
1025 1333 1244 1427 divitiarum,
1256 1335 1355 1406 lavor
1373 1342 1407 1405 et
1425 1334 1645 1428 3100100000-

229 1471 407 1559 parantur.
430 1462 575 1554 Insuper
594 1457 767 1530 studiosos
787 1456 880 1530 viros
900 1456 946 1530 ad
964 1457 1104 1531 servitia
1124 1467 1259 1549 nostra,
1279 1481 1348 1532 non
1366 1460 1442 1532 sine
1460 1459 1589 1533 meritis
1610 1469 1645 1534 ot
1723 1467 1730 1482 '

230 1587 411 1678 laudibus,
436 1604 685 1674 convocamus,
710 1603 832 1655 secure
856 1581 923 1654 illis
948 1582 1010 1677 qui
1035 1580 1174 1656 discreti
1200 1585 1337 1656 luerunt
1361 1605 1422 1680 per
1445 1584 1644 1659 instantiam

231 1712 360 1805 studii,
377 1711 467 1804 juris
485 1719 520 1784 et
538 1707 677 1802 justicie
699 1706 868 1802 regimina
888 1704 1151 1780 committentes.
1170 1709 1303 1780 llilares
1318 1708 1424 1802 igitur
1443 1718 1478 1782 et
1494 1710 1644 1806 prompti

230 1837 314 1910 salis
339 1834 386 1908 ad
408 1834 641 1932 professiones
668 1854 757 1928 quas
783 1831 956 1906 scholares
984 1830 1183 1905 desiderant
1211 1833 1420 1925 animentur,
1445 1834 1574 1928 quibus
1598 1834 1645 1908 ad

230 1957 497 2034 inhabitandum
531 1979 613 2032 eum
647 1957 762 2030 locum
789 1957 1032 2046 concedimus,
1057 1958 1119 2029 ubi
1150 1979 1265 2030 rerum
1293 1958 1412 2054 copia,
1443 1958 1504 2030 ubi
1532 1961 1645 2056 ample

230 2087 357 2162 domus
374 2094 409 2157 et
431 2083 582 2181 spatiose
603 2082 706 2175 eatis,
734 2093 769 2155 et
794 2083 855 2154 ubi
878 2103 989 2155 mores
1009 2082 1138 2155 civium
1165 2095 1246 2155 sunt
1269 2083 1430 2178 benigni3
1457 2084 1518 2157 ubi
1539 2086 1642 2158 etiam

230 2211 423 2286 necessaria
446 2210 518 2283 vite
540 2207 720 2283 hominum
743 2230 805 2304 per
827 2219 934 2282 terras
957 2216 992 2281 et
1016 2209 1204 2282 maritimas
1234 2211 1335 2282 lacile
1358 2209 1640 2305 transvehuntur,

230 2337 360 2432 quibus
380 2357 442 2433 per
465 2334 642 2430 nosipsos
667 2333 830 2407 utilitates
852 2335 1048 2428 querimus,
1072 2334 1286 2408 conditiones
1309 2334 1543 2431 disponimoS,
1570 2360 1644 2411 ma·

231 2463 356 2556 gistros
378 2458 647 2554 investigamus,
674 2459 766 2532 bona
791 2459 1037 2556 promittimus,
1061 2469 1096 2532 et
1119 2461 1170 2532 eis
1193 2482 1281 2554 quos
1303 2459 1427 2556 dignos
1452 2460 1643 2535 viderimus

231 2586 377 2662 donaria
401 2586 631 2660 conferemus
657 2585 736 2658 lllos
755 2584 930 2680 siquidem
952 2585 989 2656 in
1011 2596 1196 2681 conspectu
1216 2593 1396 2681 parentum
1416 2607 1557 2658 suorum
1580 2609 1644 2682 po·

230 2711 370 2798 nimus,
390 2734 412 2785 a
434 2710 553 2784 multis
571 2709 750 2787 laboribus
769 2710 1013 2803 liberamus,a
1037 2710 1150 2806 longis
1172 2711 1353 2783 itineribus
1374 2721 1408 2783 et
1428 2710 1529 2805 quasi
1549 2733 1647 2808 perc·

232 2837 341 2927 grinis
366 2835 579 2910 absolvimus
603 2861 612 2906 :
636 2835 713 2908 illos
741 2843 833 2907 tutos
856 2835 1002 2907 iacimus
1033 2836 1078 2908 ab
1101 2835 1237 2910 insidiis
1266 2835 1508 2931 predatorum3
1529 2846 1565 2908 et
1584 2835 1646 2930 qui

232 2960 470 3056 spoliabuntur
496 2958 642 3032 lortunis
664 2959 738 3032 suis
762 2968 796 3031 et
819 2959 940 3050 rebus,
959 2960 1063 3053 longa
1087 2967 1252 3031 terrarum
1272 2959 1388 3055 spacia
1410 2969 1645 3055 peragrantes,

232 3084 366 3159 scholas
388 3108 471 3160 suas
496 3085 686 3160 levioribus
707 3084 904 3180 sumptibus
926 3097 960 3156 et
982 3083 1202 3156 brevioribus
1225 3085 1386 3156 cursibus
1404 3107 1425 3158 a
1443 3084 1646 3157 liberalitate

232 3217 349 3282 nostra
366 3231 404 3282 se
428 3207 605 3304 gaudeant
621 3217 809 3282 assecutos.
829 3209 880 3281 De
901 3229 1045 3282 numero
1066 3217 1184 3281 autem
1205 3207 1386 3282 doctorum
1402 3207 1470 3304 (a),
1491 3231 1581 3303 quos
1596 3208 1646 3281 ibi

233 3332 401 3407 duximus
424 3333 668 3427 destinandos,
693 3332 862 3405 mittimus
881 3333 1084 3427 magistrum
1102 3335 1142 3406 li.
1168 3333 1214 3406 de
1231 3335 1428 3407 Benevento
1442 3334 1598 3428 judicem
1613 3343 1648 3406 et

232 3457 437 3549 magistrum
453 3459 592 3532 Petrum
613 3458 659 3532 de
676 3457 823 3532 Ysemia
843 3457 902 3556 (h),
918 3457 1039 3532 fideles
1055 3467 1206 3551 nostros,
1224 3459 1336 3531 civilis
1353 3459 1495 3533 scientie
1516 3461 1648 3555 proles·

274 3634 317 3712 (a)
337 3638 383 3698 lta
395 3653 433 3698 ex
447 3636 512 3698 cod.
529 3639 610 3700 Harl.
636 3646 702 3699 000.
719 3637 756 3698 ln
769 3641 912 3715 impresso
931 3645 1031 3698 autem
1046 3643 1075 3698 et
1087 3640 1119 3697 ln
1133 3639 1281 3715 plerisque
1294 3637 1442 3699 codicibus
1452 3633 1644 3717 prelatomm.

276 3741 315 3823 (1)
333 3743 370 3804 ln
388 3745 532 3822 impresso
544 3743 581 3805 11.
599 3741 633 3804 dc
653 3745 771 3804 Vareno
776 3743 907 3826 jadicem
924 3751 952 3805 et
966 3746 1138 3826 mapistmm
1151 3745 1184 3806 B.
1204 3741 1238 3804 dc
1251 3743 1411 3823 Hpberoia.
1427 3745 1563 3807 codicem
1578 3745 1649 3806 Goi-

231 3851 614 3928 ton.Vespas.h,ll1hlc
633 3853 796 3930 munimur,
815 3854 873 3913 nlsl
893 3851 974 3930 quod
990 3849 1118 3912 llhoaio
1134 3853 1327 3913 correximus.
1347 3853 1453 3915 Varias
1473 3859 1574 3914 unoem
1593 3869 1647 3914 va·

232 3959 344 4018 riorum
365 3957 501 4020 codicum
523 3959 663 4022 lectiones
682 3959 884 4022 exhibemus:
907 3959 989 4022 Inter
1008 3961 1204 4038 Parlslenses,
1224 3959 1436 4030 Nouo-Dama,
1459 3961 1590 4039 000,11.
1612 3956 1649 4020 de

231 4065 365 4141 laemia,·
380 4065 530 4144 Navarra,
552 4073 600 4139 17,
616 4066 656 4127 11.
671 4063 706 4126 de
722 4066 866 4144 100010)
883 4065 971 4128 londa
983 4067 1074 4146 latin,
1088 4075 1182 4141 0000,
1195 4067 1367 4148 mapr'atrum
1379 4066 1415 4126 li.
1431 4061 1466 4125 de
1478 4062 1585 4126 Pudor
1599 4063 1646 4145 (i)

232 4177 260 4230 et
274 4171 445 4252 mapr’stmrr
460 4171 497 4234 11.
512 4169 628 4246 dc.....;
644 4172 732 4234 londa
745 4173 835 4249 latin,
850 4171 991 4249 0004,11.
1007 4171 1042 4233 dc
1056 4173 1203 4234 Gvarctoo
1214 4179 1250 4234 et.
1264 4175 1396 4234 -lnter
1408 4172 1563 4250 Angllcos,
1578 4171 1647 4234 eod.

232 4275 329 4352 Harl,
346 4287 423 4352 000,
438 4278 610 4358 mapirtrum
626 4275 769 4361 Anqclam
787 4276 822 4340 de
824 4323 886 4342 .....
900 4278 1031 4363 sudhem
1045 4288 1074 4341 ct
1089 4282 1260 4362 mapiatmm
1278 4282 1312 4340 11.
1332 4278 1445 4353 de.....;
1460 4279 1533 4343 God.
1547 4279 1648 4360 Boou,

235 4393 305 4455 100,
317 4383 351 4443 lt.
363 4383 398 4445 de
414 4385 548 4446 Warciao
557 4387 628 4447 etll.
645 4385 680 4446 dc
697 4387 840 4466 Vscroia;
851 4387 925 4450 (lod.
939 4387 1039 4462 Bodl,
1055 4397 1124 4460 010,
1136 4389 1308 4469 mapistrum
1315 4387 1353 4448 11.
1366 4386 1401 4448 dc
1413 4389 1521 4449 Sancto
1540 4388 1650 4448 Victore

225 4485 355 4568 Judiccov
375 4495 404 4552 ct
424 4493 597 4574 mapbtmm
614 4491 653 4554 B.
672 4491 707 4553 dc
726 4493 960 4573 1000010,·00(1.
982 4493 1134 4572 Phililpps.
1160 4511 1210 4571 op.
1233 4495 1415 4574 Mlddlehill,
1438 4502 1534 4568 0000,
1555 4495 1590 4556 ll.
1612 4492 1650 4556 de

236 4594 359 4656 Vrania
372 4604 400 4657 et
413 4597 451 4660 P.
467 4597 502 4659 da
513 4600 803 4664 Panemo-Inter
815 4603 1019 4674 Germanicos,
1035 4601 1246 4681 000010νο,
1261 4601 1298 4661 11.
1314 4599 1349 4661 dc
1364 4600 1503 4662 Gaurano
1515 4608 1564 4680 et,·
1577 4602 1646 4664 cod.

233 4715 335 4779 gymn.
351 4719 400 4781 op.
413 4703 640 4784 continentiam,
655 4717 705 4784 ta,
720 4707 759 4769 Α.
775 4706 810 4768 dc
824 4708 858 4770 C.
860 4707 991 4790 judicem
1003 4716 1032 4772 ct
1044 4708 1216 4790 maqirtrum
1229 4709 1267 4770 lt.
1279 4707 1381 4771 chF.
1397 4708 1443 4790 (i)
1453 4727 1463 4785 3
1473 4709 1541 4771 eod.
1556 4709 1649 4771 Guel-
