4368 5876
558 544 615 606 tao
1054 549 1273 612 rntnntttct
1300 552 1474 617 sncttttttt
1785 555 1862 641 [dart.
1880 557 1967 622 1221.

553 681 711 754 cedimus
726 681 785 776 [et]
809 691 1012 776 potestatem
1035 696 1074 756 nt
1096 707 1217 760 omnes
1240 687 1316 762 illos
1336 691 1398 784 qui
1417 715 1478 788 per
1500 703 1624 768 terram
1651 703 1764 768 vestre
1788 695 1968 788 legationis

552 816 634 878 sunt
653 808 824 904 suppositi
843 817 959 882 nostro
971 810 1120 902 banno,
1140 812 1225 886 dum
1249 822 1366 886 tamen
1387 817 1488 911 plene
1509 839 1614 914 super
1630 818 1697 892 hoc
1718 819 1842 892 nostris
1867 840 1969 893 cura·

550 932 665 1004 verint
676 931 820 1006 obedire
836 935 1024 1027 mandatis,
1043 937 1078 1008 in
1098 939 1252 1012 savorem
1270 939 1417 1036 predicti
1431 944 1560 1038 negotii
1578 944 1673 1039 qnod
1689 944 1800 1038 magis
1815 944 1968 1018 humeis

550 1067 665 1129 nostre
694 1059 882 1152 majestatis
914 1060 1083 1134 incumbit
1113 1070 1147 1136 et
1176 1062 1356 1138 ardentius
1381 1088 1485 1161 quam
1513 1068 1646 1164 aliquid
1677 1068 1773 1145 aliud
1804 1069 1966 1166 cupimus

548 1203 767 1276 promovere,
797 1184 842 1257 ab
868 1185 944 1280 ipso
973 1187 1090 1260 banno
1116 1212 1196 1262 cum
1224 1191 1394 1288 expedire
1416 1191 1573 1267 videritis
1599 1195 1778 1268 absolvere
1798 1194 1962 1285 valeatis,

546 1307 722 1402 quidquid
746 1309 840 1381 enim
868 1333 973 1407 super
995 1312 1062 1386 hoc
1088 1312 1260 1388 duxeritis
1286 1315 1483 1390 laciendum
1509 1317 1701 1392 firmitatem
1725 1319 1888 1390 volumus
1911 1319 1965 1390 in·

547 1433 745 1507 violabilem
762 1436 929 1510 obtinere.
951 1437 1019 1510 Nos
1040 1437 1220 1534 eniquui
1244 1463 1265 1513 a
1285 1451 1393 1515 matre
1416 1451 1532 1516 nostra
1548 1444 1701 1516 Romana
1721 1443 1867 1516 ecclesia
1886 1441 1967 1516 cul-

547 1558 641 1632 mina
667 1560 703 1632 in
725 1560 793 1634 hoc
816 1564 933 1635 seculo
957 1565 1110 1660 summe',
1121 1565 1291 1638 felicitatis
1316 1567 1530 1664 accepimus,
1553 1568 1727 1663 quidquid
1753 1591 1817 1641 sua
1843 1568 1879 1640 in
1900 1568 1968 1641 hoc

547 1686 685 1780 negotio
706 1695 740 1758 et
757 1687 834 1760 aliis
853 1688 956 1760 luerit
977 1687 1224 1763 deliberatione
1242 1700 1408 1764 statutum
1431 1692 1631 1766 intemerata
1655 1694 1815 1766 volomus
1832 1692 1967 1766 stabili·

550 1818 619 1882 tate
633 1810 766 1904 vigere.

595 1935 722 2009 Datum
744 1935 893 2028 Salerni,
915 1936 959 2009 lv
978 1936 1060 2011 idus
1081 1937 1262 2031 lebnrarii,
1282 1941 1469 2016 indictione
1485 1943 1546 2016 tx.

1224 2229 1289 2301 111.

593 2437 784 2510 Fridericus
806 2438 869 2510 Dei
895 2439 1005 2532 gratia
1026 2439 1259 2514 Romanorum
1279 2441 1480 2538 imperator,
1498 2463 1634 2538 semper
1655 2450 1827 2538 augustus
1844 2451 1879 2514 et
1900 2462 1966 2513 nex

543 2561 676 2654 Sicilie,
702 2563 836 2636 dilectis
863 2563 1026 2636 fidelibus
1050 2565 1123 2636 suis
1146 2565 1306 2661 potestati
1331 2576 1367 2640 et
1390 2567 1519 2663 populo
1541 2565 1790 2640 Mediolanensi
1817 2565 1966 2660 gratiam

542 2709 642 2760 suam
666 2696 700 2760 et
726 2688 853 2761 bonam
872 2691 1095 2762 voluntatem.
1115 2689 1301 2786 Postquam
1322 2691 1565 2764 universorum
1587 2689 1755 2764 Dominus
1777 2699 1814 2763 et
1833 2699 1966 2764 creator

541 2812 721 2908 multiplici
736 2813 921 2886 hostilitate
934 2813 1071 2886 devicta
1085 2815 1185 2886 nobis
1199 2814 1363 2910 diguatus
1381 2824 1434 2888 est
1451 2818 1563 2889 lacere
1578 2836 1704 2889 nomeu
1723 2814 1859 2909 gaude
1874 2815 1965 2888 ultra

541 2959 668 3010 nomen
684 2957 893 3032 magnorumx
903 2941 963 3034 qui
979 2948 1061 3012 sunt
1078 2939 1113 3012 in
1130 2949 1237 3030 terra,
1257 2941 1346 3013 inter
1361 2940 1451 3014 lilios
1467 2963 1550 3013 suos
1562 2961 1626 3014 nos
1640 2941 1818 3014 enutriens
1833 2941 1961 3012 multi·

542 3062 726 3156 plicatione
748 3085 972 3137 successuum
990 3073 1025 3138 et
1042 3066 1278 3158 exaltationis,
1301 3066 1401 3140 decet
1423 3065 1632 3139 omnimodis
1647 3075 1687 3136 ut
1702 3086 1766 3161 pro
1783 3066 1965 3138 immensis

539 3185 642 3259 abeo
659 3189 827 3282 susceptis
842 3187 1018 3262 beneficiis
1038 3212 1107 3263 non
1125 3191 1314 3264 existentes
1336 3191 1462 3285 ingrati
1483 3191 1703 3287 prerogativa
1723 3189 1826 3282 fidei,
1838 3190 1965 3264 since·

538 3311 639 3384 ritate
656 3312 850 3385 devotionis
868 3322 903 3386 et
923 3313 1074 3387 caritatis
1098 3315 1223 3389 ardore
1239 3339 1303 3390 nos
1317 3325 1353 3388 et
1371 3317 1554 3412 imperium
1574 3323 1730 3388 nostrum
1748 3314 1781 3388 ei
1799 3315 1862 3409 qni
1882 3315 1967 3388 lecit

538 3446 684 3532 utraque
719 3460 845 3528 unum,
873 3438 952 3511 totis
975 3438 1177 3512 studeamus
1203 3441 1337 3514 viribus
1367 3441 1574 3537 propensius
1598 3439 1770 3512 inherere.
1796 3439 1965 3512 Sublimis

538 3584 688 3656 namque
716 3562 826 3634 honor
850 3572 885 3635 et
910 3562 1062 3657 dignitas
1093 3573 1162 3636 mm
1188 3566 1341 3661 precelsa
1368 3587 1438 3660 qua
1465 3587 1528 3638 nos
1552 3565 1771 3660 omnipotens
1798 3562 1965 3637 dominus

536 3696 652 3759 eterna
670 3707 733 3758 sua
754 3686 971 3782 providentia
990 3689 1191 3763 sublimavit
1213 3690 1379 3786 diligente
1395 3713 1459 3764 nos
1479 3691 1562 3764 lacit
1582 3688 1861 3763 consideratione
1880 3711 1963 3786 per·

536 3811 669 3906 spicere
693 3821 862 3905 quantum
887 3812 1128 3886 contrahamus
1157 3814 1319 3886 creatoris
1343 3813 1510 3886 offensam
1537 3815 1568 3887 si
1593 3813 1842 3886 beneficiorum
1857 3813 1963 3886 illius

535 3957 657 4008 sumus
671 3934 808 4029 ingrati,
822 3934 866 4007 de
878 3937 976 4028 cnjus
993 3937 1212 4010 inestimabili
1225 3938 1377 4012 bonitate
1389 3947 1484 4013 tanta
1498 3939 1714 4035 principatus
1727 3937 1962 4035 amplitudine

535 4059 730 4132 dilatamur.
753 4059 1015 4133 considerantes
1035 4061 1141 4156 igitur
1158 4072 1194 4135 et
1216 4085 1286 4136 non
1307 4063 1381 4138 sine
1403 4064 1557 4138 maxima
1583 4062 1699 4139 cordis
1721 4063 1961 4138 amaritudine

534 4184 722 4257 recolentes
746 4185 921 4258 civitatem
940 4193 974 4258 et
997 4186 1110 4258 locum
1134 4196 1309 4276 sanctum,
1332 4191 1499 4284 templum
1517 4189 1720 4278 Salvatorr's,
1740 4209 1960 4285 paganorum

535 4307 688 4380 dominio
716 4318 751 4380 et
779 4306 1016 4402 Agauenornm
1042 4309 1166 4404 subjici
1192 4313 1374 4407 potestati,
1401 4324 1546 4386 matrem
1574 4313 1765 4388 Ecclesiam
1793 4334 1960 4409 sponsam

535 4431 657 4502 Christi
675 4431 769 4526 apud
789 4432 946 4505 inimicos
963 4434 1075 4506 crucis
1090 4434 1211 4507 Christi
1231 4436 1474 4510 miserabiliter
1491 4439 1655 4531 exulare,
1674 4437 1875 4534 sepulcrum
1889 4435 1959 4509 no·

535 4554 620 4625 mini
637 4576 712 4627 esse
734 4577 876 4650 prorsus
895 4557 1079 4651 inglorium
1105 4559 1201 4654 quod
1227 4560 1359 4635 solebat
1376 4563 1525 4636 existere
1546 4564 1756 4658 gloriosum,
1777 4559 1958 4636 doloribus

536 4678 712 4751 immensis
727 4679 925 4774 affligimur,
946 4683 1117 4776 replemur
1136 4684 1325 4780 angustiis,
1345 4689 1417 4761 uelo
1433 4689 1546 4762 crucis
1566 4699 1602 4762 et
1616 4687 1770 4762 caritatis
1787 4687 1960 4760 immense
