4296 5898
562 544 622 605 2216
1068 545 1279 606 salonam!
1305 547 1479 610 sucoso!
1791 553 1872 630 [dns.
1892 555 1975 618 ml.

566 707 584 750 »
608 679 836 775 pendeamus.
863 705 881 747 a
900 681 997 752 Tune
1014 679 1129 754 dictus
1144 693 1344 778 procurator
1363 685 1485 780 prolati
1507 687 1707 760 monasterii
1727 689 1881 763 ostendit
1901 715 1980 788 pre-

564 805 696 878 dictum
714 804 879 878 crismum
897 803 992 878 dioto
1009 827 1130 878 eorum
1149 819 1371 902 procuratore
1393 819 1552 905 presente
1569 837 1578 880 :
1597 832 1667 904 quo
1684 812 1760 885 viso
1765 867 1978 887 ......

569 983 906 1002 .........
936 930 1096 1024 quodibi
1115 932 1311 1006 continetur
1327 943 1397 1006 tam
1428 935 1474 1007 ab
1499 934 1554 1008 his
1580 936 1642 1029 qui
1670 936 1856 1010 intererant
1878 961 1980 1033 quam

565 1056 612 1129 ab
632 1055 833 1129 absentibus
858 1055 936 1128 aliis
956 1056 1155 1131 homiuibus
1180 1081 1243 1133 seu
1266 1060 1406 1133 villanis
1427 1060 1593 1134 casalium
1615 1060 1849 1157 predictomm
1869 1065 1981 1137 adim·

565 1179 652 1276 plari
671 1179 796 1253 debeat
816 1187 851 1252 et
875 1178 1017 1252 firmiter
1037 1182 1226 1256 observari.
1248 1184 1351 1259 Dedit
1373 1183 1477 1258 etiam
1498 1186 1621 1280 prelati
1641 1187 1840 1259 monasterii
1859 1209 1983 1283 prunu-

564 1315 657 1378 rator
678 1303 843 1394 gaudiam
865 1302 913 1398 (a)
937 1315 972 1378 et
993 1305 1243 1398 fidejussoriam
1263 1307 1457 1382 cautionem
1472 1320 1515 1402 *ut
1532 1309 1561 1380 si
1581 1309 1784 1404 probaretur
1806 1311 1982 1406 impe-isle

567 1429 768 1502 mandatum
774 1483 1557 1505 ....................
1586 1434 1623 1505 in
1646 1435 1763 1528 aliquo
1787 1437 1982 1531 praeteriisse

568 1554 718 1628 meroedi
736 1555 831 1628 curie
853 1554 1057 1650 subjaoarat.
1079 1557 1310 1650 Interrogatus
1327 1557 1481 1653 ipsorum
1499 1558 1679 1633 hominum
1693 1581 1756 1632 son
1775 1560 1981 1634 villanorum

569 1690 768 1776 procurator
788 1679 834 1754 ad
857 1680 921 1752 hec
947 1681 976 1752 si
1001 1681 1147 1777 probare
1172 1681 1209 1754 id
1226 1693 1359 1778 posset,
1380 1682 1557 1778 respondit
1574 1682 1670 1778 quod
1686 1705 1778 1775 unn;
1796 1707 1903 1780 super
1916 1685 1983 1758 hoc

570 1806 705 1879 oensuit
723 1805 820 1878 ouria
837 1827 962 1901 penam
980 1807 1150 1881 meroedis
1167 1807 1264 1880 numa
1280 1829 1340 1882 eos
1355 1807 1539 1882 incurrisse
1557 1829 1618 1904 pm
1635 1829 1677 1881 eo
1695 1808 1791 1902 quod
1813 1809 1981 1904 imperiali

572 1929 766 2003 eelsitudini
795 1939 875 2002 suut
910 1931 1044 2002 mentiti
1079 1939 1149 2004 tam
1181 1931 1276 2027 apud
1282 1983 1575 2005 ........
1603 1933 1733 2005 curiam
1771 1932 1981 2028 imperialem

572 2076 678 2150 quarn
693 2053 788 2151 apud
807 2053 947 2128 eosdem
968 2055 1128 2130 abbatem
1144 2067 1179 2129 at
1198 2067 1420 2130 nonventum.
1441 2058 1587 2130 Damam
1610 2056 1824 2149 injunximus
1846 2057 1983 2152 utrique

573 2179 661 2274 parti
676 2190 714 2250 nt
728 2178 873 2275 septimo
892 2179 1026 2254 decimo
1043 2180 1102 2255 die
1122 2181 1250 2255 mensis
1268 2181 1418 2255 octobris
1435 2203 1550 2255 nomm
1568 2180 1668 2254 nobis
1683 2181 1779 2277 apud
1791 2182 1983 2256 Niooteram

574 2304 610 2376 iu
636 2303 731 2377 ouria
754 2305 953 2376 eonveninet
985 2304 1031 2379 de
1061 2304 1116 2377 his
1148 2303 1366 2378 diffinitivam
1391 2305 1595 2382 sententiam
1622 2303 1797 2378 auditura.
1825 2307 1984 2378 Preseute

573 2430 678 2523 igilur
694 2439 841 2523 utraque
859 2439 957 2526 parte
973 2429 1009 2501 iu
1025 2429 1122 2502 ouria
1139 2429 1175 2501 in
1194 2429 1339 2503 termino
1355 2429 1570 2525 supradicto,
1592 2449 1653 2524 per
1667 2429 1888 2504 diffinitivam
1905 2452 1983 2503 sen·

574 2555 714 2628 tentiam
738 2564 806 2627 tam
837 2554 948 2628 dietas
971 2553 1192 2648 fidejussores
1216 2554 1386 2628 dictorum
1408 2555 1589 2628 hominum
1609 2576 1673 2627 sen
1690 2554 1898 2627 villanorum
1922 2576 1983 2627 ee-

573 2680 697 2755 selinm
716 2677 949 2775 predictorum
973 2678 1009 2751 in
1027 2680 1203 2776 suprafato
1224 2679 1350 2752 crisme
1373 2687 1507 2752 notatos
1527 2699 1589 2775 pro
1607 2699 1649 2751 eo
1669 2678 1765 2773 quod
1786 2699 1856 2752 nou
1875 2680 1984 2752 adim-

574 2805 756 2901 pleverunt
778 2804 905 2877 dietam
930 2802 1188 2897 fidejussionem
1209 2825 1329 2877 eorum
1351 2802 1489 2899 Gymuii
1519 2803 1643 2876 laetam
1647 2856 1980 2876 .........

578 2983 748 3000 .....
771 2928 866 3001 curie
887 2927 1004 3000 subire
1018 2927 1211 3002 meroedem
1231 2950 1337 3023 quam
1356 2927 1488 3002 dietum
1507 2939 1761 3023 procuratorem
1782 2928 1982 3002 eorumdem

573 3053 753 3126 homiuum
777 3074 839 3125 sen
856 3051 1064 3126 villanorum
1082 3053 1221 3126 nomine
1238 3075 1358 3126 eorum
1376 3064 1411 3126 ot
1427 3051 1567 3126 eosdem
1585 3053 1730 3126 villanos
1747 3075 1811 3148 pro
1831 3053 1983 3148 eoquod

571 3178 673 3272 juxta
695 3177 899 3250 sententiam
921 3175 1053 3249 domini
1072 3177 1195 3272 Regini
1218 3178 1469 3274 arehiepiseopi
1491 3188 1526 3250 et
1543 3187 1694 3250 nostram
1720 3177 1888 3273 prelibato
1904 3198 1985 3250 rno-

575 3301 723 3376 nasterio
743 3301 908 3375 exhibere
932 3301 1007 3374 sive
1025 3312 1177 3397 prestare
1202 3303 1343 3376 servitia
1364 3311 1399 3376 et
1422 3301 1540 3377 debita
1562 3311 1787 3394 recusarunt,
1812 3302 1859 3376 ad
1882 3303 1984 3399 quin·

574 3449 644 3521 quo
667 3426 813 3498 millium
829 3433 1025 3498 tarenorum
1043 3448 1168 3521 penam
1187 3427 1355 3523 imperiali
1379 3427 1473 3499 curie
1497 3425 1739 3522 applieendam
1764 3423 1866 3499 etad
1890 3447 1984 3521 pras·

575 3551 718 3625 tandum
736 3551 781 3624 de
797 3558 910 3624 oetam
930 3551 1030 3624 annis
1048 3551 1194 3646 singulis
1213 3552 1345 3648 prelato
1361 3551 1568 3624 monasterio
1590 3549 1824 3646 prenominata
1846 3549 1985 3622 servitia

574 3685 609 3750 et
638 3676 754 3750 debita
784 3695 853 3769 qua
877 3676 914 3748 in
947 3677 1135 3772 prescripta
1163 3676 1332 3749 sententia
1359 3674 1490 3748 domini
1516 3675 1638 3770 Regini
1671 3673 1921 3768 archiepisoopi
1952 3681 1985 3745 et

575 3812 691 3876 nostra
715 3801 783 3872 lata
807 3798 937 3872 exinde
953 3800 1089 3895 plenius
1106 3800 1336 3891 continentur,
1364 3799 1646 3874 oondemnandos
1665 3799 1833 3872 duximus
1849 3807 1985 3871 senten·

576 3928 700 4000 tialiter
718 3925 804 3999 etin
823 3924 970 4020 scriptis.
989 3927 1072 3999 Lata
1092 3935 1145 3998 ast
1158 3925 1223 3999 heo
1239 3935 1355 4000 nostra
1370 3927 1539 3999 sententia
1555 3926 1590 3997 iu
1607 3935 1697 3997 tarra
1712 3924 1881 4009 Niootere,
1899 3943 1985 4018 pre-

576 4060 673 4126 sente
688 4059 723 4124 et
741 4049 920 4124 assistente
941 4048 1042 4121 uobis
1062 4048 1219 4145 predicto
1241 4048 1362 4142 judioe
1382 4049 1522 4123 Nioolao
1542 4049 1588 4122 da
1611 4049 1782 4122 Siraousia
1802 4047 1850 4145 (b)
1867 4047 1985 4139 jndiee

573 4186 608 4252 et
628 4197 799 4251 assessore
820 4174 1008 4270 imperialis
1032 4175 1128 4249 nuris
1156 4186 1271 4249 nostre
1293 4198 1426 4250 necnon
1456 4174 1588 4248 notario
1609 4175 1767 4269 Philippo
1784 4173 1830 4247 de
1846 4174 1984 4246 Salerno

575 4303 730 4396 ejusdem
749 4300 845 4374 eurio
866 4310 1020 4373 aetorum
1043 4301 1195 4388 notmio,
1217 4300 1371 4397 predicto
1389 4300 1447 4385 die
1464 4298 1761 4394 septimodecimo
1782 4298 1912 4370 mensis
1927 4319 1983 4370 oo·

577 4427 695 4514 lubrie,
716 4423 849 4496 decime
867 4423 1076 4496 indictionis.
1096 4422 1152 4495 Ad
1174 4426 1274 4518 cujus
1295 4426 1344 4497 rei
1371 4425 1571 4498 memoriam
1590 4433 1624 4496 et
1647 4422 1847 4496 inviolabile
1864 4421 1985 4494 firma-

619 4583 659 4662 (a)
681 4583 734 4660 Aa
752 4581 884 4661 Tromby
895 4579 1062 4664 modium,
1076 4585 1177 4644 minus
1190 4591 1276 4646 reeta

619 4689 659 4769 (t)
681 4691 735 4768 Ap.
752 4689 879 4769 Tromby
893 4687 928 4750 de
943 4689 1073 4769 Gyrioca
1087 4689 1172 4750 mole.
