4272 5886
178 625 276 686 boren.
295 621 355 703 lt]
636 623 831 686 HISTORIA
856 619 1149 684 otruottttrtct
1538 620 1600 683 529

178 782 281 857 opem
304 758 538 856 impendimus
558 759 723 855 ipsasque
741 761 778 832 in
800 783 865 834 suo
884 761 964 853 jure
985 767 1020 833 et
1035 760 1166 833 honore
1179 757 1360 832 studemus
1378 779 1595 831 conservare.

179 886 396 982 Quapropter
414 893 535 958 notum
555 885 702 958 tacimus
721 886 895 960 universis
920 885 1054 980 imperii
1077 884 1185 956 nostri
1205 883 1366 958 fidelibus
1382 883 1600 980 presentibus

178 1021 214 1084 et
239 1011 365 1083 suturis
390 1009 487 1104 quod
518 1031 583 1082 nos
612 1009 750 1084 fidelem
781 1021 935 1085 nostrum
967 1011 1101 1082 Bonum
1129 1009 1367 1082 Pistoriensem
1394 1009 1598 1104 episcopum

180 1135 325 1229 ejusque
345 1155 563 1208 successores
584 1144 620 1209 et
640 1137 820 1210 ecclesiam
842 1136 1083 1209 Pistoriensem
1107 1157 1188 1207 oum
1211 1135 1453 1228 Montemagno
1469 1143 1504 1207 et
1524 1139 1600 1228 ejus

181 1269 277 1334 curte
293 1270 331 1334 et
345 1261 427 1333 vitta
445 1260 490 1336 de
512 1261 696 1352 borciano,
718 1273 831 1334 castro
849 1261 1082 1356 Lamporecio,
1101 1261 1186 1333 vitta
1205 1259 1250 1332 de
1269 1259 1458 1332 Urbiniano
1475 1268 1510 1332 et
1525 1261 1601 1354 ejus

181 1393 292 1476 curte,
310 1394 421 1460 castro
440 1384 485 1460 de
499 1383 590 1458 Colle
609 1407 690 1458 cum
708 1385 801 1458 valle
815 1385 860 1458 de
876 1385 967 1458 Cetle
983 1393 1017 1458 et
1034 1387 1111 1478 ejus
1128 1391 1238 1474 curte,
1254 1383 1345 1456 siout
1362 1383 1602 1458 serenissimus

181 1518 411 1605 paternoster
432 1507 628 1582 Friderious
648 1511 882 1584 Romanorum
903 1510 1087 1606 imperator
1103 1517 1273 1603 augustus
1290 1529 1352 1604 per
1378 1507 1600 1604 privilegium

182 1759 288 1832 rebus
302 1767 336 1832 et
353 1758 630 1855 possessionibus
646 1782 717 1854 que
733 1760 855 1834 vel'de
877 1771 993 1833 nostra
1011 1759 1234 1832 consessione
1251 1758 1309 1831 vel
1326 1780 1387 1854 per
1406 1779 1444 1831 se
1460 1759 1516 1831 vel
1539 1781 1602 1854 per

184 1883 268 1957 alios
283 1883 320 1955 in
338 1885 588 1980 presentiarum
603 1885 697 1977 Juste
715 1885 820 1958 habet
837 1886 895 1957 vel
911 1885 948 1956 in
966 1893 1164 1980 posterum,
1184 1881 1289 1955 dante
1302 1882 1461 1974 Domino,
1479 1882 1603 1978 poterit

183 2009 356 2100 obtinere,
382 2009 624 2106 inspeciatam
651 2011 838 2103 maJestatis
869 2019 985 2082 nostre
1011 2007 1258 2106 protectionem
1286 2007 1497 2104 recepimus,
1527 2031 1605 2105 pre·

185 2133 278 2207 dicto
294 2133 456 2230 episcopo
474 2135 617 2230 suisque
639 2136 899 2210 successoribus
916 2135 1058 2231 plenum
1070 2136 1129 2228 jus
1150 2133 1272 2207 dautes
1289 2143 1324 2205 et
1343 2143 1546 2229 potestatem
1564 2143 1604 2207 ut

184 2267 291 2331 terras
307 2267 342 2331 et
365 2258 523 2332 homines
540 2260 686 2335 ecclesie
712 2283 775 2334 sue
793 2261 838 2335 de
862 2260 1026 2357 predictis
1045 2259 1131 2332 locis
1150 2260 1204 2332 vei
1233 2258 1509 2354 possessionibus
1530 2259 1603 2333 dis·

186 2382 328 2477 tringat‚
352 2381 451 2456 datas
474 2385 519 2458 ab
544 2387 596 2458 eis
617 2386 765 2482 accipiat
784 2396 819 2459 et
843 2389 980 2482 ptenam
1005 2385 1093 2458 inter
1112 2406 1173 2457 eos
1195 2383 1240 2458 de
1262 2385 1376 2456 causis
1403 2385 1477 2456 suis
1499 2385 1603 2458 faciat

181 2508 364 2600 justitiam,
379 2509 475 2582 salva
489 2509 525 2580 in
541 2511 706 2584 omnibus
720 2511 890 2608 imperiali
904 2511 1074 2606 dignitate
1088 2519 1123 2583 et
1134 2509 1279 2603 justitia.
1294 2509 1485 2582 Statuimus
1497 2509 1603 2604 igitur

186 2641 220 2706 et
238 2635 456 2730 presentibus
482 2635 684 2708 oonsulibus
700 2647 735 2708 et
756 2637 888 2731 eisqui
907 2657 969 2733 pro
988 2645 1141 2733 tempore
1163 2635 1291 2708 tuerint
1307 2634 1344 2707 in
1368 2635 1508 2708 civitate
1529 2635 1604 2710 Pis·

186 2758 265 2831 torii
288 2769 322 2830 et
344 2761 550 2854 generaliter
578 2761 751 2834 universis
777 2762 909 2834 nuntiis
933 2763 1059 2834 uostris
1084 2771 1117 2834 et
1142 2761 1301 2857 potestati
1323 2760 1520 2834 Pistoriensi
1541 2761 1603 2855 qui

185 2883 314 2955 tuerint
331 2894 367 2956 et
386 2885 590 2958 consiliariis
610 2896 645 2958 et
662 2888 720 2958 toti
740 2887 869 2982 populo
891 2887 958 2959 sub
980 2885 1099 2960 debito
1122 2883 1297 2958 fidelitatis
1317 2884 1472 2958 districte
1493 2886 1605 2980 preci·

185 3007 302 3103 pimus
315 3019 489 3104 quatenus
501 3009 585 3084 huic
604 3021 721 3084 nostro
734 3020 896 3108 precepto
910 3033 948 3084 se
959 3011 1156 3084 nuliatenus
1168 3018 1345 3105 opponant
1362 3019 1397 3081 et
1411 3009 1604 3105 predictum

186 3133 388 3229 episcopum
411 3136 469 3208 vel
493 3157 575 3210 suos
601 3157 817 3210 successores
838 3148 957 3210 contra
984 3136 1140 3232 predicta
1164 3135 1383 3229 atiquatenus
1403 3147 1606 3230 presumant

187 3259 384 3351 molestare3
401 3259 498 3355 quod
511 3261 542 3334 si
559 3261 639 3356 quis
658 3262 888 3351 attentaverit,
905 3262 1087 3356 sexaginta
1103 3261 1209 3334 libras
1226 3259 1301 3332 auri
1323 3280 1386 3355 pro
1403 3281 1493 3356 pena
1513 3282 1606 3334 oom-

187 3390 306 3479 ponat,
332 3385 518 3460 dimidium
541 3407 677 3460 camere
696 3396 812 3462 nostre
829 3396 864 3460 et
887 3387 1059 3482 reliquum
1087 3386 1197 3482 passis
1221 3384 1397 3478 injuriam.
1424 3383 1481 3458 Ad
1504 3387 1605 3478 cujus

186 3509 238 3580 rei
264 3517 391 3582 certam
417 3511 455 3583 in
475 3522 681 3608 perpetuum
703 3511 918 3586 evidentiam
936 3520 1130 3609 presentem
1153 3511 1305 3584 obortam
1328 3509 1411 3583 inde
1433 3511 1604 3584 conscribi

184 3633 352 3727 jussimus
369 3645 404 3708 et
421 3636 608 3730 majestatis
629 3647 746 3712 nostre
760 3638 874 3733 sigillo
897 3637 1118 3711 communiri.
1134 3678 1185 3690 -
1197 3637 1322 3710 Datum
1339 3633 1436 3731 apud
1452 3636 1604 3710 Montem

187 3757 373 3852 Flasconis,
389 3781 482 3834 anno
496 3762 633 3836 Domird
649 3762 833 3836 millesimo
846 3761 1034 3836 centesimo
1046 3761 1272 3854 nonagesimo
1287 3769 1400 3855 sexto,
1417 3761 1606 3836 indictione

187 3881 459 3977 quintadecima,
477 3886 687 3960 Vkalendas
701 3887 913 3960 novembris.

236 4007 307 4080 Nos
333 4007 439 4102 igitur
467 4011 685 4086 attendentes
713 4011 811 4107 quod
838 4011 953 4086 dictus
983 4009 1158 4085 Gratiadei
1186 4008 1394 4083 venerabilis
1422 4009 1606 4105 episcopus

189 4129 291 4203 nobis
304 4140 339 4204 et
354 4132 500 4230 imperio
518 4157 655 4232 semper
669 4135 819 4212 devotus
831 4137 948 4210 extitit
965 4146 999 4210 et
1014 4135 1141 4227 fidelis,
1157 4134 1373 4209 attendentes
1385 4135 1489 4207 etiam
1508 4135 1605 4231 quod

189 4273 237 4326 ex
252 4255 383 4329 collatis
401 4257 447 4331 ab
462 4258 631 4356 imperiali
650 4259 885 4335 munificentia
902 4260 1080 4334 beneficiis
1099 4269 1169 4334 tam
1187 4260 1282 4334 idem
1298 4261 1482 4356 episcopus
1497 4283 1604 4356 quam

190 4384 225 4448 et
241 4398 457 4455 successores
481 4385 556 4477 ejus
578 4406 641 4481 per
664 4385 910 4481 obsequiorum
933 4385 1179 4480 gratitudinem
1206 4384 1306 4458 nobis
1332 4393 1368 4458 et
1394 4384 1540 4481 imperio
1560 4387 1606 4460 de

189 4501 282 4575 bono
312 4504 349 4576 in
375 4507 500 4582 melius
523 4518 685 4605 poterunt
710 4511 939 4606 complacere,
960 4510 1184 4607 privilegium
1202 4509 1317 4606 ipsum
1342 4519 1378 4583 et
1401 4511 1517 4585 omnia
1544 4535 1605 4585 su·

189 4629 382 4726 prescripta
407 4653 478 4728 que
504 4632 542 4706 in
570 4634 648 4731 ipso
680 4632 836 4708 uidimus
868 4634 1033 4706 contineri
1065 4634 1152 4724 sibi,
1183 4634 1439 4710 successoribus
1469 4637 1543 4709 suis
1568 4647 1604 4711 et

188 4751 388 4829 Pistoriensi
425 4759 570 4832 ecclesie
597 4760 634 4832 in
664 4768 872 4856 perpetuum
902 4757 1171 4851 confirmamus3
1203 4758 1444 4834 confirmantes
1478 4761 1603 4835 nibilo-

270 4879 312 4940 Π.
1410 4894 1446 4948 ot
