4368 5876
591 651 648 711 178
1086 652 1303 714 rurnnutct
1327 653 1502 717 silebunt
1812 656 1889 741 [ilus.
1908 660 1992 720 lust.

588 789 799 861 Hierusalem
827 810 922 860 anno
943 791 1116 880 seeundo,
1147 802 1182 862 et
1205 791 1302 885 regni
1327 791 1444 864 Sicilie
1473 792 1644 886 vigesimo
1667 803 1806 888 quarto,
1840 797 1992 869 feliciter.

588 913 699 986 Amen
718 915 747 988 tt
759 915 783 989 l.

441 1557 544 1642 ppo,
644 1523 850 1632 imperator
865 1523 1023 1606 caeteris
1038 1524 1086 1604 de
1109 1547 1228 1632 regno
1252 1523 1324 1607 sibi
1343 1523 1442 1606 colla
1460 1523 1712 1628 flectentibus,
1734 1552 1801 1636 per
1824 1527 1997 1634 Apuliam

492 1613 504 1638 ο
591 1669 627 1737 et
655 1657 870 1739 Calabriam
893 1657 963 1739 iter
984 1656 1132 1739 habens
1142 1655 1307 1740 feliciter
1324 1659 1363 1738 iu
1391 1658 1558 1742 Siciliam
1577 1659 1807 1742 transfretat.
1838 1660 1886 1742 Et
1907 1661 1998 1744 llas-

592 1817 707 1871 sanae
734 1816 868 1900 regens
895 1791 1040 1872 curiam
1066 1791 1280 1900 generalem
1306 1794 1506 1902 quasdem-
1522 1793 1574 1875 ibi
1603 1795 1733 1876 sisinii
1756 1793 1909 1876 assisias
1933 1795 1999 1877 ob-

593 1929 796 2008 servandus
828 1937 959 2009 contra
986 1926 1132 2010 lusores
1164 1928 1382 2012 taxillorum
1414 1939 1452 2011 et
1478 1929 1646 2012 alearum
1679 1955 1817 2012 nomen
1852 1929 1998 2012 Domini

593 2059 919 2169 blasphemantes,
942 2073 1073 2144 contra
1095 2063 1255 2144 ludaeos
1279 2073 1321 2145 ut
1342 2064 1381 2143 in
1405 2061 1615 2145 differentia
1631 2063 1791 2148 uestium
1812 2075 1849 2145 et
1868 2077 1998 2174 gesto-

593 2219 679 2276 rum
699 2223 721 2276 a
739 2196 953 2278 christianis
972 2196 1251 2301 discernantur,
1271 2205 1402 2280 contra
1427 2197 1639 2280 meretrices
1661 2206 1704 2280 ut
1725 2224 1813 2281 oum
1836 2197 1999 2279 honestis

595 2329 816 2412 mulieribus
840 2331 888 2412 ad
911 2329 1047 2412 balnea
1070 2357 1146 2414 uon
1172 2331 1352 2413 accedant
1374 2343 1412 2414 et
1429 2347 1471 2414 ut
1494 2357 1626 2414 earnm
1648 2331 1833 2415 habitatio
1856 2358 1932 2414 non
1956 2333 2001 2412 sit

595 2463 693 2542 iutra
716 2464 864 2544 moenia
887 2463 1105 2570 civitatum,
1130 2476 1262 2547 eontra
1280 2463 1510 2574 joculatores
1532 2464 1780 2576 obloquentes
1808 2477 1850 2547 ut
1874 2465 1940 2574 qui
1964 2466 1998 2544 iu

595 2597 765 2704 personis
792 2611 858 2678 aut
881 2598 994 2680 rebus
1012 2598 1099 2681 illos
1117 2598 1315 2681 offenderit
1331 2625 1463 2709 paoem
1487 2625 1564 2681 non
1584 2611 1756 2682 teneatur
1773 2599 1999 2708 imperialem

596 2731 814 2840 infringere.
838 2732 935 2813 Rrec.
960 2761 1003 2812 un
1023 2733 1062 2814 S.
1086 2735 1224 2840 uram,
1247 2735 1416 2817 chronic.
1439 2739 1489 2816 acl
1507 2763 1594 2816 unu.

1112 3047 1736 3064 »fflfi—-Q
1743 3049 1772 3056 -

472 3401 491 3480 q
508 3453 555 3490 m,
651 3367 678 3447 F
680 3367 881 3471 riderious,
900 3368 1160 3452 Romanorum
1179 3369 1398 3477 imperator,
1419 3366 1679 3448 lldibrandnm
1698 3366 1873 3448 comitem
1892 3366 2001 3474 pala-

454 3498 518 3536 Μ’
599 3503 720 3584 tinum
753 3503 801 3583 de
833 3503 991 3606 Tuscia,
1024 3504 1212 3586 civitatem
1244 3503 1327 3612 ejus
1359 3502 1524 3586 Grosseti
1551 3512 1587 3582 et
1619 3501 1808 3609 quosdam
1839 3501 2002 3612 ejusdem

600 3636 747 3718 comitis
764 3635 910 3740 fideles,
930 3665 1094 3746 quorum
1117 3637 1272 3722 nomina
1296 3638 1529 3737 inseruntur,
1545 3659 1785 3720 cumeorum
1803 3634 1914 3718 bonis
1933 3645 2005 3714 sta-

600 3769 741 3852 bilibus
754 3783 791 3853 et
805 3770 1009 3854 mobilibus
1027 3770 1100 3854 sub
1114 3772 1345 3880 protectione
1363 3797 1433 3853 sua
1451 3769 1601 3878 speciali
1617 3768 1762 3876 recipit,
1779 3770 1817 3850 in
1833 3769 2004 3850 demanio

601 3931 670 3987 suo
688 3906 841 4015 proprio
858 3917 895 3988 et
913 3908 1058 4014 imperii
1078 3907 1307 3989 retinendos.

607 4111 746 4120 ..-.-..-.-.
985 4112 1145 4120 ...---—
1366 4105 2002 4120 ......---—--·——----·----—-·-—--

639 4227 673 4300 (t)
683 4229 822 4300 ¹b'umems
834 4229 987 4287 indictionis
1001 4234 1029 4285 et
1047 4243 1178 4284 annorum
1194 4227 1297 4302 imperii
1311 4227 1454 4301 regnique,
1469 4241 1552 4299 quum
1569 4225 1666 4281 melius
1679 4239 1749 4280 anuo
1762 4221 2005 4286 liiiccnuenirat,

602 4327 702 4383 uotatic
713 4326 823 4400 insuper
836 4326 910 4398 regui
924 4325 1088 4383 Hierusalem
1099 4341 1169 4398 quae
1182 4340 1235 4383 uon
1247 4332 1310 4382 ante
1320 4341 1420 4382 annum
1433 4325 1502 4382 ⁴223
1516 4327 1658 4380 exeuntem
1672 4320 1782 4395 prodiit,
1798 4333 1895 4376 musae
1905 4318 2009 4376 luerunt

603 4424 673 4478 unde
683 4423 735 4480 hoo
746 4423 862 4497 diploma
872 4429 1027 4496 susperum
1038 4422 1283 4480 habuerithsrs
1293 4421 1464 4491 Mancinum
1479 4419 1578 4478 nm
1591 4417 1658 4486 nour
1668 4423 1780 4476 canuit
1788 4423 1862 4476 earu
1873 4415 2008 4472 iissre

603 4521 667 4590 fauo
682 4520 724 4576 del
738 4523 834 4588 Boreo,
849 4539 875 4592 p.
893 4525 955 4578 t98.
969 4523 1068 4578 Vocem
1083 4527 1172 4578 autem
1187 4521 1357 4578 Hierusalem
1370 4520 1498 4576 mendose
1512 4534 1562 4592 pro
1574 4516 1674 4576 Sicilia
1686 4515 1714 4572 in
1728 4515 1860 4588 impresso
1873 4512 2009 4586 irrepsisse

603 4618 694 4691 liquet.
713 4621 750 4675 De
769 4626 875 4676 raetmo
890 4635 973 4691 quum
989 4618 1194 4692 Sagittarieuses
1207 4619 1313 4676 chades
1331 4635 1364 4676 ex
1383 4616 1541 4692 negligentia
1554 4615 1747 4674 monachorum
1761 4613 1897 4686 dispersas
1916 4609 2010 4666 frustm

604 4719 705 4772 Laurus
714 4717 882 4789 requisiverit
895 4733 944 4773 seu
956 4716 1123 4774 oblitteratas
1131 4716 1271 4786 invenerit,
1281 4733 1335 4774 uon
1345 4715 1496 4773 mirandum
1507 4721 1549 4772 est
1560 4715 1582 4771 si
1595 4713 1672 4771 istam
1682 4712 1773 4769 minus
1784 4715 1913 4779 correcte,
1922 4707 2009 4764 iorsarr

606 4815 746 4887 quamdam
762 4815 863 4887 copiam
877 4823 1029 4888 corruptam
1045 4822 1172 4888 secutus,
1187 4815 1309 4872 ediderit.

2152 747 2153 802 l

2151 811 2153 854 l
