4436 5870
543 565 583 624 re
1047 567 1255 631 rnromucr
1283 569 1454 630 sncuunr
1768 567 1847 644 [rur.
1866 567 1950 628 rano

544 699 728 772 Anselmus
750 700 795 772 de
817 701 997 792 lustingen
1023 705 1272 798 marescalcus,
1298 707 1484 778 Wemerus
1507 701 1642 799 dapifer
1665 702 1711 776 dc
1732 701 1899 776 Bolandin
1920 713 1954 776 et

546 823 606 896 ulii
622 824 857 919 quamplures.

595 949 668 1040 Ego
688 947 865 1022 Conradns
888 949 950 1022 Dei
971 949 1078 1043 gratia
1101 951 1262 1025 Metensis
1287 963 1323 1025 et
1347 953 1517 1049 Spirensis
1541 951 1743 1048 episcopus,
1769 949 1955 1046 imperialis

547 1074 626 1146 aule
647 1073 882 1164 cancellarius,
899 1073 1121 1148 vicedomini
1137 1077 1333 1172 Engelbcrti
1347 1077 1409 1148 Dei
1430 1076 1540 1171 gratia
1553 1074 1764 1150 coloniensis
1780 1073 1953 1168 archiepi-

547 1199 643 1293 scopi
660 1207 695 1269 et
713 1199 816 1270 totins
832 1199 926 1271 ltalie
942 1200 1231 1274 archicancellarii
1248 1202 1446 1296 recognovi.

594 1321 679 1394 Acta
697 1331 777 1392 sunt
800 1321 864 1394 hec
884 1343 975 1394 anno
993 1323 1166 1398 dominice
1187 1325 1430 1398 incarnationis
1452 1323 1654 1414 M.CC.XX,
1675 1343 1794 1396 mense
1816 1323 1953 1395 decem·

546 1447 636 1536 bris,
658 1445 845 1519 indictione
868 1448 934 1536 IX,
955 1457 1120 1540 regnante
1138 1447 1300 1522 Fedcrico
1317 1451 1347 1521 ll
1371 1449 1433 1521 Dei
1452 1449 1562 1542 gratia
1581 1448 1805 1519 invictissimo
1826 1448 1954 1518 Roma-

548 1591 671 1642 norum
686 1572 902 1664 imperatore,
916 1593 1050 1666 semper
1064 1583 1212 1666 augusto
1224 1583 1259 1646 et
1276 1595 1358 1667 rege
1371 1574 1498 1664 Sicilie,
1515 1594 1607 1645 anno
1620 1573 1716 1664 regni
1732 1575 1807 1664 ejus
1821 1572 1857 1642 in
1871 1571 1953 1642 Ger·

548 1693 663 1764 mania
683 1694 777 1784 Vlll,
795 1693 930 1788 imperii
944 1716 1028 1768 vero
1050 1697 1082 1784 l,
1104 1698 1201 1791 regni
1225 1708 1341 1770 autem
1359 1697 1474 1770 Sicilie
1496 1697 1623 1786 XXIll,
1650 1695 1803 1768 feliciter.
1827 1693 1950 1767 Amen.

595 1817 721 1887 Datum
736 1817 770 1886 in
787 1817 906 1890 castris
922 1839 1029 1914 prope
1045 1820 1218 1907 Narniam,
1236 1843 1366 1912 mense,
1383 1820 1455 1910 die,
1473 1821 1662 1895 indictione
1678 1819 1855 1915 predictis.

399 2540 412 2592 ,¹
451 2540 501 2592 ψ
601 2469 827 2574 FridericuS,
846 2468 1106 2552 Romanorum
1134 2469 1353 2579 imperator,
1376 2467 1589 2574 Allienum,
1607 2469 1788 2552 Matteum
1807 2477 1845 2548 ct
1862 2465 1959 2548 The·

414 2594 428 2622 ¹¹
547 2603 706 2686 baldum
729 2602 777 2683 de
803 2611 932 2684 moute
954 2601 1076 2684 Acuto
1097 2627 1167 2710 pro
1191 2602 1309 2711 gratis
1330 2627 1462 2685 eorum
1487 2601 1647 2684 servitiis
1669 2628 1757 2683 cum
1785 2598 1895 2683 bonis
1923 2609 1960 2679 et

546 2733 849 2844 possessionibus
871 2734 1093 2815 eommdem
1111 2733 1150 2812 iu
1170 2733 1371 2841 specialem
1389 2759 1499 2816 suam
1514 2733 1785 2842 protectionem
1805 2730 1956 2838 recipit,

547 2849 734 2976 pluraque
764 2865 870 2946 addit
899 2865 1096 2974 privilegia
1125 2866 1267 2947 scilicet
1291 2866 1338 2948 de
1363 2867 1557 2947 armannis
1580 2876 1617 2948 et
1639 2863 1884 2970 Lombardis‚
1911 2861 1959 2943 de

549 3000 787 3082 immunitate
800 2998 978 3104 dationis,
997 2999 1045 3080 de
1060 2998 1143 3081 foro
1157 2999 1197 3079 in
1213 2999 1415 3082 Cartilione
1428 3000 1606 3105 tenendo,
1622 3008 1693 3082 etc.

630 3242 758 3320 (Edider.
775 3239 969 3315 emunim,
984 3242 1061 3302 Hirt.
1077 3239 1222 3323 peucolop.
1229 3241 1307 3321 sam.
1328 3241 1421 3315 Ture,
1438 3247 1462 3301 t.
1482 3241 1512 3312 1,
1528 3258 1558 3317 p.
1577 3249 1634 3301 219
1648 3245 1679 3299 et
1693 3246 1767 3312 221,
1784 3237 1838 3297 ubi
1851 3238 1959 3313 reperi·

665 3355 716 3409 tur
727 3349 874 3409 inclusum
886 3351 918 3408 ln
929 3351 1082 3426 privilegio
1095 3349 1224 3425 quodam
1238 3349 1335 3409 Caroli
1348 3349 1401 3422 IV,
1421 3348 1481 3410 det
1502 3347 1597 3419 Senis,
1613 3361 1683 3406 nnn.
1705 3353 1792 3417 1355,
1807 3343 1909 3404 indict.
1927 3351 1957 3415 7,

667 3465 771 3516 anon.
786 3455 1008 3530 mcii-Lm,
1021 3458 1146 3516 Motum.
1166 3455 1199 3518 S.
1215 3450 1319 3516 Ecclec.
1331 3451 1428 3528 ror,
1439 3461 1463 3515 t.
1474 3454 1501 3533 1,
1512 3471 1543 3530 p.
1555 3453 1640 3526 472.)

595 3668 780 3742 Federicus
803 3667 977 3742 sccundus
999 3668 1119 3742 divina
1147 3669 1286 3742 favente
1308 3666 1488 3741 clementia
1505 3667 1734 3738 Romanorum
1759 3663 1955 3756 imperator,

547 3813 682 3886 semper
701 3801 870 3883 augustus
889 3801 923 3863 et
942 3813 1005 3864 rex
1026 3791 1153 3865 Sicilie.
1176 3791 1364 3888 imperialis
1383 3789 1618 3862 munificentie
1639 3808 1742 3881 opera
1760 3787 1853 3858 circa
1876 3782 1959 3856 snb·

544 3919 653 4010 jectos
675 3915 842 3988 benevola
863 3924 897 3987 et
914 3916 1067 3988 maxime
1088 3914 1179 3988 circa
1201 3917 1276 3988 illos
1293 3915 1355 4009 qui
1372 3914 1492 3987 fideles
1511 3934 1573 4006 per
1592 3911 1842 4006 experientiam
1866 3929 1958 3980 corn·

546 4040 736 4137 probantur
750 4038 892 4111 extendi
907 4039 992 4110 solet
1005 4037 1051 4110 ad
1066 4059 1222 4128 munera,
1241 4039 1350 4131 utqui
1367 4037 1506 4109 inerunt
1523 4035 1643 4108 fideles
1661 4036 1697 4107 in
1711 4054 1828 4128 opere,
1839 4053 1958 4104 eorum

548 4163 635 4236 fides
650 4171 812 4258 appareat
825 4163 860 4232 in
876 4161 1077 4233 muneribus
1090 4162 1251 4254 gratiosa.
1270 4161 1354 4233 lnde
1368 4159 1529 4254 estquod
1543 4181 1607 4231 nos
1620 4157 1836 4231 attendentes
1855 4155 1960 4226 fidem

548 4297 583 4360 et
601 4287 821 4360 devotionem
844 4298 879 4359 et
903 4295 999 4380 grata
1020 4286 1158 4359 servitia
1176 4308 1246 4381 que
1259 4286 1438 4376 Albertus,
1464 4285 1611 4357 Mattens
1636 4292 1670 4356 et
1692 4280 1889 4353 Thebaldus
1916 4277 1960 4350 de

549 4413 765 4486 Monteacuto
787 4420 960 4482 eteorum
983 4411 1240 4506 predecessores
1262 4410 1428 4502 majestati
1457 4420 1572 4480 nostre
1598 4418 1633 4480 et
1657 4405 1784 4478 nostris
1805 4412 1959 4476 anteces-

548 4535 684 4606 soribus
707 4534 928 4628 prestiterunt
952 4544 988 4604 et
1008 4542 1168 4628 poterunt
1199 4535 1236 4605 in
1264 4541 1366 4607 antea
1388 4534 1571 4623 exhibere,
1601 4531 1679 4603 ideo
1703 4549 1763 4602 eos
1782 4537 1816 4600 et
1840 4545 1960 4598 eorum

550 4657 782 4752 possessiones
796 4668 830 4728 et
845 4658 935 4729 bona
948 4667 982 4729 et
994 4657 1150 4730 homines
1164 4667 1198 4729 et
1216 4659 1379 4731 universa
1395 4679 1465 4751 que
1477 4658 1523 4730 ad
1541 4656 1634 4751 ipsos
1647 4655 1817 4749 pertinent
1827 4651 1863 4722 in
1874 4671 1958 4745 spe·
2052 4689 2056 4694 -
