4272 5886
212 483 310 546 lsnror.
330 484 391 563 ln]
662 482 858 545 HISTORIA
883 474 1177 543 brutuitattcn,
1569 473 1630 534 5¹13

333 607 466 696 alcidem
480 616 665 690 documenti,
681 591 808 696 quornm
821 623 917 678 unum
929 616 1034 676 dotum
1047 611 1126 690 apud
1134 612 1274 672 Parmam
1282 611 1380 688 junio,
1389 609 1514 670 alterum
1528 615 1628 670 autem

334 726 413 785 noda
430 723 644 802 chronologicis
657 720 858 803 destltntum.)

261 912 387 984 Datum
403 911 500 1008 apud
517 913 687 999 Parmam,
706 912 815 984 XXVI
834 909 930 1001 maii,
946 909 1039 981 Xllll
1056 906 1256 981 indictione.

268 1511 497 1612 Friderieus,
532 1508 793 1592 Romanorum
825 1509 1045 1617 imperator,
1075 1505 1306 1614 emptionem
1338 1503 1451 1586 oflicii
1482 1500 1629 1611 dapife-
1737 1493 1784 1582 'a

213 1654 320 1727 ratus
333 1643 439 1754 quud
454 1642 651 1726 Comedus
670 1641 868 1751 episcopus
882 1641 1203 1724 Hildeshemensis
1217 1639 1266 1721 ab
1280 1639 1440 1721 Ernesto
1458 1637 1629 1720 ministe-

213 1765 299 1860 riali
331 1803 400 1860 suo
433 1777 483 1857 ad
513 1801 607 1858 usus
633 1775 812 1858 eeclesiae
843 1800 935 1857 snae
961 1800 1031 1883 pro
1063 1774 1231 1884 quadam
1262 1773 1446 1881 pecuniae
1476 1797 1628 1855 summa

213 1909 467 2021 comparavit,
488 1919 611 1992 raum
635 1907 750 1992 hebet
773 1919 811 1992 et
828 1907 1097 1992 inviolabiliter
1114 1908 1307 1992 observari
1324 1907 1518 2018 praecipit.

293 2151 382 2236 (nott.
397 2171 443 2232 ap.
459 2149 607 2233 (scano),
620 2149 690 2215 Cod.
705 2149 858 2233 diprlamnt.
872 2171 912 2214 aas
922 2155 1027 2212 lfosarr
1039 2147 1504 2234 Bronaaciaociqda'tacbnrqbchc
1516 2152 1629 2214 Stacta-

332 2258 438 2336 liecltt,
451 2277 480 2338 p.
496 2258 578 2340 ⁵¹1³.)

261 2478 464 2552 fredericus
479 2477 542 2551 Dei
562 2476 671 2572 gratie
685 2478 914 2550 Romanorum
931 2477 1129 2573 imperator,
1152 2497 1288 2573 semper
1304 2487 1485 2570 augustus,
1506 2475 1627 2549 lheru·

211 2604 317 2676 salem
332 2613 367 2675 et
382 2603 497 2676 Sicilie
507 2624 584 2675 rex.
600 2603 664 2674 Per
680 2623 820 2696 presens
834 2603 998 2696 scripturn
1012 2611 1131 2672 notum
1145 2602 1289 2673 facimus
1304 2602 1476 2675 universis
1489 2601 1625 2698 imperii

195 2703 318 2802 nostri
339 2727 501 2800 fidelibus
519 2737 588 2799 tam
606 2705 824 2823 presentibus
842 2749 947 2821 qnam
971 2727 1095 2799 futuris
1110 2727 1205 2822 qnod
1223 2727 1401 2800 Conradus
1420 2728 1627 2800 venerabilis

210 2852 504 2927 Hildensemensis
518 2851 716 2949 episcopus,
728 2851 875 2926 dilectus
887 2852 1047 2948 princeps
1059 2861 1187 2942 noster,
1198 2853 1300 2945 juxta
1313 2852 1625 2948 interpretationem

211 2977 415 3074 episcopalis
437 2977 588 3052 nominis
612 2977 757 3050 ecclesie
778 2999 841 3050 sue
867 2977 1030 3075 prodesse
1054 2977 1199 3074 cupiens
1222 2977 1279 3048 cui
1303 2987 1433 3073 preest,
1464 2977 1509 3051 ad
1536 2980 1628 3051 utili·

212 3111 316 3176 tatem
344 3103 488 3176 ecclesie
514 3124 578 3177 sue
606 3125 647 3177 ec
672 3123 911 3176 successorum
942 3125 1084 3174 suorum
1113 3101 1264 3174 officium
1294 3101 1505 3199 dapiferatus
1530 3105 1627 3200 qnod

211 3228 376 3300 Emestus
392 3227 623 3302 ministerialis
641 3230 718 3322 ejus
738 3228 774 3299 in
793 3227 938 3301 feudum
957 3228 1095 3300 tenebat
1110 3227 1155 3300 ab
1173 3227 1267 3323 ipso,
1287 3238 1502 3323 prouentum
1522 3230 1624 3324 quin·

209 3353 377 3450 quaginta
393 3353 518 3426 marcis
531 3353 664 3448 argenti
678 3363 712 3426 et
730 3352 869 3427 dnobus
883 3353 980 3426 libris
997 3352 1291 3426 Hildcnsemensis
1308 3363 1449 3442 ¹monete
1465 3353 1500 3425 io
1523 3355 1624 3427 certis

210 3476 404 3552 redditibus
425 3478 471 3551 ab
502 3479 624 3552 eodem
651 3479 795 3554 Ernesto
823 3480 967 3574 suisque
993 3477 1181 3551 heredibus
1206 3479 1439 3573 comparavit,
1470 3477 1622 3552 officium
1752 3541 1754 3546 ,

210 3599 421 3696 dapiferatus
452 3602 596 3698 predicti
621 3600 669 3677 ad
696 3605 880 3699 specialem
916 3603 1158 3699 proprietatem
1189 3605 1334 3677 ecclesie
1361 3626 1425 3676 sue
1457 3613 1623 3700 perpetuo

209 3726 418 3799 revocando.
435 3727 564 3798 Verum
582 3726 666 3820 quia
684 3748 747 3800 nos
764 3748 828 3823 pro
849 3726 980 3799 meritis
1002 3727 1158 3818 ejusdem
1179 3727 1333 3823 episcopi
1349 3749 1419 3822 qne
1442 3749 1568 3824 magna
1588 3739 1623 3803 et

209 3849 301 3924 clara
324 3859 405 3921 sunt
429 3849 466 3921 in
487 3861 673 3946 conspectu
692 3860 828 3941 nostro,
850 3851 1059 3946 profectibus
1082 3829 1226 3923 ecclesie
1244 3873 1308 3924 sue
1328 3861 1485 3924 tenemur
1508 3854 1620 3928 inten-

209 3972 311 4065 dere,
332 3975 540 4069 emptionem
565 3974 755 4070 predictam
780 3983 888 4048 ratam
912 3975 1100 4061 habentes,
1120 3974 1167 4048 ad
1190 3997 1276 4046 nsus
1300 3975 1456 4067 ejusdem
1478 3979 1621 4054 ecclesie

209 4116 285 4168 cem
306 4108 474 4194 perpetuo
501 4099 711 4195 precipimus
736 4097 978 4172 inviolabiliter
1004 4099 1201 4190 observari;
1228 4099 1429 4173 auctoritate
1454 4105 1621 4196 presentis

208 4221 324 4316 scripti
354 4220 497 4296 firmiter
527 4225 724 4297 inhibentes
747 4245 792 4297 nc
818 4223 911 4298 idem
937 4225 1121 4321 episcopus
1145 4224 1201 4297 vel
1230 4224 1355 4319 aliquis
1385 4247 1622 4302 successorum

207 4367 350 4419 suorum
374 4346 419 4420 de
451 4349 564 4422 officio
593 4350 806 4447 dapiferatus
832 4351 977 4446 predicti
1001 4351 1150 4445 aliquem
1179 4373 1334 4445 unquam
1364 4351 1542 4428 infeudare
1564 4358 1620 4430 vel

207 4463 321 4566 ipsum
338 4473 443 4547 modo
461 4475 579 4570 aliquo
598 4477 747 4550 alienare
764 4485 954 4573 presumat,
971 4475 1035 4548 sed
1053 4475 1143 4548 idem
1162 4476 1345 4571 episcopus
1358 4485 1395 4548 et
1408 4499 1623 4556 successores

207 4597 263 4670 sui
281 4598 327 4673 ad
343 4575 507 4672 bonorem
531 4611 566 4675 et
585 4601 807 4676 commodum
825 4601 969 4676 ecclesie
985 4622 1049 4674 sne
1067 4598 1164 4674 etad
1187 4623 1290 4672 nsum
1308 4601 1503 4696 specialiter
1518 4627 1621 4679 sunm
