4436 5870
276 547 372 610 lmrcr.
389 544 433 623 9.]
729 544 925 608 HISTORIA
948 540 1241 606 uletoutulcs
1650 540 1688 606 81

276 693 337 756 tue
356 678 611 775 magnificentie
632 679 771 767 litteris,
790 681 905 755 eidem
922 679 1089 754 cardinali
1111 701 1174 776 per
1192 678 1319 774 scripta
1333 685 1450 750 nostra
1469 676 1631 750 dedimus
1653 678 1688 750 in

277 806 449 880 mandatis
465 813 505 878 ut
519 804 568 878 ita
583 803 764 900 provideat
775 803 872 899 quod
889 805 1006 879 omnia
1024 805 1086 878 tibi
1099 803 1151 878 sio
1167 803 1398 878 exhibeantur
1419 801 1467 875 ad
1487 802 1630 897 plenum
1644 823 1689 876 nc

278 933 369 1004 ullus
384 930 492 1026 possit
504 929 654 1004 inveniri
669 931 843 1020 delectus,
864 941 924 1005 tue
946 930 1144 1006 celsitudini
1166 937 1393 1028 protestantes
1409 948 1474 1000 nos
1489 927 1558 1000 boc
1578 929 1690 1002 facere

277 1079 346 1132 uon
365 1079 413 1130 ex
426 1056 558 1147 debito,
574 1056 639 1132 sed
654 1078 700 1132 ex
714 1057 855 1153 speciali
870 1057 980 1154 gratis
994 1067 1030 1130 et
1044 1058 1176 1131 sincere
1193 1054 1386 1128 dilectionis
1401 1052 1538 1126 affectu.

325 1182 451 1254 Datum
466 1179 639 1272 Laterani,
657 1180 701 1252 111
717 1178 798 1254 idus
811 1179 1018 1272 decembris,
1033 1201 1125 1254 auno
1139 1177 1360 1277 pontificatus
1375 1177 1482 1250 nostri
1495 1177 1539 1250 V.

333 1822 524 1916 Honorius
532 1849 632 1932 popa
640 1823 799 1907 mandet
810 1822 989 1934 praelatis
1002 1849 1241 1936 perregnum
1251 1822 1471 1907 Arelatense
1479 1822 1692 1908 constitutis
1725 1843 1890 1944 ,Q

281 1965 325 2040 ut
355 1955 541 2040 cumbum
567 1967 759 2072 praestent
790 1966 828 2041 et
854 1955 1023 2040 levorem
1053 1957 1256 2041 Guillelmo
1282 1956 1495 2040 marchioni
1523 1957 1689 2042 Montis-

281 2089 430 2200 lcrreti,
445 2091 507 2175 oui
524 2090 736 2175 Fridericus
751 2089 1011 2176 Romanorum
1027 2091 1233 2202 imperator
1245 2117 1409 2206 regnum
1422 2091 1496 2177 boc
1511 2091 1693 2176 ordinau-

281 2225 376 2309 dum
393 2224 597 2329 commisit.

363 2463 482 2544 (loedb.
497 2481 536 2528 ex
546 2465 666 2544 liegest.
677 2464 790 2527 Honor.
802 2465 860 2545 111,
872 2481 943 2528 ann.
953 2465 993 2539 v,
1003 2468 1090 2543 epist.
1102 2473 1172 2540 229,
1186 2468 1220 2528 in
1231 2465 1352 2530 Collect.
1363 2463 1533 2528 dcloPorte
1545 2463 1587 2528 do
1603 2463 1695 2544 rtet,

401 2589 451 2651 cp.
466 2571 603 2637 Bibliotlc
619 2587 682 2652 reg.
700 2569 806 2653 Pulc)

331 2787 502 2860 Honorius
515 2787 713 2884 episcopus,
732 2808 855 2861 servus
879 2808 1058 2860 servorum
1072 2784 1155 2879 Dei,
1175 2783 1432 2859 venerabilibus
1450 2785 1613 2860 tratribus
1634 2808 1697 2859 ar-

283 2909 512 3008 chiepiscopis
537 2920 573 2984 et
595 2911 767 3008 episcopis
789 2933 831 2985 ac
854 2910 989 2985 dilectis
1015 2909 1096 2984 liliis
1118 2910 1197 2985 aliis
1225 2911 1448 2984 ecclesiarum
1473 2911 1612 3005 prelatis
1637 2933 1700 3008 per

281 3057 430 3130 regnum
445 3033 642 3110 Arelateuse
657 3035 863 3112 constitutis.
882 3034 1093 3110 Karissimus
1114 3035 1151 3107 in
1173 3033 1306 3108 Christo
1323 3033 1417 3107 lilius
1433 3044 1549 3111 nostor
1562 3035 1698 3110 Frede-

282 3160 376 3232 rious
394 3161 626 3232 Romanorum
651 3160 836 3256 imperator
857 3169 893 3234 et
917 3180 1054 3256 semper
1075 3167 1246 3251 augustus
1268 3167 1303 3234 et
1325 3180 1391 3232 rex
1416 3158 1530 3234 Sicilie
1551 3181 1697 3255 regnum

282 3283 480 3358 Arelatense
507 3284 632 3358 dilecto
659 3283 730 3358 filio
755 3283 864 3358 nobili
888 3285 965 3358 viro
991 3283 1174 3358 Guillelmo
1197 3284 1388 3357 marchioni
1413 3284 1541 3358 Montis
1569 3285 1697 3360 Ferrati

283 3409 454 3482 commisit
473 3407 554 3504 qui,
580 3409 672 3484 sicut
692 3429 807 3482 coram
829 3409 930 3482 nobis
951 3409 1133 3506 exposuit,
1155 3431 1303 3504 reguum
1328 3409 1445 3506 ipsum
1471 3408 1508 3482 in
1533 3408 1698 3486 fidelitate

283 3532 420 3630 imperii
438 3541 473 3606 et
486 3533 640 3608 Ecclesia
654 3533 841 3608 devotione
854 3533 1027 3608 desideret
1042 3533 1203 3608 solidare.
1216 3533 1302 3608 Cum
1316 3533 1423 3628 igitur
1436 3532 1529 3608 idem
1543 3535 1697 3612 marchio

283 3665 318 3730 ct
341 3658 576 3753 progenitores
599 3657 655 3732 sui
676 3680 815 3756 semper
832 3659 961 3732 luerint
978 3658 1046 3732 viri
1070 3657 1229 3733 catholici
1250 3666 1285 3730 et
1301 3657 1444 3730 ecclesie
1465 3657 1618 3734 Romans
1633 3660 1697 3734 de-

282 3782 376 3874 uoti,
401 3803 444 3856 ac
460 3805 524 3880 per
538 3783 606 3858 boo
622 3804 692 3858 uon
717 3784 845 3878 injuste
867 3803 1046 3880 speramus
1063 3782 1159 3877 quod
1182 3781 1361 3878 negotium
1375 3779 1457 3855 fidei
1475 3792 1644 3878 quantum
1658 3785 1695 3858 in

282 3906 359 4003 ipso
374 3906 479 3980 luerit
497 3927 699 4003 promovere
712 3906 879 3998 studebit,
898 3907 1115 3982 universitati
1137 3915 1255 3982 vestre
1276 3925 1338 4004 por
1357 3907 1545 4002 apostolica
1569 3908 1696 4006 scripta

283 4031 490 4106 mandamus
510 4039 682 4128 quatenus
700 4032 816 4106 eidem
834 4031 871 4108 id
892 4033 996 4125 juxta
1018 4040 1170 4106 vescam
1195 4029 1359 4106 fiduciam
1382 4031 1521 4106 facienti
1541 4043 1695 4131 prestare

282 4155 453 4231 studeatis
483 4157 683 4252 consilium,
706 4156 880 4232 auxilium
896 4164 932 4232 et
949 4157 1120 4250 levorem,
1140 4165 1244 4253 prout
1267 4155 1397 4252 negotii
1427 4156 1495 4229 sibi
1522 4157 1694 4240 commissi

281 4280 453 4376 promotio
466 4281 643 4354 videbitur
653 4281 840 4378 postulare.

330 4403 458 4478 Datum
474 4401 644 4492 laterani,
660 4404 779 4480 idibus
794 4404 999 4498 decembris,
1019 4425 1112 4480 anuo
1127 4403 1262 4500 quinto.

333 4526 372 4598 lu
388 4526 552 4614 eumdem
567 4527 713 4602 modum
730 4527 898 4624 scriptum
911 4536 1082 4626 estsuper
1097 4529 1164 4602 boc
1180 4528 1295 4602 Diensi
1314 4538 1349 4603 et
1368 4529 1598 4610 valentinensi
1615 4537 1694 4636 epi-

284 4649 413 4746 scopis,
427 4660 574 4749 excepto
587 4651 650 4728 ubi
663 4652 791 4728 dicitur
803 4655 1009 4728 meolati
1019 4654 1056 4728 in
1069 4654 1136 4730 ista
1149 4654 1277 4729 dicitur
1287 4655 1502 4748 [emoti.

385 4775 427 4838 11.
1271 4763 1280 4778 “
1324 4769 1329 4777 ’
1538 4795 1572 4852 rr
