4296 5898
558 583 621 649 218
1056 589 1268 655 valuerint
1294 591 1467 655 sscuuur
1778 597 1858 678 [Anu
1877 599 1959 662 1221.

643 723 805 798 (Memmi
821 725 937 787 alim.
948 725 1073 802 bunum,
1088 727 1193 789 war.
1206 727 1345 802 limans,
1355 727 1405 790 lib.
1421 729 1475 804 vl,
1490 729 1529 792 ad
1541 746 1612 794 nnn.
1627 735 1726 806 1221.)

608 911 733 986 Datum
751 913 927 1006 Panormi,
944 915 974 988 v
990 912 1069 987 idus
1086 913 1303 1004 novembris,
1320 913 1509 990 indictione
1525 917 1672 993 decima.

353 1653 529 1754 „spo-Q
610 1632 638 1714 F
639 1631 841 1740 riderieus,
861 1633 1120 1718 Romanorum
1142 1635 1363 1746 imperator,
1381 1635 1604 1721 officialibus
1622 1662 1689 1746 per
1706 1636 1956 1746 episcopatum

558 1763 697 1874 Aquini
711 1765 922 1849 constitutis
936 1768 1093 1850 mandat
1110 1795 1157 1850 ne
1176 1769 1363 1878 quasdam
1381 1769 1572 1852 libertates
1591 1769 1771 1881 Gregorio
1788 1769 1958 1878 episcopo

558 1899 738 2008 Aquinati
752 1909 790 1982 et
806 1899 982 1984 eeclesiae
994 1899 1077 2011 ejus
1095 1929 1119 1985 a
1137 1927 1177 1985 se
1194 1903 1277 2014 ipsc
1295 1929 1363 2012 per
1380 1901 1621 2014 privileff'nm
1639 1928 1752 1986 suum
1766 1927 1958 1986 concessas

556 2031 762 2143 infringere
779 2034 956 2117 audeant.

634 2275 752 2358 (lnedlt.
764 2278 797 2338 in
810 2277 924 2338 archiv.
935 2282 1063 2338 monast.
1073 2278 1184 2338 Montis
1197 2277 1309 2338 Cossini
1324 2277 1417 2338 ecod.
1434 2294 1563 2357 pergam.
1582 2287 1638 2340 tes
1650 2281 1814 2357 scripturae
1826 2290 1955 2348 merae,

672 2383 723 2446 iol.
739 2393 774 2446 ti
793 2401 890 2460 verso,
905 2391 935 2446 et
950 2382 1021 2447 God.
1036 2381 1186 2464 diplomat.
1200 2385 1475 2460 MSS.,1bld,tom.
1493 2386 1543 2459 V.)

601 2597 793 2672 Fridericns
815 2599 877 2671 Dei
893 2600 1003 2694 gratia
1020 2601 1252 2674 Romanorum
1273 2600 1469 2696 imperator,
1493 2621 1628 2696 semper
1647 2607 1817 2693 augustus
1837 2607 1870 2670 et
1894 2616 1955 2668 rex

552 2721 678 2812 Sicilie,
700 2723 872 2818 magistris
887 2722 1104 2817 justiciariis,
1122 2723 1338 2816 iusticiariis,
1356 2723 1570 2812 camerariis,
1593 2723 1795 2815 comitibus,
1816 2719 1957 2794 baroni-

552 2845 639 2937 bns,
667 2845 854 2937 militibus,
884 2848 1093 2937 castellanis,
1121 2847 1246 2920 balivis
1272 2869 1333 2943 per
1356 2847 1591 2944 episcopatum
1613 2846 1744 2940 Aquini
1769 2843 1957 2918 constitutis

552 2971 771 3064 presentibus
785 2980 820 3042 et
834 2971 970 3063 suturis,
993 2971 1153 3046 fidelibus
1165 2973 1256 3065 suis,
1272 2973 1417 3068 gratiam
1432 2994 1530 3046 snam
1544 2980 1579 3044 et
1591 2972 1716 3044 bonam
1732 2970 1951 3044 voluntatem.

551 3093 677 3166 Notum
693 3095 838 3167 iacimus
854 3093 1011 3168 fidelitati
1030 3107 1143 3170 vestre
1159 3097 1257 3192 qnod
1273 3118 1336 3170 nos
1351 3096 1397 3172 ad
1415 3097 1701 3195 supplicationem
1718 3091 1874 3188 Gregorii
1888 3114 1954 3166 ve-

553 3218 716 3291 nerabilis
733 3217 860 3314 Aquini
876 3219 1028 3317 episcopi
1046 3221 1216 3316 quasdam
1232 3221 1406 3294 libertates
1420 3221 1486 3294 sibi
1501 3230 1535 3293 et
1551 3219 1694 3292 ecclesie
1712 3239 1776 3290 sue
1794 3214 1953 3311 Aquinati

552 3344 598 3418 de
624 3355 739 3418 nostra
763 3345 874 3437 gratia
901 3347 1132 3427 concessimus
1156 3356 1189 3420 et
1212 3345 1342 3420 exinde
1366 3345 1432 3418 sibi
1457 3343 1676 3441 privilegium
1696 3341 1770 3414 fieri
1790 3340 1954 3433 jussimus

553 3468 660 3542 nostri
674 3468 775 3560 sigilli
789 3470 1013 3566 impressione
1026 3470 1221 3544 roboratum
1231 3468 1261 3566 (l
1270 3470 1296 3567 ).
1309 3471 1470 3544 volentes
1484 3469 1589 3564 igitur
1602 3465 1783 3565 privilegia
1796 3463 1954 3539 fidelibus

553 3596 677 3668 nostris
694 3616 714 3666 a
729 3595 830 3668 nobis
845 3595 980 3669 indulta
994 3597 1099 3669 robur
1113 3595 1282 3670 firmitatis
1294 3597 1441 3684 babere,
1457 3595 1612 3669 fidelitati
1627 3603 1738 3667 vestre
1751 3590 1954 3664 mandamns

553 3727 588 3792 st
601 3719 667 3791 sub
679 3741 767 3814 pena
779 3719 887 3814 gratie
901 3730 1014 3793 nostre
1032 3720 1240 3816 precipimus
1252 3719 1392 3792 firmiter
1406 3728 1577 3814 quatenns
1590 3718 1706 3788 nnllus
1720 3723 1873 3788 vestrum
1885 3713 1955 3809 pri·

552 3843 718 3938 vilegium
733 3843 861 3941 ipsum,
876 3843 964 3916 sicut
977 3844 1021 3918 de
1036 3855 1150 3919 nostra
1166 3845 1276 3940 gratia
1290 3843 1474 3936 confiditis,
1489 3843 1675 3938 infringere
1688 3838 1814 3914 audeat
1823 3839 1878 3912 vel
1892 3836 1954 3909 ali·

554 3977 726 4067 quatenns
742 3969 979 4044 contravenire
999 3980 1186 4068 presumat.
1209 3969 1245 4044 Si
1261 3971 1340 4066 quis
1360 3980 1474 4044 autem
1493 3977 1646 4041 vestrum
1670 3987 1757 4039 ausu
1779 3959 1955 4036 temerario

555 4196 1169 4208 mmmm—atomon·-
1173 4187 1948 4207 ..ι-ι-α-ι--κσαοι-..υιιο--ουφ-οι-οο--ι-ν-

553 4350 598 4409 ap.
615 4335 765 4405 Fanrnmr,
780 4333 904 4392 tionum.
922 4337 1054 4401 asama,
1073 4338 1094 4390 t.
1112 4333 1144 4403 V,
1161 4349 1190 4406 p.
1212 4333 1264 4390 rei
1281 4339 1477 4391 memoratum:
1496 4331 1597 4390 «Anno
1613 4332 1698 4401 riti,
1717 4327 1805 4384 martii
1822 4330 1855 4396 2,
1874 4323 1954 4382 indic-

555 4451 569 4486 »
584 4433 655 4491 tione
667 4435 709 4505 X,
729 4432 880 4490 incivitate
895 4431 995 4504 Pasari,
1008 4431 1132 4489 domnus
1143 4430 1300 4490 Gullielmus
1309 4431 1368 4505 (sic)
1386 4431 1420 4489 de
1437 4429 1532 4488 filliate
1543 4434 1663 4504 poterim
1679 4427 1822 4484 Ravennae
1836 4420 1954 4497 promisit

556 4549 570 4583 ι
584 4531 692 4588 domino
703 4529 852 4589 Gottilredo
865 4531 899 4588 de
915 4529 1057 4588 blandraia
1071 4529 1161 4587 comiti
1174 4529 1318 4588 liomanias
1331 4547 1361 4588 se
1372 4531 1521 4588 soluturum
1535 4529 1642 4586 nornine
1654 4521 1806 4583 communis
1818 4523 1954 4579 Ravennae

555 4646 570 4680 a
586 4631 637 4686 650
655 4628 738 4686 libras
750 4629 920 4686 Ravennates
933 4643 999 4702 quas
1012 4627 1049 4684 illi
1062 4628 1165 4685 solvere
1178 4627 1293 4686 debebat
1303 4643 1354 4702 pro
1367 4627 1436 4686 lacto
1451 4627 1546 4686 mortis
1559 4623 1662 4701 Ugclini
1675 4621 1811 4696 quondam
1824 4616 1951 4676 tuliani.»

591 4725 626 4800 (t)
644 4725 721 4796 Quod
733 4740 787 4784 nnn
796 4725 957 4797 invenimus,
968 4741 1055 4798 neque
1066 4741 1180 4798 usquam
1194 4725 1257 4784 alibi
1271 4732 1443 4784 memoratur.
