4292 5894
210 591 308 654 unta.
327 591 388 676 lt]
661 587 856 652 ttlsrottta
881 588 1177 654 praeambulos.

452 855 773 867 ...η--ο--κ--μ

266 1084 499 1192 fridericus,
528 1082 789 1168 Romanorum
820 1081 1045 1191 imperator,
1078 1079 1280 1166 confirmat
1308 1081 1420 1167 Petro
1454 1084 1631 1197 episcopo
1686 1092 1803 1191 10⁰ng

214 1218 440 1306 Massiliensi
455 1217 629 1301 chartam
643 1213 965 1326 dejurisdiatione
982 1226 1021 1299 et
1035 1215 1275 1300 libertatibus
1289 1217 1433 1301 mutuis
1447 1245 1537 1302 curn
1550 1247 1632 1304 rec·
1777 1212 1780 1217 ’

215 1355 362 1440 toribus
384 1363 422 1438 et
443 1351 586 1464 populo
608 1350 770 1434 civitatis
790 1350 1060 1434 ueeoomitalis
1074 1350 1319 1438 Massiliensis
1337 1351 1387 1436 ab
1400 1355 1535 1439 eodem
1552 1356 1633 1467 cpi-

217 1516 331 1602 scopo
344 1489 506 1596 factam,
521 1485 632 1598 cujus
649 1495 759 1570 tenor
770 1485 811 1567 in
825 1485 1023 1597 privilegio
1039 1485 1226 1596 imperiali
1244 1487 1522 1573 transcribitur.

297 1681 425 1764 (Inadlt.
444 1680 549 1744 saltem
561 1677 618 1742 sub
630 1677 686 1740 hac
700 1677 813 1753 torma,
829 1695 869 1738 ex
883 1677 996 1739 uebtv.
1011 1677 1149 1757 praefert.
1165 1679 1289 1754 Maesti,
1304 1679 1390 1741 biera
1402 1678 1474 1742 aad
1484 1679 1519 1742 de
1532 1678 1631 1744 taat-

334 1787 400 1866 aaa,
425 1788 479 1851 tol.
501 1797 515 1850 1
540 1803 641 1861 verso,
656 1785 707 1848 tol
732 1789 965 1846 arcete-verso.
986 1786 1219 1848 lustramentum
1240 1793 1341 1849 autem
1362 1789 1536 1851 concordiae
1557 1792 1634 1854 luter

336 1901 507 1978 episcopum
525 1913 564 1957 ex
585 1910 647 1957 una
668 1899 753 1973 parte
774 1899 805 1954 et
824 1898 953 1954 ractores
971 1893 1101 1955 ctutum
1123 1911 1162 1955 ex
1180 1893 1272 1956 altera
1292 1896 1383 1958 tultae
1402 1899 1547 1975 reperttur
1564 1915 1633 1961 eum

334 2010 415 2070 notls
426 2005 640 2084 mmnologlcts
651 2005 751 2065 mtnus
764 2007 894 2063 eomecta
905 2003 1052 2079 expressis
1064 2018 1114 2080 ap.
1130 2001 1222 2063 utar
1240 2008 1271 2064 et
1288 2004 1433 2066 Gurnnou
1441 2049 1451 2081 ,
1465 2004 1541 2068 aaa
1556 2003 1635 2070 det·

334 2108 532 2194 mataritae
543 2108 578 2171 dc
590 2105 742 2183 Marcella
757 2109 865 2186 t1,p.
882 2106 1096 2188 aaoatseqq.)

266 2280 305 2350 ln
326 2275 467 2349 nomine
485 2281 602 2346 sancte
624 2281 659 2345 et
681 2269 867 2346 individue
889 2269 1075 2343 Trinitatis.
1096 2269 1292 2344 Friden'cus
1313 2273 1490 2348 secundus
1514 2274 1634 2352 divina

219 2407 356 2480 favente
377 2399 558 2475 elementia
580 2400 814 2472 Romanorum
832 2395 1028 2493 imperator,
1050 2415 1186 2493 semper
1207 2407 1377 2491 augustus
1402 2409 1437 2472 et
1458 2423 1520 2474 rex
1540 2402 1635 2475 Sici-

218 2531 276 2604 lie.
306 2529 363 2602 Ex
383 2523 635 2602 consuetudine
660 2521 846 2620 imperialis
874 2521 1060 2594 clemencie
1088 2521 1310 2595 ecclesiarum
1335 2533 1372 2596 et
1395 2525 1546 2600 locorum
1572 2550 1633 2602 ve·

218 2654 424 2730 nerabilium
444 2652 522 2751 paci
546 2649 761 2724 intendimus
780 2657 814 2722 et
839 2647 950 2744 quieti
975 2656 1016 2720 ut
1038 2647 1229 2743 augustalis
1250 2649 1402 2745 potentie
1424 2654 1634 2727 communita

218 2778 370 2878 presidio
388 2787 457 2853 tam
479 2777 515 2850 in
534 2798 572 2850 se
585 2798 692 2871 quam
707 2773 743 2846 in
765 2773 872 2847 rebus
891 2781 926 2846 et
945 2770 1141 2846 tenimentis
1160 2793 1280 2847 eorum
1301 2782 1337 2845 et
1354 2773 1471 2870 quiete
1488 2799 1634 2872 presen-

219 2905 306 2978 tium
320 2912 354 2977 et
378 2902 560 2977 securitate
577 2902 613 2974 in
632 2910 809 2998 postorum
825 2899 1057 2996 pertruantur.
1078 2897 1164 2971 lude
1180 2899 1346 2994 estquod
1363 2908 1413 2993 tu,
1434 2901 1548 2995 Patre,
1568 2926 1636 2978 ve-

219 3028 384 3105 nerabilis
407 3026 632 3101 Massiliensis
651 3025 831 3122 episcope,
856 3023 981 3098 dilecte
1008 3021 1121 3096 tidelis
1146 3031 1279 3114 noster,
1303 3021 1352 3096 ad
1377 3033 1529 3128 nostram
1550 3051 1637 3124 pre-

220 3155 366 3230 sentiam
394 3153 540 3227 veniens
566 3153 720 3226 abactam
747 3149 938 3247 quamdam
967 3146 1014 3223 de
1038 3148 1279 3242 jurisdictione
1302 3158 1337 3222 et
1363 3148 1580 3225 libertatibus
1603 3162 1638 3226 et

221 3279 425 3355 trancbesiis
448 3301 471 3354 a
496 3277 688 3353 rectoribus
711 3285 746 3352 et
774 3299 796 3350 a
823 3275 952 3373 populo
981 3273 1130 3348 civitatis
1148 3275 1395 3350 vicecomitalia
1415 3275 1638 3352 Massiliensis

221 3405 284 3480 tibi
305 3412 340 3478 et
360 3403 506 3479 ecclesie
525 3402 731 3476 Massiliensi
753 3423 795 3475 ac
818 3401 1075 3475 successoribus
1095 3400 1166 3474 tuis
1186 3401 1312 3475 factam
1332 3410 1447 3478 nostre
1465 3403 1560 3478 curie
1582 3426 1640 3479 os·

222 3530 375 3623 tendisti,
397 3531 596 3628 supplicans
609 3527 787 3602 humiliter
802 3536 839 3600 et
860 3526 987 3601 devote
1003 3535 1042 3599 ut
1057 3526 1167 3623 ipsam
1188 3526 1342 3600 chartam
1360 3527 1563 3603 confirmare
1576 3528 1638 3602 tibi

221 3666 258 3731 et
281 3654 425 3729 ecclesie
448 3665 509 3728 tue
532 3655 569 3726 in
597 3663 804 3752 perpetuum
827 3653 873 3728 de
897 3661 1015 3726 nostra
1039 3650 1150 3748 gratia
1176 3650 1413 3745 dignaremur.
1441 3651 1511 3726 Nos
1535 3655 1642 3750 igitur

224 3779 492 3878 supplicationes
519 3789 596 3854 tuas
631 3789 798 3875 tanquam
823 3777 1031 3852 favorabiles
1067 3777 1154 3850 intra
1185 3775 1373 3851 sacrarium
1402 3777 1643 3853 exaudieionis

225 3917 339 3980 nostre
356 3905 543 4001 benignius
564 3904 803 3995 admittentes,
823 3900 1080 3976 considerantes
1097 3901 1200 3975 etiam
1219 3924 1341 3998 puram
1360 3901 1466 3976 tidem
1483 3913 1519 3978 et
1533 3904 1643 3980 devo·

225 4029 358 4104 cionem
389 4031 560 4105 sinceram
586 4051 692 4125 quam
716 4050 799 4125 erga
826 4029 1039 4123 majestatem
1069 4035 1279 4101 nostramet
1302 4027 1485 4125 imperium
1514 4029 1642 4105 babere

223 4155 439 4252 dignosceris
454 4154 674 4231 laudabiliter
693 4164 728 4230 et
748 4153 891 4246 devote,
914 4161 1042 4227 aarum
1064 4154 1232 4250 prefatam
1254 4152 1313 4225 bic
1334 4153 1574 4249 transpositam
1597 4155 1642 4230 de

225 4283 334 4357 verbo
349 4281 397 4356 acl
413 4280 559 4356 verbum
573 4302 654 4354 cum
667 4280 826 4376 originali
839 4279 1040 4375 diligentius
1052 4285 1300 4375 perscrutatam
1317 4278 1558 4374 approbantes,
1576 4280 1641 4355 tibi

222 4417 260 4482 et
276 4407 533 4483 successoribus
553 4407 623 4480 tuis
644 4415 680 4480 et
694 4407 735 4480 lt.
757 4405 810 4502 (t)
827 4403 1000 4503 preposito
1020 4414 1055 4478 et
1072 4403 1215 4478 ecclesie
1237 4401 1443 4479 Massiliensi
1461 4403 1498 4476 in
1515 4428 1641 4506 perpe-

226 4543 327 4607 tuum
341 4531 603 4624 confirmamus3
623 4534 724 4627 cujus
741 4539 837 4605 tenor
853 4530 933 4605 talis
948 4538 1023 4604 est:

263 4759 301 4836 p)
320 4760 428 4821 saitae
440 4759 734 4836 namtarum.
750 4759 813 4820 vta.
827 4759 896 4818 utra
908 4775 938 4834 p.
955 4762 1008 4820 aaa
1022 4765 1051 4818 u
1065 4761 1127 4818 aaa.
