4292 5894
208 569 304 627 lenior.
322 561 381 648 lh]
655 559 855 623 malonia
879 559 1173 626 olahouarlch
1558 559 1618 622 335

207 723 323 776 comes
339 697 511 772 Gelmnsis
531 696 649 770 devoti
668 697 812 770 affectus
831 706 866 769 et
884 695 1070 772 affectuose
1093 695 1291 772 devotionis
1309 693 1491 789 multiplici
1515 693 1615 766 exhi·

206 826 337 898 bitione
352 824 389 895 in
404 832 519 895 nostre
529 822 753 917 promotionis
768 819 914 894 exordio
931 830 1002 896 tam
1020 822 1172 918 preclara
1189 820 1257 892 sub
1273 839 1387 894 rarum
1403 827 1438 892 et
1453 827 1540 892 terre
1553 839 1618 890 sue

207 971 335 1043 magno
357 945 541 1044 dispendio
562 946 759 1019 celsitudini
778 957 894 1018 nostre
913 946 1132 1020 laudabiliter
1151 943 1322 1040 impendit
1337 943 1504 1038 obsequia
1520 941 1617 1038 qnod

105 1161 113 1170 ,
207 1095 287 1162 nos,
308 1094 373 1144 sna
386 1071 603 1144 considerata
619 1068 796 1157 fidelitate,
816 1069 854 1140 in
869 1071 1220 1166 recompensationem
1238 1069 1293 1142 sui
1309 1068 1440 1141 servitii
1457 1066 1559 1140 nobis
1577 1065 1619 1138 li·

105 1171 112 1182 ·
206 1198 366 1270 beraliter
390 1196 556 1288 exhibiti,
585 1196 631 1269 de
653 1196 796 1268 consilio
817 1204 852 1268 et
876 1217 1019 1268 assensn
1042 1195 1239 1292 principum
1261 1193 1397 1289 imperii
1419 1193 1616 1266 theloneum

208 1321 304 1416 quod
327 1331 397 1394 mm
420 1329 516 1416 pater
536 1341 622 1392 snus
642 1319 721 1392 Otto
740 1319 832 1392 bone
855 1319 1022 1392 memorie
1044 1340 1150 1413 quam
1173 1318 1249 1412 ipse
1267 1317 1364 1411 apud
1385 1315 1549 1389 Arnheim
1571 1316 1617 1389 ab

208 1445 352 1540 imperio
365 1445 527 1517 tenebant
543 1444 580 1516 in
594 1441 709 1533 feodo,
727 1444 962 1516 concessimus
979 1442 1093 1516 eidem
1113 1441 1160 1513 ad
1185 1442 1301 1514 villam
1321 1463 1391 1537 qne
1407 1441 1546 1514 Lobede
1561 1440 1616 1512 di-

210 1569 300 1642 citur
322 1569 549 1662 Traiectensis
571 1567 720 1640 diocesis
741 1567 1036 1658 transferendum,
1056 1575 1228 1660 quatenus
1251 1566 1325 1662 ipse
1343 1577 1377 1638 et
1399 1566 1454 1638 sui
1473 1564 1618 1639 heredes

209 1692 296 1765 illud
319 1693 356 1764 in
376 1693 498 1765 eadem
522 1693 606 1765 villa
630 1690 794 1764 Lobedha
813 1691 859 1764 ad
885 1690 1108 1765 commodum
1131 1701 1166 1763 et
1186 1690 1367 1763 utilitatem
1388 1710 1486 1762 suam
1507 1690 1619 1786 perci·

209 1816 307 1912 piant
326 1825 361 1888 et
377 1825 547 1914 perpetuo
563 1824 702 1889 teneant
717 1815 763 1887 ab
778 1815 924 1909 imperio
938 1816 1017 1908 jnre
1036 1814 1180 1906 leodali3
1199 1824 1237 1886 ut
1252 1823 1347 1888 tanto
1362 1813 1568 1909 propensius
1581 1813 1619 1886 in

210 1950 324 2012 nostra
342 1915 526 2013 devotione
551 1947 586 2011 et
610 1937 775 2013 fidelitate
798 1940 984 2031 fervescat,
1011 1949 1141 2034 quanto
1168 1941 1317 2033 amplius
1341 1960 1378 2013 se
1401 1940 1546 2013 senserit
1574 1939 1620 2012 de

209 2072 323 2136 nostre
338 2063 558 2136 sublimitatis
575 2063 686 2157 gratia
703 2062 885 2134 commoda
900 2063 1093 2158 percepisse
1113 2063 1273 2157 gratiora.
1295 2062 1365 2135 Nos
1383 2062 1489 2156 igitur
1506 2070 1620 2138 nostre

211 2185 462 2284 magnificentie
485 2189 741 2260 concessionem
762 2197 871 2260 ratam
892 2188 1074 2278 habentes,
1098 2187 1142 2261 de
1163 2187 1308 2261 consilio
1327 2206 1467 2282 quoque
1481 2178 1519 2259 'et
1535 2209 1618 2260 con·

210 2333 313 2384 sensu
330 2313 526 2408 principum
547 2311 682 2408 imperii
696 2313 812 2410 ‘ipsam
830 2311 1152 2408 confirmantes(l)‚
1174 2332 1314 2407 presens
1332 2311 1551 2406 privilegium
1572 2309 1618 2384 ad

210 2435 366 2528 ejusdem
386 2435 580 2509 firmitatem
598 2445 799 2532 perpetuam
818 2445 852 2508 et
869 2435 1078 2508 evidentiam
1101 2435 1175 2509 lieri
1197 2445 1230 2508 et
1247 2435 1341 2508 bulla
1361 2457 1466 2508 aurea
1484 2437 1618 2530 typario

210 2569 324 2633 nostre
350 2561 536 2652 majestatis
557 2561 724 2658 impressa
737 2561 906 2652 iussimus
921 2561 1142 2644 communiri;
1164 2569 1352 2632 statuentes
1369 2567 1403 2631 et
1418 2560 1618 2633 auctoritate

210 2686 376 2780 presentis
390 2685 561 2780 privilegii
585 2686 814 2780 precipientes
835 2684 979 2757 firmiter
1001 2708 1046 2757 ne
1067 2707 1137 2780 qua
1158 2685 1388 2760 ecelesiastica
1409 2665 1619 2758 secularisve

210 2829 355 2904 persona
369 2809 452 2882 hnic
466 2818 582 2882 nostro
600 2810 689 2882 iacto
703 2820 831 2882 temere
847 2810 1015 2882 contraire
1032 2819 1218 2905 presumat.
1241 2808 1342 2894 Quod
1356 2809 1418 2903 qui
1432 2810 1561 2901 lecerit,
1579 2811 1617 2881 in

210 2955 273 3005 sue
292 2933 490 3006 temeritatis
507 2932 697 3006 vindictam
717 2942 855 3006 centnm
872 2933 976 3006 libras
992 2935 1070 3028 puri
1088 2933 1164 3006 anri
1182 2943 1381 3028 componat,
1399 2932 1617 3006 medietatem

211 3076 344 3127 camere
357 3067 471 3127 nostre
487 3067 521 3128 et
536 3057 676 3129 alteram
694 3028 913 3129 medietatem
933 3057 1094 3150 injuriam
1111 3057 1221 3151 passis
1240 3057 1517 3152 persolvendam.

257 3179 367 3272 Hujus
383 3179 431 3251 rei
451 3189 554 3252 testes
570 3189 651 3252 sunt
672 3178 833 3252 Albertus
856 3180 1166 3275 Magdehnrgensis
1186 3181 1483 3276 archiepiscopus,
1507 3183 1619 3276 Euge·

209 3302 327 3376 lardus
342 3304 625 3399 Nueubnrgensis
642 3305 839 3400 episcopus,
857 3303 1025 3377 Henrions
1041 3306 1302 3378 Wormatiensis
1319 3307 1516 3401 episcopus,
1530 3307 1618 3379 Con·

208 3427 316 3499 radus
333 3428 662 3502 hildensheimensis
680 3429 881 3525 episcopus,
901 3427 1062 3502 Albertns
1078 3429 1301 3502 Tridentinus
1320 3431 1520 3526 episcopus,
1542 3431 1620 3502 Otto

208 3550 406 3644 propositus
434 3548 625 3646 Aquensis,
649 3551 829 3648 Dypoldns
851 3552 1012 3625 marchio·
1032 3552 1078 3624 de
1101 3551 1307 3646 Hoenbnrg,
1334 3553 1522 3626 Reiualdns
1545 3554 1620 3626 dux

209 3665 356 3770 Spoleti,
383 3675 577 3748 Bemardns
602 3675 647 3749 de
665 3677 858 3766 Hnrstmar,
881 3675 1057 3749 Arnoldus
1077 3677 1123 3750 de
1145 3675 1352 3774 Gymenich,
1376 3677 1553 3752 Conradns
1575 3676 1621 3752 de

209 3798 388 3872 Tremonia
402 3809 436 3872 et
451 3799 509 3874 alii
524 3802 760 3896 quamplures.

245 4201 281 4275 (l)
298 4201 359 4259 Vid.
373 4219 454 4277 supra
463 4219 491 4276 p.
504 4204 558 4262 tlh
571 4201 657 4260 simile
669 4201 848 4276 privilegium,
861 4202 954 4260 datum
966 4203 1037 4278 apud
1050 4204 1196 4276 Aquinum,
1212 4205 1289 4278 aprili
1302 4207 1381 4264 that.
1391 4206 1445 4262 lsta
1455 4211 1545 4263 tamen
1556 4221 1620 4265 oon·

209 4297 323 4356 firmatio
336 4315 391 4358 non
404 4301 474 4359 bene
487 4301 631 4359 concordat
648 4315 711 4356 cnm
730 4299 912 4374 prohibitione
933 4301 1050 4358 thelonei
1068 4303 1096 4358 in
1116 4303 1212 4360 eodem
1225 4301 1285 4360 loco
1302 4303 1376 4360 zaid.
1392 4317 1473 4376 supra
1485 4320 1513 4377 p.
1526 4305 1579 4361 290
1593 4308 1622 4361 et

208 4397 257 4454 29⁴
265 4397 359 4471 .anus
370 4397 440 4456 leodi
452 4397 652 4456 concessionem
663 4397 698 4455 de
712 4413 763 4456 sno
775 4403 804 4456 et
815 4403 981 4456 caeterorum
994 4399 1147 4474 principum
1159 4399 1270 4458 oonsilio
1283 4405 1368 4458 ratam
1379 4400 1528 4458 habendam
1539 4417 1621 4476 pecu·

208 4491 320 4552 liaribus
333 4511 441 4569 quoque
458 4497 514 4554 suis
530 4497 626 4554 litteris
644 4495 733 4554 testati
750 4501 816 4552 sont
835 4494 1011 4570 Engelbertns
1032 4497 1196 4555 Coloniensis
1214 4503 1242 4554 et
1259 4498 1438 4556 Theodericus
1451 4499 1621 4559 Treverensis

207 4591 418 4666 archiepiscopi,
434 4593 595 4651 Lndewinns
611 4593 666 4649 dux
683 4593 825 4664 Bamriae,
839 4594 903 4652 Otto
914 4609 1005 4652 comes
1018 4594 1154 4668 palatinus
1166 4595 1267 4665 Rheni,
1280 4597 1441 4654 Ludewicus
1454 4597 1622 4673 laudgravius

208 4688 369 4762 Thuringine
379 4695 407 4746 et
420 4705 510 4748 comes
522 4689 652 4748 saxoniae
661 4689 805 4763 palatinus.
820 4689 860 4748 Ci.
871 4693 1045 4763 mconnmr,
1057 4691 1117 4749 loco
1128 4692 1219 4764 citato,
1232 4691 1266 4763 11,
1283 4696 1327 4750 55.
