4298 5898
538 573 601 636 402
1044 581 1258 648 lllllllllllllll
1284 585 1454 648 sectant
1771 587 1851 674 [Au.
1872 591 1956 653 lm

540 719 657 785 noetm
675 711 850 790 Friderico
866 715 1021 793 mcundc
1035 719 1097 794 Dei
1115 723 1225 816 gretia
1240 722 1466 798 invictissimo
1485 727 1716 800 Romanorum
1734 726 1954 823 imperatore,

541 857 677 936 semper
695 849 844 934 augusto
865 851 901 915 et
916 865 1000 940 rege
1015 845 1150 938 Sicilie,
1167 869 1261 922 anno
1279 850 1422 924 Romani
1446 849 1583 950 imperii
1598 854 1675 948 ejus
1691 859 1835 948 quartem
1858 853 1955 948 regni

540 985 626 1038 vern
641 964 759 1040 Sicilie
774 967 943 1043 vicesimo
959 980 1072 1064 sexto,
1094 972 1248 1048 feliciter.
1270 971 1395 1049 Amen.

589 1091 714 1164 Datum
738 1092 916 1189 Gclhauie,
937 1117 1046 1190 anno,
1069 1119 1187 1174 mense
1202 1109 1239 1174 et
1258 1099 1449 1176 indictione
1465 1101 1675 1200 prescriptis.

776 1416 856 1423 ——-
862 1417 916 1424 ———-
922 1417 1081 1425 ---
1088 1419 1215 1428 -Q—a-
1224 1419 1596 1430 ιιι--ψῄ--υ--ι-α
1606 1421 1718 1430 -ι---ι

473 1741 483 1814 3
591 1689 827 1798 inidoneus,
862 1691 1124 1780 Romanorum
1154 1697 1378 1807 imperator,
1411 1695 1613 1782 confirmet
1642 1693 1953 1806 compositionem

537 1824 637 1908 inter
653 1825 791 1911 iratres
804 1828 1003 1938 hospitalis
1018 1829 1178 1913 Sanctae
1198 1831 1337 1915 Mariae
1350 1831 1670 1916 l'hcutonicorum
1683 1840 1720 1912 et
1735 1827 1951 1913 Conradum

537 1957 586 2042 de
600 1957 839 2071 Rieheuherg
853 1961 1148 2074 Conrudumque
1160 1963 1209 2045 de
1227 1963 1432 2048 Smidevclt
1448 1963 1639 2072 habilem,
1664 1962 1762 2046 sicut
1777 1961 1818 2044 in
1832 1959 1953 2070 priri-

538 2091 639 2204 legio
657 2091 809 2178 Henrici
826 2094 894 2178 filii
913 2097 972 2179 sui
991 2098 1253 2183 Romanorum
1266 2099 1368 2210 regis
1386 2099 1613 2182 continetur.

618 2312 737 2386 lInedlt.
749 2330 788 2374 ex
798 2314 934 2392 originali
947 2317 980 2374 ln
993 2315 1075 2376 arch.
1090 2315 1317 2396 Stuttgnrteusl,
1332 2317 1412 2378 uude
1424 2317 1535 2396 pendet
1547 2315 1834 2396 slglllumlntogrum
1846 2309 1950 2372 rubrae

654 2435 740 2480 ceree
752 2436 792 2480 ex
803 2418 861 2482 lllls
873 2423 974 2482 rerldu
987 2421 1057 2484 dari
1078 2424 1338 2502 umarunthlulque
1354 2425 1471 2486 culorls.
1490 2425 1640 2502 Scrlptmu
1659 2425 1760 2484 aulem
1772 2417 1948 2498 rplurdldls·

655 2529 731 2588 ulma
744 2533 830 2590 estet
841 2531 927 2606 quad
939 2530 1056 2590 nodter
1068 2536 1189 2591 murata
1206 2530 1349 2604 uldetur.)

581 2714 778 2788 innomine
799 2724 916 2787 sancte
943 2726 978 2788 et
997 2714 1181 2790 individue
1206 2717 1392 2791 Trinitatis.
1416 2715 1613 2790 Fridericua
1634 2711 1812 2787 secundus
1830 2709 1947 2784 diuina

533 2839 670 2914 invente
687 2839 868 2912 clementia
883 2841 1114 2914 Romanorum
1129 2841 1333 2936 imperator,
1349 2862 1486 2938 semper
1500 2849 1671 2932 augustus
1685 2846 1720 2912 et
1734 2859 1800 2911 rex
1820 2832 1944 2910 Sicilie.

532 2964 624 3036 luter
642 2963 710 3037 aliu
728 2964 863 3060 pictatis
880 2984 985 3060 opera
1007 2965 1137 3060 quibus
1156 2965 1344 3062 imperialis
1366 2965 1516 3062 dignitas
1536 2965 1680 3040 uberius
1697 2971 1887 3036 exornatur
1902 2961 1947 3033 li-

532 3087 694 3161 beralitas
712 3088 845 3184 optinet
861 3089 1112 3186 principatum,
1132 3090 1190 3163 illa
1213 3091 1377 3186 precipue
1395 3113 1465 3186 quc
1483 3089 1530 3165 ad
1551 3087 1773 3164 commodum
1792 3096 1828 3160 et
1851 3085 1948 3158 utili-

532 3221 638 3286 tatem
661 3214 814 3286 locorum
832 3214 1081 3288 venerabilium
1102 3225 1300 3308 exercetur3
1320 3238 1400 3289 nrm
1419 3217 1449 3288 ei
1470 3225 1644 3288 aterrenc
1666 3213 1825 3310 principe
1845 3211 1947 3307 purti-

532 3338 613 3412 cula
629 3335 750 3430 datur,
768 3337 861 3412 illius
875 3339 1071 3412 interventu
1088 3340 1149 3435 qui
1168 3339 1347 3415 affluenter
1363 3340 1483 3414 tibuit
1499 3339 1685 3428 universa,
1705 3335 1803 3432 quod
1823 3335 1886 3409 dut
1900 3334 1946 3407 ad

533 3485 613 3538 eum
630 3485 709 3536 cum
725 3463 842 3537 tencre
854 3463 963 3538 multo
977 3464 1173 3556 revertitur,
1188 3465 1353 3561 precipue
1364 3487 1445 3538 cum
1459 3487 1521 3562 per
1533 3463 1600 3537 lnce
1617 3461 1756 3535 videtur
1768 3459 1868 3556 quod
1884 3479 1946 3555 pro

533 3587 676 3661 terrenis
695 3598 813 3660 eterna
836 3587 981 3683 pmvida
1003 3587 1232 3663 meditacicne
1253 3598 1434 3662 mercetur.
1453 3588 1540 3661 Hinc
1556 3599 1610 3660 eet
1630 3587 1737 3680 igitur
1753 3583 1851 3680 quod
1869 3581 1946 3655 uui·

534 3713 644 3786 versis
661 3711 824 3786 fidelibus
838 3712 962 3785 nostris
978 3721 1049 3785 tam
1065 3714 1284 3809 presentibus
1296 3735 1401 3809 quam
1421 3712 1546 3785 suturis
1560 3713 1723 3784 volumus
1735 3729 1813 3782 esse
1825 3717 1944 3780 notum

533 3835 631 3933 quod
651 3837 733 3910 olim
759 3835 855 3910 Bodo
874 3835 919 3909 de
939 3836 1166 3930 llabeushurg
1194 3835 1307 3910 fidelis
1332 3847 1447 3910 nester
1473 3835 1641 3909 divinitus
1665 3833 1853 3929 inspiratus
1876 3851 1945 3904 una

533 3984 613 4036 cnm
641 3963 744 4036 fratre
764 3962 959 4034 Hermanno
980 3970 1180 4057 preceptore
1203 3962 1327 4035 domuc
1352 3961 1638 4035 Theotonicorum
1659 3959 1696 4031 in
1714 3957 1896 4031 Meuania
1913 3965 1945 4027 et

534 4090 636 4163 irutro
657 4087 804 4160 ilenrico
824 4085 869 4160 de
891 4085 1090 4160 lichanloch
1115 4087 1284 4161 accedens
1309 4087 1356 4162 ad
1378 4087 1534 4161 Ottonem
1557 4084 1792 4159 venerabilem
1813 4082 1944 4179 episce

532 4235 619 4312 pum
635 4210 934 4308 Herbipoleusem,
958 4209 1177 4306 presentibus
1199 4208 1361 4285 fidelibus
1383 4211 1507 4284 nostris
1529 4207 1756 4304 Tegenherdo
1778 4205 1943 4300 Herbipo

532 4338 638 4411 lenuis
654 4335 799 4410 ecclesie
814 4337 941 4429 majore
960 4335 1158 4428 scolastice,
1179 4335 1346 4431 lliepcldo
1359 4335 1557 4410 marchione
1571 4333 1617 4408 de
1630 4331 1814 4423 voborch,
1832 4329 1944 4404 Gode-

533 4461 622 4536 iride
643 4460 689 4535 de
709 4459 928 4548 Hoheuloch,
949 4459 1095 4533 ilenrico
1118 4460 1282 4555 magistro
1306 4461 1455 4558 cequine
1476 4469 1638 4556 olquam
1660 4457 1822 4554 pluribus
1843 4454 1938 4544 aliis,

533 4596 684 4662 castrum
701 4606 804 4658 suum
818 4585 854 4656 iu
868 4583 1059 4658 Werneclre
1072 4595 1107 4658 et
1124 4606 1261 4658 ornnem
1277 4608 1375 4659 suam
1390 4584 1633 4680 proprietatem
1653 4583 1867 4676 ubicumque
1883 4579 1943 4650 lra-

535 4713 611 4787 buit
622 4712 659 4783 in
673 4710 797 4802 vineis,
812 4709 913 4802 areis,
928 4709 1079 4804 paeonia,
1094 4710 1293 4783 nemoribus
1306 4722 1340 4783 ct
1352 4709 1550 4782 hominibus
1561 4729 1624 4804 per
1639 4728 1780 4780 manum
1787 4701 1941 4798 iamdicti
