4272 5886
533 491 594 554 588
1035 495 1249 560 intonatur
1275 497 1449 561 secutur
1496 553 1502 566 ,
1759 494 1841 574 [An.
1859 498 1944 562 iffi.

536 651 621 725 pus,
647 683 655 701 .
684 683 693 700 .
722 683 731 700 .
756 629 932 703 Brixensis
946 630 1094 722 electus,
1113 632 1260 708 Iacobus
1276 633 1516 722 Taurinonsis,
1532 631 1581 704 lt.
1598 631 1777 704 lmolensis
1792 643 1828 705 et
1853 687 1864 708 .
1891 688 1901 706 .
1931 690 1941 708 .

536 753 727 828 Bririensis
755 754 931 850 episcopi,
950 756 987 826 L.
1006 755 1232 851 landgravius
1254 757 1461 852 Thuringie‚
1487 755 1649 830 Albcrtns
1672 755 1750 830 dux
1773 759 1941 847 Saxonis,

535 879 724 952 Rainaldns
742 877 817 952 dux
837 879 987 974 Spoleti,
1003 881 1047 950 H.
1065 880 1227 974 magister
1244 881 1370 955 domus
1387 881 1676 956 Thentonicornm
1700 883 1825 954 Sancte
1840 883 1944 956 llarie

536 1005 573 1076 in
595 1003 826 1094 Hierusalem,
844 1001 934 1076 ezzo
956 1003 1110 1076 marchio
1126 1005 1297 1098 Estensis,
1316 1005 1437 1078 Comes
1452 1004 1494 1076 G.
1513 1003 1563 1102 (c)
1577 1005 1623 1078 do
1645 1005 1780 1080 Vienna
1796 1013 1833 1078 et
1845 1005 1961 1102 irater

535 1131 627 1224 ejus,
645 1149 761 1202 comes
779 1126 826 1200 de
842 1127 1077 1212 Qnevrebortc
1092 1136 1128 1201 et
1145 1129 1203 1202 alii
1219 1129 1456 1224 quamplures.

582 1253 726 1344 Signum
750 1252 884 1326 domini
907 1251 1070 1325 Friderici
1090 1251 1235 1326 secundi
1258 1253 1320 1326 Dei
1342 1252 1452 1350 gratia
1475 1251 1691 1326 invictissimi
1713 1253 1941 1326 Romanorum

533 1377 764 1474 imperatoris,
786 1398 922 1472 semper
939 1377 1097 1472 augusti,
1116 1377 1328 1450 Hierusalem
1344 1387 1379 1451 et
1398 1377 1513 1452 Sicilie
1529 1377 1634 1472 regis.

580 1504 667 1576 Acta
694 1512 776 1576 sunt
797 1502 862 1575 heo
887 1523 979 1576 anno
1005 1501 1178 1576 dominice
1205 1502 1452 1576 incarnationis
1473 1501 1686 1594 HCCXXVI,
1702 1522 1820 1574 manse
1843 1503 1939 1592 maii,

531 1629 609 1702 XIV
628 1627 837 1717 indictione,
867 1637 1033 1722 regnante
1059 1625 1200 1700 domino
1227 1638 1344 1700 nostro
1372 1626 1542 1701 friderico
1563 1627 1720 1702 secundo
1744 1627 1807 1699 Dei
1835 1628 1942 1722 gratia

532 1753 758 1827 invictissimo
780 1751 1011 1824 Romanorum
1034 1751 1257 1848 imperatore,
1274 1773 1410 1849 semper
1428 1761 1595 1848 angusto,
1612 1752 1825 1826 Hierusalem
1839 1761 1875 1826 ct
1890 1753 1943 1825 Si-

532 1878 610 1950 cilie
628 1898 731 1971 rege,
747 1898 839 1950 anno
861 1877 996 1972 imperii
1014 1875 1090 1968 ejus
1112 1885 1229 1969 serm,
1246 1877 1344 1972 regni
1363 1864 1576 1951 Hierusalem
1595 1877 1723 1972 primo,
1743 1876 1841 1972 regni
1862 1896 1942 1950 vero

531 2003 646 2076 Sicilie
664 2001 827 2094 XXVlll,
845 2001 1002 2074 feliciter.
1022 1999 1146 2074 Amen.

580 2129 667 2200 Data
683 2125 780 2222 apud
794 2127 971 2219 Parmam,
991 2146 1102 2219 anno,
1119 2146 1238 2200 mense
1256 2134 1291 2200 et
1307 2125 1497 2200 indictione
1512 2123 1722 2222 prescriptis.

763 2413 1707 2428 mma-amm*—

349 2670 475 2776 ffigff·
583 2656 612 2739 F
613 2657 821 2763 ridericns,
849 2655 1111 2739 Romanorum
1136 2654 1360 2764 imperator,
1388 2655 1700 2738 communitatem
1727 2655 1941 2738 astensium

379 2781 446 2823 aa..
530 2791 597 2899 qui
614 2791 878 2874 remissionem
902 2789 1128 2873 delictorum
1155 2789 1408 2899 implorarunt
1430 2798 1468 2872 et
1494 2789 1685 2872 mandatis
1712 2787 1793 2872 suis
1816 2813 1942 2898 parare

530 2935 705 3006 annuunt
720 2923 761 3005 in
775 2923 938 3033 gratiam
953 2947 1062 3005 snam
1077 2922 1469 3034 reducit,pocnasqne
1482 2922 1943 3032 etbannaineospropter

530 3057 828 3140 inobedientiam
845 3056 997 3165 prolata
1014 3066 1178 3140 revocat.

610 3267 784 3347 (Memorat.
798 3285 848 3347 ap.
864 3265 1002 3343 Hortus,
1021 3267 1121 3330 Nottr.
1137 3263 1259 3328 ctoriclta
1272 3261 1349 3328 della
1365 3261 1438 3328 atre
1450 3261 1557 3340 deest,
1572 3271 1594 3327 t.
1612 3265 1659 3340 11,
1673 3281 1706 3343 p.
1725 3273 1794 3338 tot,
1809 3281 1848 3326 cx
1861 3264 1940 3326 char-

649 3374 774 3450 talario,
790 3381 825 3435 ut
837 3375 954 3436 videtur
973 3377 1045 3434 annl
1062 3382 1155 3448 rtet,
1173 3373 1254 3452 qnod
1274 3389 1356 3436 nunc
1372 3376 1405 3434 ln
1420 3373 1602 3436 Blbllothcca
1619 3373 1825 3434 nnlvcrsltatls
1841 3372 1940 3434 Tauri-

652 3484 763 3557 nenats,
775 3487 902 3543 testame
911 3481 1108 3558 Bethmanno,
1122 3479 1316 3559 msematnr.)

581 3663 708 3734 Datum
727 3661 916 3736 incivitate
933 3663 1071 3756 Parme,
1088 3684 1181 3737 anno
1200 3662 1373 3738 dominice
1392 3661 1579 3738 nativitatis
1595 3661 1793 3736 Mccxxvr
1800 3717 1812 3755 ,
1829 3683 1941 3735 mense

534 3785 660 3880 madii,
680 3786 758 3860 XIV
776 3785 977 3862 indictione.

357 4347 473 4445 affl·
587 4323 778 4409 Honorius
798 4350 899 4434 papa
920 4324 950 4407 F
951 4325 1110 4410 riderico
1128 4325 1388 4410 Romanorum
1409 4319 1628 4433 imperatori
1649 4317 1819 4402 scribens
1836 4315 1943 4400 rehe-

352 4467 380 4502 '⁸
398 4455 481 4512 ,aaa
535 4467 681 4539 menter
707 4458 756 4540 de
782 4457 866 4567 ipso
887 4459 1134 4569 conqueritur
1155 4459 1261 4569 qnod
1281 4455 1491 4542 Ecclesiam
1516 4455 1730 4540 Romanam
1751 4447 1943 4534 diffamare

579 4616 620 4698 (θ)
641 4619 809 4698 negandum
822 4629 924 4683 autem
937 4623 969 4686 S.
990 4619 1154 4702 (Sisn'dcs).
