4272 5886
553 503 615 566 ala
1054 503 1270 564 salanum!
1298 503 1471 566 secabat
1795 505 1880 584 [dn.
1896 505 1973 566 1223.

557 639 610 714 sic
627 639 900 736 disposuerimus
915 640 1078 714 edomata
1092 639 1190 736 quod
1211 661 1332 713 eornm
1351 661 1443 736 pena
1458 640 1504 712 sit
1516 639 1594 712 aliis
1609 639 1657 714 ad
1669 643 1899 737 exemplum,
1913 644 1973 714 sin·
2080 610 2082 685 i

558 764 732 838 ceritatem
750 773 919 857 vestram,
936 766 1005 838 sub
1023 787 1065 839 aa
1085 787 1157 860 qua
1180 774 1338 838 tenemur
1361 765 1408 839 nd
1431 765 1582 840 invicem
1606 764 1914 856 confederatione,
1930 766 1973 839 ai-

559 893 711 964 leotnose
731 912 894 987 rogamus
913 891 1079 987 quatinus
1097 891 1238 988 prelatis
1257 891 1394 964 civibus
1417 900 1506 964 ternu
1525 899 1639 964 vestra
1656 900 1691 962 et
1710 891 1891 963 mronum
1906 911 1973 964 aa·

558 1025 688 1090 trorum
704 1016 838 1089 aditum
853 1017 1109 1112 praeludentes,
1127 1018 1240 1090 nullas
1252 1016 1382 1090 ibidem
1396 1017 1481 1114 ipsis
1494 1016 1705 1113 permictotis
1718 1015 1971 1089 commoditates

558 1139 708 1233 babore;
739 1141 952 1214 conductum
984 1142 1088 1216 etiam
1119 1150 1153 1214 et
1184 1140 1349 1214 ducatum
1375 1165 1437 1238 per
1464 1151 1571 1215 terras
1600 1150 1739 1214 vestras
1775 1139 1971 1212 subtrahatis

560 1266 709 1358 eisdem,
734 1289 799 1339 nec
819 1265 930 1339 donec
948 1265 1054 1362 digne
1069 1267 1296 1340 satisfecerint
1314 1265 1358 1340 de
1376 1265 1580 1357 commissis,
1605 1264 1813 1338 subsidium
1832 1271 1970 1336 vestrum

560 1391 715 1464 sanciant
738 1399 799 1464 ant
825 1392 996 1483 savorem,
1024 1400 1076 1464 sat
1098 1391 1187 1464 sicut
1210 1390 1255 1464 de
1278 1390 1466 1464 rebellibus
1489 1400 1523 1463 at
1548 1390 1699 1463 bannitis
1723 1389 1856 1464 vestris
1875 1390 1969 1460 iaaac

560 1537 624 1588 nos
644 1515 796 1606 velletis,
818 1515 869 1588 sic
887 1537 947 1590 cos
966 1537 1028 1612 pro
1046 1515 1199 1588 bannitis
1217 1515 1390 1590 nostriset
1407 1515 1666 1612 impariiteueri
1690 1515 1835 1588 faciatis
1852 1513 1887 1584 in
1907 1533 1968 1586 om·

561 1641 666 1713 nibus
687 1649 722 1712 et
741 1639 876 1713 haberi.

609 1769 735 1839 Datum
752 1765 871 1858 Tmie,
891 1765 949 1837 llll
969 1765 1128 1861 augusti,
1149 1765 1226 1838 Xlll
1245 1763 1445 1839 indictione.

788 2053 1757 2069 mm*—

397 2397 412 2429 ι
494 2415 500 2430 .
617 2305 853 2411 Fridericus,
884 2307 1145 2392 Romanorum
1174 2309 1400 2420 imperator,
1421 2310 1471 2394 ad
1489 2309 1809 2420 supplicationem
1825 2297 1960 2388 bana

564 2439 835 2551 archiepiscopi
853 2441 1113 2524 Panormitani
1136 2442 1239 2526 bona
1261 2443 1384 2528 Lucae
1406 2443 1633 2528 thesaurarii
1658 2443 1837 2552 ejusdem
1858 2432 1962 2518 cccle-

564 2573 643 2658 siae
660 2576 727 2684 qui
753 2601 832 2658 non
865 2575 1005 2685 scripto
1034 2585 1261 2662 testamento
1278 2577 1443 2686 obierat,
1462 2577 1512 2662 ad
1529 2577 1653 2686 ipsam
1670 2571 1960 2661 Panormitano

564 2708 762 2791 ecclesiam
779 2707 968 2818 pertinere
982 2709 1127 2792 statuit.

648 2920 816 3001 (Memorat.
831 2939 877 3000 ap.
891 2923 926 2984 R.
944 2921 1053 2998 Panno,
1069 2919 1150 2985 aust
1162 2941 1257 3000 ramo,
1271 2931 1296 2986 t.
1311 2926 1338 3000 1,
1353 2941 1384 3004 p.
1404 2934 1468 2988 ltt.
1480 2926 1580 3002 Quum
1591 2931 1691 2987 summ
1700 2925 1742 2985 ds
1755 2925 1812 2985 boe
1824 2916 1956 2996 diploma

687 3045 739 3090 seu
753 3029 964 3106 dlplomutlbua
977 3031 1061 3092 nulla
1073 3033 1153 3110 apud
1167 3032 1334 3113 Mongltorc
1347 3037 1458 3095 mentlc
1471 3035 1523 3110 slt,
1543 3033 1580 3094 de
1592 3035 1671 3095 notla
1683 3028 1890 3108 chronologicis
1898 3015 1955 3082 ”iffi

690 3140 802 3197 mum
815 3137 1005 3218 accepimus.)

618 3297 743 3369 Datum
749 3351 1005 3370 .......
1020 3352 1030 3390 ,
1056 3321 1148 3372 anno
1174 3300 1349 3375 dominice
1371 3301 1614 3376 incarnationis
1636 3300 1834 3392 btccxxv,
1860 3306 1952 3368 meust

570 3429 732 3515 augusto.

1376 3623 1771 3636 *tn—mm

399 3883 509 3940 {tusum
628 3867 735 3950 Tunc
760 3866 967 3975 imperator
992 3868 1072 3977 ipse
1098 3869 1334 3980 principibus
1357 3871 1624 3979 Alamanniae,
1652 3871 1834 3975 ducibus,
1859 3855 1950 3946 mini
2079 3844 2080 3847 i

405 3940 509 3992 cirula]

573 4002 677 4086 tibus
703 4011 741 4086 et
765 4002 1015 4111 potestatibus
1042 4003 1293 4089 Lombardiae
1318 4031 1387 4115 per
1413 4033 1502 4090 suas
1525 4007 1683 4090 mandat
1708 4007 1846 4091 litteras
1867 4005 1900 4081 ot
1919 3990 1947 4071 1'11
2079 4030 2081 4078 x

576 4135 706 4219 futuro
737 4136 884 4219 Pascha
914 4136 1213 4220 Resurrectionis
1239 4137 1391 4221 Domini
1424 4141 1526 4249 apud
1558 4141 1786 4224 Cremonam
1814 4134 1858 4220 ad
1882 4144 1948 4211 tum

576 4270 777 4355 convenire
794 4270 987 4355 deberent.
1009 4271 1108 4357 Ihm.
1131 4299 1176 4354 nn
1196 4271 1236 4356 S.
1260 4275 1398 4382 Genu,
1420 4275 1591 4360 chronio.
1611 4281 1663 4358 od
1680 4305 1770 4358 ann.
