4272 5886
555 497 618 560 550
1058 498 1278 560 salumn!
1302 499 1479 562 millib!
1778 501 1860 581 [baa
1878 502 1963 564 ln

607 634 646 706 ln
659 633 800 704 nomine
812 635 1170 709 sancteetindividue
1178 637 1366 710 Trinitatis.
1380 639 1504 710 dmm.
1516 637 1718 712 Fredflitars
1728 639 1906 710 medus
1915 639 1965 711 di·

558 759 1965 858 umtevmeeemenrieltomnorumimpeeroe,eenperugmms,thmeer

555 893 592 954 et
606 883 723 956 Sicilie
738 905 815 955 rex.
830 883 886 956 Ad
901 884 967 956 boc
979 887 1072 958 Dens
1087 887 1271 980 imperium
1287 897 1442 960 nostrum
1457 909 1521 983 pre
1536 887 1677 980 regibus
1689 887 1784 960 orb'm
1802 897 1894 959 terre
1907 910 1965 960 er·

557 1007 664 1080 blime
688 1007 867 1080 constituit
885 1019 921 1080 et
944 1029 1008 1104 pa
1031 1009 1171 1082 diversa
1195 1012 1317 1085 mundi
1342 1011 1480 1084 elirrmta
1505 1011 1647 1084 ditionis
1668 1021 1783 1084 nodie
1805 1013 1967 1089 tarnim

556 1133 749 1228 ampliavit,
770 1144 809 1205 ut
826 1132 872 1206 ad
889 1133 1179 1228 magnificandum
1202 1135 1239 1207 in
1258 1134 1387 1208 seculis
1405 1157 1532 1210 nomeu
1553 1136 1631 1227 ejus
1645 1143 1682 1207 et
1697 1133 1805 1207 lidcm
1826 1137 1865 1206 iu
1884 1157 1967 1230 gun-

556 1257 651 1328 tibus
666 1255 943 1352 propagandam,
960 1268 1065 1354 prout
1082 1257 1128 1330 ad
1145 1257 1416 1354 predicationmr
1427 1259 1608 1352 Evangelii
1621 1281 1758 1332 eaerum
1776 1261 1966 1332 Romanurn

556 1383 741 1478 imperium
762 1383 972 1477 preparavit,
998 1382 1241 1456 sollicitudinis
1262 1393 1378 1456 nosne
1401 1405 1485 1456 mura
1502 1393 1677 1468 verestm;
1698 1393 1738 1455 ut
1761 1405 1835 1456 non
1855 1384 1967 1455 minus

556 1507 605 1581 ad
621 1507 879 1601 depressionem
895 1529 1001 1602 qnam
1018 1507 1064 1580 ad
1081 1509 1343 1581 conversionem
1357 1508 1514 1600 gentium
1529 1507 1763 1600 intendamus,
1781 1507 1877 1578 illius
1892 1528 1966 1602 pro

554 1632 702 1704 visionis
729 1631 874 1724 gratiam
901 1617 1122 1726 indulgentes
1145 1655 1207 1730 per
1234 1655 1342 1727 quarn
1368 1633 1435 1704 viri
1464 1633 1622 1705 ealboliei
1650 1653 1714 1728 pro
1738 1630 1966 1724 subjugandis

555 1757 713 1832 barbaris
733 1757 933 1830 nationibus
949 1767 986 1829 et
1003 1756 1126 1832 divino
1146 1759 1256 1830 cultui
1277 1757 1505 1830 relmmandie
1521 1759 1719 1830 instantiam
1741 1756 1900 1830 diuturni
1921 1757 1965 1828 la·

556 1881 651 1954 boris
675 1890 853 1951 assumant
869 1889 905 1952 et
925 1891 995 1952 tam
1017 1903 1073 1954 rm
1094 1903 1199 1974 quam
1223 1901 1388 1976 poesonas
1411 1879 1648 1954 indeficienter
1668 1891 1860 1976 exponant.
1884 1880 1965 1951 Hinc

557 2005 720 2101 estquod
742 2005 911 2101 presentis
931 2006 1048 2099 scripti
1070 2005 1159 2080 serie
1176 2017 1296 2079 notum
1313 2005 1387 2079 lieri
1412 2007 1574 2080 volumus
1590 2005 1768 2078 modernis
1785 2006 1922 2100 imperii
1935 2015 1965 2076 et

556 2131 703 2228 posteds
732 2131 903 2202 universis
920 2131 1069 2224 qualiter
1092 2132 1196 2204 irater
1219 2133 1437 2204 Hermannus
1460 2131 1669 2204 venerabilis
1687 2129 1854 2223 magister
1875 2153 1965 2202 sacre

556 2255 684 2330 domus
707 2253 887 2350 hospitalis
909 2257 1034 2328 Sancte
1058 2256 1165 2328 llario
1183 2255 1395 2328 Tbeutoniee
1419 2254 1456 2328 in
1480 2255 1681 2343 tenerem,
1707 2253 1821 2326 fidelis
1841 2263 1961 2336 noster,

556 2379 719 2454 devotam
741 2379 796 2452 eui
819 2379 926 2452 animi
943 2380 1157 2452 voluntatem
1179 2380 1363 2452 reserando
1381 2379 1598 2474 proposuerit
1617 2400 1733 2452 eoram
1754 2379 1860 2451 nobis
1874 2380 1962 2473 quod

556 2505 705 2580 devotus
733 2513 850 2576 noster
871 2502 1050 2576 Comedus
1074 2502 1151 2575 dux
1178 2505 1333 2576 llasovie
1358 2514 1394 2577 et
1421 2503 1575 2598 Cuynvie
1600 2501 1754 2599 promisit
1785 2513 1821 2575 et
1846 2504 1964 2575 obtulit

555 2629 741 2728 providere
763 2629 830 2702 sibi
849 2639 884 2702 et
903 2629 1065 2701 iratribus
1083 2628 1235 2702 deterre
1254 2650 1325 2722 que
1345 2637 1490 2700 vooatm
1506 2627 1645 2700 Colmffl
1664 2637 1699 2700 et
1718 2627 1754 2697 in
1771 2627 1844 2700 alia
1858 2637 1958 2714 terra,

555 2757 645 2828 iuter
668 2755 857 2828 marchiam
887 2775 987 2828 suam
1013 2753 1177 2826 videlieet
1197 2763 1233 2826 et
1259 2752 1408 2827 confinia
1430 2753 1677 2844 Prutenorum3
1701 2753 1748 2825 ita
1765 2753 1908 2846 quidem
1927 2765 1963 2823 ut

554 2881 707 2953 laborem
735 2887 950 2952 assumerent
978 2887 1014 2950 et
1037 2878 1231 2951 insisteent
1253 2888 1423 2974 oportune
1445 2876 1493 2950 ad
1523 2875 1787 2972 ingrediendam
1816 2887 1853 2949 et
1874 2877 1964 2949 obti-

437 3011 442 3020 '
555 3006 707 3079 nendum
727 3015 852 3078 terram
869 3003 1007 3076 Proseis
1028 3003 1077 3077 ad
1095 3004 1263 3077 hunorm
1287 3013 1323 3076 et
1346 3003 1492 3097 glouam
1513 3003 1590 3077 veri
1613 3002 1694 3094 θοῆς
1719 3023 1827 3096 quam
1853 3003 1964 3097 provi-

556 3129 689 3202 sionem
717 3129 888 3223 recepisse
910 3129 1089 3201 distulerat
1110 3139 1146 3200 et
1170 3127 1412 3202 celsitudinmr
1435 3136 1587 3202 noemam
1616 3127 1819 3222 suppliciter
1841 3127 1963 3221 implo-

554 3254 665 3328 rabat.
683 3253 785 3340 Quod
803 3253 832 3326 si
851 3254 1073 3347 dignaremur
1091 3273 1246 3326 annuere
1260 3253 1354 3326 votis
1366 3254 1441 3326 suis
1460 3263 1500 3326 ut
1515 3252 1716 3326 emoriente
1733 3261 1850 3325 uostm
1863 3253 1963 3324 fretus

554 3379 722 3476 inciperet
735 3379 878 3473 aggredi
899 3388 934 3450 et
948 3379 1112 3475 prosequi
1130 3387 1262 3450 tentum
1282 3400 1372 3474 opus
1385 3388 1423 3452 et
1439 3388 1477 3452 ut
1493 3387 1610 3450 nostra
1628 3377 1748 3449 sibiet
1768 3376 1887 3450 domui
1905 3397 1962 3448 sue

553 3503 758 3578 concederet
770 3515 806 3576 et
824 3501 1043 3576 confirmaret
1062 3503 1228 3576 serenitas
1245 3513 1317 3576 tam
1337 3513 1465 3578 terram
1481 3525 1588 3598 quam
1606 3499 1783 3598 predictus
1807 3499 1883 3574 dux
1900 3501 1962 3574 do-

553 3650 638 3700 uaro
656 3627 782 3700 debeat
803 3649 909 3722 quarn
931 3636 1038 3700 totam
1060 3639 1270 3722 terramque
1287 3627 1324 3699 in
1346 3627 1504 3723 partibus
1524 3626 1661 3698 Prussie
1679 3645 1742 3722 per
1762 3645 1884 3698 eorum
1907 3623 1962 3696 in·

551 3753 713 3828 stantiam
730 3753 832 3824 luerit
848 3752 1029 3846 aequisita,
1055 3761 1089 3824 et
1107 3753 1251 3848 insuper
1268 3751 1411 3826 domum
1431 3773 1533 3826 suem
1550 3749 1842 3836 immunitatibus,
1861 3749 1961 3820 liber-

554 3878 682 3951 tatibus
711 3885 747 3950 et
770 3877 848 3949 aliis
871 3876 1152 3949 concessionibus
1178 3899 1267 3972 quas
1290 3874 1337 3949 de
1359 3876 1452 3949 dono
1478 3887 1566 3950 terre
1588 3875 1690 3948 ducis
1711 3873 1900 3970 prelatiet
1922 3872 1962 3945 de

552 3983 690 4074 Proseis
706 4000 959 4095 conquisitione
979 4001 1138 4096 petebat,
1158 4011 1274 4073 nostre
1287 4000 1524 4074 munificentie
1540 3999 1724 4096 privilegio
1739 3998 1958 4088 muniremus,

551 4127 627 4222 ipse
643 4126 796 4199 oblatum
817 4124 948 4197 donum
971 4125 1139 4220 reciperet
1161 4124 1245 4197 dieti
1272 4125 1372 4198 ducis
1391 4134 1428 4197 et
1453 4125 1501 4198 ad
1524 4125 1719 4220 ingressum
1736 4132 1772 4196 et
1788 4120 1961 4217 conquisi-

551 4251 678 4322 tionem
697 4257 787 4321 terre
811 4247 984 4320 coutinuis
1011 4257 1046 4321 et
1071 4245 1254 4320 indelessie
1279 4248 1456 4321 laboribus
1470 4248 1561 4321 bona
1584 4247 1709 4320 domus
1729 4252 1919 4340 exponeret
1932 4249 1961 4314 et

552 4396 728 4468 personas.
759 4373 828 4446 Nos
854 4371 960 4468 igitur
986 4371 1201 4445 attendentes
1229 4385 1421 4469 promptam
1449 4382 1486 4447 et
1520 4373 1716 4469 expositam
1750 4370 1958 4444 devotionem

551 4497 708 4586 ejusdem
725 4497 880 4590 magistri
903 4519 973 4590 qua
994 4517 1057 4591 pro
1077 4505 1167 4568 terra
1188 4499 1261 4590 ipsa
1284 4519 1349 4570 sue
1373 4495 1495 4570 domui
1513 4495 1726 4592 acquirenda
1742 4497 1914 4568 ferventer
1928 4491 1958 4561 iu

550 4619 697 4691 Domino
713 4620 889 4712 estuabat,
910 4629 946 4692 et
959 4619 1056 4714 quod
1072 4631 1162 4692 terra
1178 4619 1255 4717 ipsa
1268 4621 1337 4692 sub
1352 4621 1550 4694 monarchia
1565 4619 1700 4716 imperii
1717 4628 1771 4692 est
1786 4629 1953 4696 warenn.
