4368 5876
1035 491 1248 553 aaronem!
1273 490 1447 552 sacuam
1753 487 1836 568 [nm.
1856 487 1945 551 1223.

771 782 984 792 ν--ο--αιι--ω-
991 785 1553 794 -—--——-—------—-—---.—-—
1560 785 1620 792 ἡ..
1627 786 1651 792 -
1658 785 1714 794 --ιιι

356 1065 361 1076 ·
422 1039 488 1081 ”²¹⁰¹
587 1039 615 1121 F
615 1041 816 1150 ridericus,
837 1044 1095 1130 Romanorum
1115 1048 1334 1156 imperator,
1355 1048 1503 1132 Hectori
1527 1048 1654 1131 abbati
1676 1043 1834 1133 Sanctae
1852 1050 1942 1133 Ma-

532 1175 610 1257 riae
628 1176 676 1258 de
694 1177 866 1262 Piccieno
885 1179 1082 1291 privilegia
1100 1181 1216 1292 hujus
1234 1183 1410 1265 ecclesiae
1424 1183 1637 1267 confirmat.

614 1391 782 1472 (Memorat.
799 1413 848 1473 ap.
864 1397 1036 1478 Anrmom,
1051 1397 1171 1458 Memor.
1185 1395 1260 1480 depl'
1273 1396 1420 1475 Abrozzr',
1436 1405 1459 1460 t.
1475 1400 1522 1474 11,
1540 1405 1602 1476 92.)

580 1581 720 1682 [Datum
725 1639 1095 1658 ..........
1109 1642 1119 1678 ,
1150 1609 1242 1660 anno
1274 1587 1446 1662 dominice
1476 1590 1719 1664 incarnationis
1750 1591 1935 1684 MCCXXI,

530 1728 649 1782 mense
669 1711 769 1801 maii,
791 1710 979 1784 indictione
996 1709 1073 1810 ln]

764 2025 1707 2042 omnm—m---ua

387 2382 425 2423 m,
438 2337 476 2424 έν
581 2321 815 2426 Fridericus,
840 2322 1098 2405 Romanorum
1125 2328 1345 2430 imperator,
1368 2320 1575 2404 Gotteirido
1596 2324 1725 2405 comiti
1749 2325 1797 2406 de
1814 2324 1936 2406 Blen-

528 2457 638 2538 drato
664 2456 800 2538 dilecto
827 2455 929 2538 fideli
953 2482 1023 2539 suo
1045 2456 1218 2538 concedit
1240 2465 1277 2538 et
1300 2455 1500 2538 confirmet
1525 2456 1746 2539 comitatum
1773 2458 1938 2542 Roman·

527 2590 651 2673 diolae
677 2617 767 2674 cum
793 2591 906 2700 plene
925 2588 1186 2700 jurisdictione
1204 2599 1242 2672 et
1268 2589 1448 2673 omnibus
1470 2587 1645 2698 juribus,
1666 2617 1743 2674 non
1766 2590 1938 2675 obstante

528 2723 658 2834 eliqua
673 2724 915 2808 concessione
933 2722 1090 2834 Ugoline
1109 2724 1156 2806 de
1174 2723 1323 2806 Juliano
1338 2723 1397 2808 vel
1416 2722 1479 2804 elii
1498 2749 1681 2832 personae
1699 2725 1811 2808 sacta.

612 2935 711 3016 (Edid.
730 2937 899 3007 anrezzr,
918 2933 1049 2994 Monam.
1069 2934 1218 3008 novena,
1238 2941 1312 2996 tom.
1333 2934 1386 3010 lv,
1404 2952 1433 3012 p.
1455 2945 1525 3010 tte,
1541 2945 1575 2996 n⁰
1592 2936 1668 3010 CIV,
1687 2955 1724 2997 ex
1742 2937 1833 2998 tabet.
1853 2940 1935 3000 arch.

649 3043 802 3118 Ravenn,
816 3058 906 3119 capse
919 3041 960 3120 L,
973 3051 1005 3102 n⁰
1021 3039 1122 3122 teet.)

579 3233 762 3307 Federicus
784 3233 959 3308 secundus
977 3234 1098 3307 divina
1122 3233 1259 3307 favente
1280 3233 1460 3307 clementia
1483 3234 1712 3306 Romanorum
1734 3235 1933 3330 imperator,

531 3379 666 3455 semper
688 3368 877 3453 angustus,
905 3369 939 3432 et
957 3382 1020 3431 rex
1043 3359 1168 3432 Sicilie.
1190 3360 1262 3430 Sub
1288 3358 1445 3452 largifluo
1467 3358 1621 3454 principe
1644 3358 1768 3432 letatur
1790 3357 1937 3433 fidelitas

530 3485 761 3578 sthectornm
789 3495 823 3558 et
853 3487 975 3558 crescit
1002 3485 1039 3558 in
1070 3507 1150 3558 eum
1185 3486 1331 3581 amplior
1364 3484 1556 3558 devotionis
1585 3485 1737 3558 effectus.
1767 3485 1936 3558 Beneficia

530 3631 680 3704 namque
706 3610 861 3706 impensa
886 3610 1048 3683 fidelibus
1073 3620 1108 3683 et
1132 3619 1282 3683 mentem
1305 3609 1496 3682 infidelitati
1513 3609 1565 3706 (Ρ)
1580 3611 1724 3702 subjecti
1739 3621 1775 3683 et
1793 3611 1937 3703 gloriam

531 3733 752 3829 magnificant
767 3735 979 3831 imperantis.
999 3736 1187 3831 Eepropter
1203 3745 1323 3808 notum
1338 3735 1482 3807 iacimus
1497 3735 1666 3809 universis
1683 3736 1789 3808 nostri
1801 3735 1936 3831 imperii

530 3856 693 3931 fidelibus
712 3869 783 3950 tam
807 3859 1025 3954 presentibus
1047 3881 1152 3954 qnam
1180 3858 1306 3930 suturis
1332 3859 1429 3954 qnod
1454 3881 1516 3932 nos
1538 3859 1757 3954 respicientes
1784 3857 1831 3930 ad
1854 3858 1935 3932 fidei

530 3985 712 4080 puritatem
742 3994 776 4058 et
800 3979 1018 4058 devotionem
1046 3984 1214 4056 sinceram
1241 4007 1345 4079 qnam
1377 3985 1523 4058 dilectus
1549 3983 1660 4056 fidelis
1686 3993 1800 4056 noster
1821 3984 1937 4057 Gotte·

530 4111 647 4184 fredus
669 4133 784 4186 comes
807 4111 851 4184 de
872 4110 1056 4183 Biandrato
1077 4109 1129 4206 (t)
1150 4109 1196 4182 ad
1215 4120 1367 4182 nostram
1391 4110 1629 4183 exceltentiam
1651 4108 1774 4182 habuit
1792 4108 1937 4182 fideliter

454 4483 460 4496 ⁸
566 4420 601 4496 (t)
621 4421 842 4493 tirossamen,
858 4421 1006 4496 Diptomot.
1021 4420 1128 4478 &weiss
1141 4422 1188 4496 fiir
1203 4420 1248 4478 dea
1262 4421 1366 4478 Haeses
1380 4421 1506 4490 Hotent„
1522 4421 1547 4492 1,
1566 4438 1595 4495 p.
1611 4423 1663 4480 375
1677 4427 1705 4478 et
1717 4437 1806 4495 seqq,
1824 4437 1856 4477 ιιο
1871 4421 1931 4494 XV,

529 4535 690 4595 magnopere
702 4518 750 4575 sed
764 4518 862 4576 frustra
874 4518 1035 4588 elaboravit,
1050 4525 1123 4575 ratus
1136 4518 1209 4576 hunc
1222 4518 1375 4577 Gottridum
1389 4519 1422 4576 de
1435 4519 1575 4576 Biendreto
1586 4519 1715 4592 originem
1729 4534 1763 4575 ex
1774 4519 1936 4577 floherrloica

529 4621 609 4679 domo
619 4617 776 4691 sumpsisse,
788 4634 850 4675 cum
861 4618 997 4676 Gottridus
1010 4619 1043 4676 de
1055 4618 1210 4678 Hohenlohe
1220 4635 1291 4678 anno
1302 4621 1369 4677 ⁴235
1379 4635 1440 4675 cum
1452 4618 1528 4676 titulo
1539 4617 1643 4676 comitis
1654 4618 1821 4676 Romanioiao
1832 4617 1931 4693 pluries
