4298 5898
581 542 643 604 tto
1087 533 1299 596 turbanter
1323 535 1497 600 sncttttht
1810 535 1892 622 [bns
1912 539 2000 602 122⁵

584 677 750 754 domibus
769 683 805 750 et
820 673 945 766 vineis,
967 671 1058 746 sictut
1078 672 1233 748 divisum
1254 685 1307 746 est
1330 673 1367 748 in
1384 675 1454 750 ulio
1470 671 1664 772 privilegio,
1681 681 1716 746 et
1732 671 1884 768 singulis
1899 677 2002 750 annis

586 802 746 878 frumenti
763 799 897 875 modios
917 797 1042 894 viginti
1057 797 1147 874 duos
1168 799 1311 894 cuique.
1327 801 1365 872 ln
1385 799 1530 876 ecclesia
1546 819 1630 872 vero
1652 799 1922 875 contessioucria
1939 824 2001 898 pro

582 926 738 1024 mrsonis
759 924 892 998 ibidem
914 922 1145 998 servientibus
1172 922 1342 998 ducentos
1359 931 1395 998 et
1417 923 1671 1020 quinquaginta
1698 931 1836 996 menos
1856 934 1894 998 et
1918 926 2000 1000 iru-

582 1052 689 1126 menti
706 1051 842 1125 modios
854 1047 980 1144 viginti
996 1069 1074 1137 sex,
1090 1056 1126 1122 et
1141 1047 1382 1122 constituimus
1399 1056 1438 1121 ut
1450 1047 1608 1122 redditus
1625 1047 1781 1121 omnium
1797 1057 1998 1134 tarenorum

582 1177 628 1250 de
648 1175 856 1250 molendinis
873 1175 971 1248 urbis
993 1173 1177 1248 Panhormi
1195 1173 1395 1268 proveniat,
1416 1172 1582 1248 medietas
1605 1173 1838 1248 innativitate
1857 1177 1996 1250 Domini

579 1312 616 1376 et
632 1302 700 1376 alia
717 1300 884 1375 medietas
900 1299 936 1374 in
949 1299 1097 1391 Pascha,
1112 1297 1278 1372 victualia
1292 1318 1375 1374 vero
1388 1298 1543 1374 Themis
1563 1319 1681 1374 mense
1703 1300 1855 1394 augusti.
1869 1300 1908 1374 Si
1924 1323 1995 1396 qun

581 1449 667 1502 vero
683 1447 909 1523 personarum
933 1424 990 1498 cui
1009 1423 1156 1522 predicti
1177 1421 1335 1498 redditus
1357 1431 1439 1496 sunt
1458 1423 1578 1496 statuh'
1594 1420 1796 1515 decesserit,
1816 1423 1994 1519 prehende

582 1552 746 1626 victualia
763 1561 832 1624 tam
857 1571 921 1646 pro
936 1549 1067 1622 vicario
1083 1569 1190 1643 quam
1211 1568 1274 1643 pru
1288 1547 1384 1620 cultu
1397 1547 1501 1622 vinee
1517 1555 1553 1620 et
1569 1545 1695 1621 domus
1712 1548 1919 1620 utensihhus
1932 1549 1994 1620 in-

582 1679 681 1752 terim
704 1684 963 1750 conserventur.
982 1673 1018 1744 Si
1037 1671 1124 1767 quid
1146 1671 1211 1744 erit
1230 1670 1427 1762 residuum,
1446 1669 1569 1744 Christi
1587 1671 1800 1766 pauperibus
1815 1681 1990 1766 erogetur.

581 1802 702 1877 Tareni
725 1822 808 1874 vero
828 1797 1005 1896 prebende
1027 1797 1063 1868 iu
1081 1817 1188 1870 manu
1205 1796 1297 1892 regis
1319 1794 1405 1887 siut,
1426 1805 1466 1868 ut
1490 1805 1552 1868 aut
1571 1796 1694 1870 usibus
1713 1796 1858 1871 ecclesie
1872 1798 1993 1893 appli-

583 1937 705 2000 centur
727 1925 754 1996 si
774 1924 823 1996 ita
843 1943 898 1995 res
914 1921 1034 2016 exigat
1049 1930 1111 1994 aut
1130 1919 1343 2016 pauperihus
1360 1919 1484 1996 Chrish'
1501 1918 1762 1994 distribuantur.
1783 1921 1857 1994 lloc
1874 1933 1991 1997 auteur
2122 2007 2123 2012 Ἰ

582 2046 1076 2148 dispositumetconstitutum
1095 2046 1286 2142 prosalute
1303 2045 1584 2140 predecessorum
1601 2053 1793 2120 nostrorum
1809 2057 1844 2119 et
1865 2069 1992 2143 peccu-
2122 2037 2123 2076 ³

582 2189 695 2250 torum
718 2183 912 2248 nostrorum
929 2169 1168 2266 heredumque
1187 2180 1379 2244 nostrorum
1398 2169 1570 2262 remedio,
1593 2169 1675 2244 dhis
1692 2171 1815 2244 nocuis
1833 2193 1991 2246 summo-
2123 2241 2124 2274 j

580 2326 662 2401 pere
679 2299 925 2374 committimus
948 2306 983 2371 et
1004 2295 1288 2372 commendamus
1309 2307 1349 2369 ut
1366 2295 1457 2370 siout
1479 2295 1543 2392 ipsi
1566 2297 1630 2370 llei
1653 2305 1689 2370 et
1710 2305 1863 2370 noscam
1879 2297 1990 2370 hene-
2123 2299 2124 2364 J

581 2429 769 2504 dictionem
789 2433 825 2500 et
843 2424 988 2520 gmtiam
1012 2443 1206 2519 promerere
1225 2420 1436 2514 desiderant,
1457 2422 1507 2496 sic
1521 2421 1669 2517 quisque
1684 2443 1748 2518 pro
1764 2444 1828 2495 sua
1845 2445 1991 2518 persona
2123 2439 2124 2534 J

581 2549 844 2648 diligentissime
865 2548 1003 2622 studeat
1026 2546 1211 2622 custoffl.
1238 2547 1274 2620 Si
1301 2569 1372 2642 qua
1395 2567 1480 2620 vero
1501 2567 1648 2644 persona
1675 2547 1720 2620 de
1742 2568 1851 2642 reguo
1875 2557 1990 2622 nostro

582 2677 664 2751 huie
676 2687 792 2750 nocuo
807 2674 991 2772 privilegio
1003 2673 1172 2748 contraire
1182 2672 1375 2764 teutawrit,
1389 2693 1453 2769 pro
1462 2671 1627 2767 qualitate
1640 2672 1814 2746 commissi
1826 2681 1991 2768 tanquam
2124 2725 2125 2734 ι

580 2802 769 2896 sacrilegus
797 2811 834 2874 et
860 2800 957 2892 regie
982 2798 1169 2892 mejestatis
1196 2819 1277 2872 reus
1298 2819 1390 2894 pene
1415 2797 1589 2893 condigne
1613 2797 1807 2891 subiaceut;
1834 2799 1935 2894 quod
1961 2800 1989 2873 si

580 2949 728 3026 persona
744 2926 790 3000 de
802 2947 910 3020 regno
928 2946 997 2998 non
1012 2923 1198 3018 fueritque
1210 2931 1326 2998 nostra
1338 2923 1471 2998 sancita
1484 2922 1614 2997 violare
1626 2923 1887 3020 presumpserit,
1906 2947 1989 2999 ana·

581 3052 741 3127 thematis
763 3050 880 3145 gladio
905 3050 1056 3124 iodiatur
1077 3058 1113 3122 et
1136 3049 1381 3144 omnipotentis
1402 3049 1466 3122 Dei
1494 3049 1604 3122 Patris
1626 3058 1663 3122 et
1687 3049 1763 3122 Filii
1783 3059 1820 3122 et
1845 3050 1989 3145 Spiritus

580 3177 696 3251 Sancti
719 3177 805 3248 irem
824 3174 949 3248 sentiat
965 3173 1228 3270 sempiternam,
1248 3173 1316 3246 nisi
1339 3173 1521 3270 resipuerit
1538 3183 1573 3246 et
1588 3194 1742 3268 congrue
1759 3174 1988 3248 subelectionis

577 3301 778 3376 consuerit.
799 3299 911 3374 Amen
928 3297 942 3396 (
967 3299 994 3396 ).

626 3428 696 3500 Nos
722 3426 828 3522 igitur
852 3423 1069 3498 attendentes
1089 3423 1174 3518 quia
1197 3421 1352 3519 predicta
1382 3423 1537 3520 cappella
1561 3423 1645 3496 dicti
1679 3424 1772 3518 regis
1801 3424 1862 3498 avi
1886 3423 1985 3498 nostri

578 3561 750 3626 structure
767 3551 871 3624 luerit
884 3549 1056 3646 specialis,
1073 3557 1108 3621 et
1125 3548 1161 3621 iu
1184 3559 1339 3622 nostrum
1358 3548 1594 3644 heredumque
1606 3555 1802 3622 nostrorum
1818 3549 1986 3624 redundat

577 3677 743 3750 honorem
768 3675 938 3770 quicquid
966 3675 1174 3748 conferimus
1199 3676 1469 3770 obsequentibus
1496 3675 1533 3748 iu
1555 3674 1698 3764 eadem3
1720 3675 1983 3773 supplicatione
2125 3693 2126 3696 ’

578 3801 659 3876 dicti
677 3801 826 3876 cantoris
846 3809 882 3874 et
897 3799 1039 3895 capituli
1056 3799 1196 3874 illariter
1213 3810 1248 3872 et
1263 3801 1448 3874 clementer
1461 3799 1682 3892 admisimus,
1702 3809 1738 3872 et
1751 3800 1847 3874 illius
1862 3801 1980 3874 iutuitu

576 3949 639 4024 per
655 3947 760 4022 quem
782 3925 925 4000 feliciter
946 3922 1101 4000 vivimus
1118 3933 1154 3998 et
1177 3945 1364 4020 regnamus
1387 3934 1423 4000 et
1442 3925 1634 4000 reverentia
1656 3925 1824 4024 principis
1845 3935 1981 4022 aposto·

611 4197 648 4274 (t)
667 4201 753 4257 Notae
764 4196 967 4272 chronologicae
977 4197 1004 4254 iu
1016 4195 1069 4254 hoo
1082 4201 1252 4271 transumpto
1260 4197 1372 4268 desrnt,
1385 4213 1454 4272 quas
1463 4196 1620 4273 supplemus
1631 4215 1666 4256 ex
1678 4198 1800 4275 originali
1813 4199 1899 4276 privil.
1913 4197 1976 4271 regit

574 4299 681 4373 ltcgerii
692 4295 832 4368 ibid.,suh
841 4295 912 4366 mv,
925 4293 1046 4352 exhibito
1057 4313 1064 4350 ι
1082 4315 1096 4347 ι
1107 4296 1208 4354 Datum
1220 4295 1342 4352 Panormi
1355 4311 1405 4370 per
1415 4311 1512 4354 manis
1521 4295 1631 4354 licherti
1644 4297 1811 4366 cancellarii,
1825 4297 1868 4354 die
1879 4295 1975 4354 dedicu-

577 4416 590 4450 s
605 4397 685 4453 tionis
698 4393 824 4466 ecclesie,
837 4399 934 4467 quarto
947 4392 1073 4450 lalendm
1084 4393 1163 4464 maii,
1177 4392 1331 4450 indictionis
1343 4394 1435 4466 tectim
1448 4391 1639 4452 iucarnationis
1653 4393 1788 4452 dominice
1799 4409 1869 4451 anno
1878 4390 1972 4459 nexu

576 4512 590 4546 s
606 4493 680 4566 regui
693 4509 756 4550 vero
770 4491 984 4552 excellentissimi
997 4491 1069 4565 regis
1082 4491 1186 4566 ltogerii
1198 4507 1269 4550 anno
1280 4491 1394 4550 decimo.
1409 4492 1443 4550 lit
1455 4498 1539 4550 wtum
1550 4492 1675 4566 superius
1686 4491 1853 4566 apertissime
1865 4489 1971 4547 declara·

577 4609 591 4643 »
605 4596 662 4646 tum
673 4590 782 4664 sigillari
791 4597 820 4648 et
830 4591 950 4665 inu'gniri
962 4590 1075 4648 iacimus
1086 4589 1257 4666 chrpnobulo
1269 4590 1351 4665 regali
1363 4597 1488 4648 nosco.»
1498 4591 1654 4666 sequuntm
1663 4589 1863 4664 ewardum,
1871 4600 1971 4664 qaorum

575 4693 691 4760 quatuor
701 4686 796 4746 litteris
806 4688 910 4762 poecis
921 4692 1028 4748 annu
1039 4692 1115 4746 sunl.
1408 4704 1412 4718 ¹
