4292 5894
175 593 271 652 tenter.
290 586 350 665 ltl
631 580 825 643 HISTORIA
850 579 1140 642 ntrnottltt'tcn.
1530 579 1589 637 397

175 726 317 799 Cilliauo
335 742 442 818 pmpe
468 719 695 808 Nerito[nem]
716 739 796 790 eum
822 717 937 806 terris,
965 716 1127 791 domibus
1150 724 1185 787 et
1208 715 1349 787 vasallis
1374 716 1464 806 suis,
1490 715 1587 788 obla-

176 852 287 925 tiones
313 846 490 933 fidelium,
515 843 718 916 donationes
748 843 912 916 comitum
935 853 971 915 ct
997 844 1166 916 baronum
1190 861 1252 913 seu
1277 861 1496 935 quecumque
1520 840 1590 914 alia

175 997 245 1071 que
261 971 417 1068 quolibet
428 971 523 1062 justo
539 969 639 1040 titulo
655 967 770 1063 ipsum
788 966 1033 1040 monasterium
1055 976 1146 1040 tenet
1169 977 1204 1039 et
1219 964 1374 1062 possidet
1392 992 1400 1036 ε
1417 971 1452 1038 et
1469 965 1500 1037 si
1517 987 1588 1060 qna

176 1108 294 1196 postea
308 1097 376 1193 ipsi
393 1093 600 1168 monasterio
617 1114 792 1183 concesse,
810 1091 937 1164 donata
950 1100 984 1164 et
1000 1092 1115 1165 oblata
1129 1091 1256 1164 luerint
1271 1113 1292 1164 a
1308 1091 1588 1185 quibuscumque

176 1221 350 1322 personis,
370 1228 406 1295 et
428 1241 469 1292 ea
493 1229 610 1292 nostre
633 1217 844 1292 auctoritatis
866 1217 1058 1288 munimine
1081 1217 1346 1290 communimus.
1370 1217 1421 1288 De
1446 1216 1586 1310 speciali

177 1370 317 1444 qnoque
328 1345 438 1442 gratia
448 1342 655 1418 monasterio
664 1341 731 1436 ipsi
748 1351 782 1414 et
796 1341 940 1415 ecclesie
955 1342 1077 1414 Sancte
1092 1343 1197 1414 Maris
1212 1341 1256 1414 de
1267 1341 1383 1414 Nerite
1397 1341 1588 1414 communi-

53 1499 55 1502 ’
178 1481 268 1565 eata,
283 1471 453 1560 vasallos,
468 1467 721 1565 possessiones,
740 1466 833 1539 bona
846 1474 880 1539 et
896 1467 971 1539 loca
987 1488 1064 1539 cum
1084 1466 1297 1561 pertinentiis
1312 1466 1385 1539 suis
1402 1465 1589 1538 liberamus

178 1607 213 1670 et
221 1595 408 1670 eximimus
420 1594 465 1667 ab
474 1593 635 1668 omnibus
649 1591 798 1665 servitiis
809 1600 844 1664 et
854 1612 970 1682 onere,
985 1591 1220 1686 quodeunque
1229 1591 1273 1663 sit
1283 1583 1382 1683 illud,
1395 1613 1464 1686 que
1476 1601 1590 1665 nostre

179 1719 294 1808 curie,
315 1717 518 1808 comitibus,
539 1717 728 1790 baronibus
745 1738 806 1790 seu
821 1715 1100 1811 quibuscumque
1114 1716 1270 1812 personis
1289 1716 1366 1791 aliis
1384 1718 1587 1810 debeantur,

179 1868 259 1917 cum
277 1845 523 1918 monasterium
539 1843 654 1938 ipsum
673 1863 753 1914 eum
770 1841 932 1914 omnibus
947 1841 1048 1914 bonis
1069 1862 1110 1913 ae
1126 1841 1231 1914 rebus
1248 1842 1322 1914 suis
1341 1843 1519 1936 acquisitis
1532 1842 1588 1916 vel

178 1970 282 2043 ctiam
299 1967 521 2064 acquirendis
542 1969 644 2064 plena
658 1976 694 2041 et
713 1976 877 2063 perpetua
895 1967 1042 2040 velimus
1058 1966 1214 2039 libertate
1237 1967 1351 2062 potiri.
1372 1969 1532 2041 Veientes
1551 1979 1591 2040 ut

179 2097 295 2167 nullus
320 2116 427 2168 ausus
449 2094 494 2166 sit
511 2093 642 2166 dictum
667 2092 932 2180 monasterium,
956 2091 1114 2165 abbatem
1142 2090 1298 2182 ejusdem
1323 2113 1387 2165 seu
1414 2092 1533 2166 tratres
1558 2104 1609 2172 et¹

179 2241 394 2293 successores
421 2241 540 2292 eorum
565 2239 670 2315 super
690 2217 759 2288 hiis
776 2217 832 2289 vel
855 2218 971 2312 aliquo
995 2216 1237 2313 premissorum
1264 2215 1428 2312 deinceps
1450 2219 1591 2313 aliqua-

179 2357 280 2419 tenus
295 2345 487 2418 molestare.
505 2344 608 2431 Qnod
626 2343 656 2416 si
676 2341 776 2415 aliter
799 2341 983 2438 quisquam
1006 2341 1140 2433 lecerit,
1160 2341 1431 2437 indignationem
1455 2344 1593 2416 celsitu·

180 2469 273 2544 dinis
285 2478 399 2542 nestra
413 2490 452 2542 se
466 2467 600 2542 noverit
620 2469 853 2540 incursurum.
871 2465 927 2541 nd
943 2467 1049 2559 hujus
1062 2475 1177 2540 numm
1194 2466 1461 2543 confirmationis
1477 2478 1591 2541 nostre

179 2594 380 2667 memoriam
401 2603 435 2667 et
451 2593 558 2666 robur
577 2600 745 2689 perpetuo
761 2592 965 2683 valiturum,
987 2614 1128 2688 presens
1145 2593 1365 2689 privilegium
1388 2616 1592 2690 permanes

179 2717 299 2790 Jacobi
315 2716 359 2791 de
375 2717 513 2790 Bandra
529 2717 653 2791 notarii
666 2726 700 2789 et
717 2717 829 2790 scribe
846 2715 952 2790 nostri
971 2717 1074 2790 scribi
1094 2725 1128 2790 et
1147 2717 1260 2812 sigillo
1276 2720 1462 2813 majestatis
1476 2729 1591 2793 nostre

177 2841 345 2935 jussimus
363 2843 580 2916 communiri.

230 2967 352 3040 Datum
373 2965 524 3062 lllelphie
546 2965 616 3064 (l),
641 2988 733 3040 anno
758 2965 931 3039 dominice
954 2967 1197 3040 incarnationis
1222 2967 1404 3041 millesimo
1426 2968 1590 3044 ducente-

181 3092 268 3164 simo
289 3090 457 3185 vigesimo
478 3091 593 3185 tenio,
616 3111 734 3164 mense
749 3091 908 3186 augusti,
930 3090 1115 3164 undecima
1140 3091 1355 3183 indictionis,
1374 3093 1508 3188 imperii
1530 3093 1592 3168 do·

181 3215 267 3288 mini
294 3215 402 3288 nostri
429 3213 592 3288 Frideriei
618 3214 681 3288 Dei
707 3213 817 3311 gratia
844 3215 1061 3288 invictissimi
1094 3217 1325 3292 Romanorum
1354 3218 1587 3314 imperatoris,

182 3361 319 3437 semper
334 3340 471 3436 augusti
489 3349 523 3412 et
538 3339 773 3434 gloriosissimi
788 3340 880 3434 regis
894 3341 1010 3414 Sicilie
1027 3362 1119 3440 anno
1134 3343 1246 3432 tertio,
1266 3343 1362 3438 regni
1379 3365 1462 3416 vero
1477 3345 1591 3417 Sicilie

182 3465 350 3560 vigesimo
366 3461 565 3560 quintolo),
582 3463 737 3538 lelieiter.
758 3463 881 3537 Amen.

224 3669 266 3750 (a)
287 3671 407 3732 llectlus
416 3669 549 3752 ulamma
561 3677 652 3733 amu.

184 3879 484 3890 -n—-nu—--nu—-no

218 4016 256 4092 (t)
274 4014 341 4075 Cum
353 4017 405 4076 boc
417 4034 487 4078 anno
499 4025 528 4076 et
540 4019 663 4094 sequenti
679 4018 834 4078 continuam
846 4018 875 4076 in
889 4018 979 4077 Sicilia
991 4019 1084 4078 sedem
1100 4019 1244 4094 imperator
1261 4018 1471 4094 prolongaverit,
1487 4020 1596 4078 omnino

182 4115 297 4174 dubium
310 4123 354 4176 est
371 4135 406 4176 an
419 4120 492 4194 apud
504 4118 619 4178 Melliam
640 4120 666 4176 in
681 4118 820 4176 Basilicata
837 4117 997 4193 interposito
1018 4119 1156 4177 intervallo
1174 4124 1293 4177 moratus
1310 4117 1399 4176 luerit.
1412 4119 1487 4175 Nulla
1505 4124 1595 4176 umen

182 4214 234 4274 alia
247 4216 407 4290 strspiciouis
418 4233 499 4276 causa
513 4217 734 4292 deprehanditur,
742 4216 807 4274 dum
818 4221 846 4274 et
856 4217 941 4275 torma
951 4217 1082 4292 privilegii
1092 4223 1120 4275 et
1131 4223 1209 4276 notae
1220 4216 1422 4290 chronologicae
1432 4217 1520 4291 justae
1529 4217 1594 4274 sint.
