4292 5894
543 532 606 596 ali
1048 540 1266 609 rainbaldi
1290 547 1467 612 securior
1764 550 1851 634 [aa.
1867 556 1950 620 lm

544 689 639 760 suas,
657 671 856 763 tenimenta,
867 677 1007 751 mobilia
1018 687 1053 752 et
1069 678 1257 754 immobilia
1271 683 1450 776 uniuersa,
1468 683 1642 759 libertates
1656 686 1759 762 etiam
1773 709 1838 786 per
1851 700 1956 766 totum

546 793 781 891 imperiumst
798 819 945 895 regnum
966 803 1160 878 Siciliense
1178 825 1247 880 non
1270 818 1306 882 et
1329 801 1478 882 casuum
1493 801 1742 884 blerouliannm
1758 835 1839 886 cnm
1855 817 1957 908 iustis

545 920 745 996 tenimentis
763 933 797 996 et
814 928 1028 1022 pertinentiis
1045 929 1130 1023 suis,
1147 940 1182 1004 et
1200 951 1330 1028 pascua
1348 933 1455 1008 libera
1476 953 1539 1030 per
1561 955 1706 1029 ragnum
1725 947 1759 1010 et
1776 938 1956 1034 imperinm

545 1067 609 1142 pro
623 1047 832 1123 animalibus
848 1053 933 1144 suis,
951 1064 987 1126 at
1007 1063 1046 1127 ut
1069 1054 1162 1129 idem
1180 1059 1426 1132 monasterium
1439 1069 1474 1132 et
1487 1059 1644 1134 homiues
1661 1063 1737 1154 ejus
1754 1063 1953 1154 acollectis,

547 1169 662 1259 datiis,
682 1174 864 1268 plateatico
892 1187 925 1251 et
945 1181 1108 1252 omnibus
1122 1183 1364 1256 exactionibus
1378 1184 1525 1280 aliisque
1546 1187 1808 1280 gravaminibus
1820 1187 1956 1283 penitus

546 1306 661 1368 essent
685 1299 867 1374 immunes.
889 1303 990 1376 Unde
1011 1305 1186 1400 pradictus
1210 1307 1320 1380 abbas
1337 1318 1372 1382 et
1388 1319 1581 1384 conventus
1603 1311 1890 1407 supplicaverunt
1905 1313 1956 1382 in·

546 1428 675 1494 stanter
689 1425 884 1499 celsitudini
902 1439 1018 1502 nostre
1039 1439 1080 1501 ut
1095 1431 1248 1526 predicta
1271 1433 1390 1506 omnia
1414 1443 1449 1506 et
1469 1456 1688 1530 quecumque
1711 1435 1747 1508 iu
1769 1435 1956 1531 privilegiis

546 1547 824 1641 continebantur,
845 1552 1009 1648 predictis
1026 1555 1191 1628 restitutis
1207 1556 1273 1628 sibi
1290 1557 1483 1653 privilegiis
1503 1557 1601 1654 ipsis,
1621 1558 1735 1632 eidem
1752 1559 1957 1633 monasterio

546 1670 736 1746 concedere
760 1685 795 1747 et
821 1675 1024 1750 confirmare
1044 1689 1210 1776 perpetuo
1237 1680 1472 1775 dignaremur.
1499 1683 1629 1756 Verum
1655 1705 1735 1755 cnm
1757 1683 1819 1780 pia
1845 1692 1957 1756 nostre

548 1797 672 1868 mentis
697 1797 841 1872 intentio
862 1823 967 1896 opera
992 1804 1093 1876 nobis
1117 1803 1261 1878 suadeat
1288 1805 1424 1902 pietatis
1448 1815 1483 1879 et
1505 1791 1609 1880 adid
1632 1807 1796 1902 precipue
1824 1829 1956 1880 summa

548 1921 620 1993 voti
637 1923 743 1997 nostri
766 1945 804 1996 se
824 1927 977 2022 porrigat
998 1935 1039 2000 nt
1062 1929 1293 2004 retribuamus
1314 1930 1447 2025 aliquid
1462 1931 1609 2004 Domino
1625 1953 1687 2028 pro
1706 1931 1775 2006 hiis
1797 1933 1956 2004 omuibus

546 2067 618 2140 que
640 2047 797 2120 retribuit
821 2050 895 2146 ipse
921 2051 1039 2142 nobis,
1067 2074 1132 2127 nos
1157 2055 1414 2129 considerantes
1440 2075 1573 2128 sacram
1600 2056 1824 2151 religionem,
1851 2060 1953 2130 vitam

548 2171 756 2246 laudabile-
783 2185 818 2246 et
838 2174 1017 2250 honestam
1042 2179 1178 2252 abbatis
1198 2189 1234 2253 et
1258 2189 1450 2253 conventus
1472 2179 1670 2254 monasterii
1693 2179 1879 2272 antedicti,
1894 2201 1956 2277 pro

549 2298 740 2372 reverentia
753 2300 884 2394 Regina
905 2302 1080 2397 virginum
1099 2303 1145 2378 ad
1162 2305 1262 2397 cujas
1281 2304 1445 2378 bonorem
1460 2315 1495 2376 at
1510 2303 1649 2383 laudem
1666 2304 1759 2380 idem
1782 2315 1956 2381 monaste·

548 2421 640 2494 rium
662 2433 714 2496 est
732 2434 967 2498 constructum
992 2436 1026 2499 et
1050 2450 1113 2524 pro
1134 2429 1244 2502 salute
1266 2427 1499 2525 principaliter
1521 2437 1638 2502 nostra
1660 2438 1696 2501 et
1719 2451 1780 2524 pro
1804 2429 1956 2504 remedio

547 2547 740 2620 animarum
757 2550 908 2623 lelicium
924 2564 1149 2646 augustorum
1170 2562 1351 2648 parentum
1362 2562 1562 2626 nostrorum
1579 2555 1745 2627 memorie
1757 2555 1953 2644 recolende,

546 2670 740 2765 predictum
765 2672 939 2766 abbatem,
959 2676 1158 2769 monachos,
1180 2697 1364 2750 conversos
1389 2685 1423 2750 et
1447 2699 1663 2750 successores
1685 2698 1806 2750 eornm
1822 2680 1956 2774 ipsum·

546 2816 616 2887 que
639 2798 884 2870 monasterium
910 2821 990 2872 cum
1010 2799 1171 2872 omnibus
1194 2801 1409 2890 hominibus,
1435 2801 1658 2894 obedientiis,
1677 2803 1840 2896 justitiis,
1867 2803 1955 2874 teui-

544 2920 672 3010 mentis
690 2931 725 2993 et
747 2923 963 3016 pertinentiis
978 2925 1052 2998 suis
1074 2925 1140 2998 sub
1161 2925 1301 3020 speciali
1327 2937 1442 2999 nostra
1466 2927 1677 3022 protectione
1703 2935 1738 3000 et
1758 2924 1954 3001 defensione

546 3043 752 3139 recipimue3
775 3054 810 3118 et
826 3047 991 3122 restitutis
1011 3047 1124 3122 eidem
1139 3049 1256 3122 abbati
1274 3057 1309 3122 et
1326 3051 1511 3122 conventui
1530 3048 1722 3146 privilegiis
1733 3050 1952 3145 supradictis,

547 3165 770 3240 concedimus
797 3179 831 3242 et
853 3180 1019 3266 perpetuo
1045 3170 1289 3245 confirmamus
1310 3172 1424 3246 eidem
1449 3173 1657 3247 monasterio
1677 3193 1898 3267 quecumque
1920 3174 1952 3244 in

548 3289 739 3384 privilegiis
758 3291 825 3364 illis
845 3293 1060 3389 imperatoris
1086 3303 1120 3366 et
1145 3294 1368 3390 imperatricis
1391 3305 1572 3392 parentum
1594 3306 1788 3369 nostrorum
1807 3298 1955 3392 apertius

547 3413 781 3505 continentum
809 3417 1011 3491 auctoritate
1035 3418 1203 3513 presentis
1228 3419 1345 3517 scripti
1368 3420 1596 3515 precipientes
1622 3419 1764 3492 firmiter
1788 3421 1954 3494 universis

546 3547 719 3633 qnatenus
735 3541 851 3614 nullus
867 3540 912 3614 de
926 3552 1039 3615 cetero
1057 3543 1102 3614 sit
1123 3549 1192 3615 tam
1212 3565 1319 3617 ausus
1337 3544 1398 3639 qui
1416 3566 1522 3640 super
1541 3543 1706 3640 predictis
1721 3547 1885 3617 omuibus
1900 3545 1954 3641 ip-

546 3686 625 3737 sum
645 3666 892 3739 monasterium
916 3667 1085 3762 impedire
1105 3668 1142 3739 in
1159 3667 1276 3763 aliquo
1297 3669 1351 3740 vel
1371 3669 1552 3742 molestare
1573 3678 1761 3765 presumat.
1777 3669 1880 3754 Quod
1896 3669 1953 3762 qui

545 3791 792 3886 presumpserit
813 3789 1087 3883 indignationem
1104 3791 1211 3863 nostri
1229 3793 1390 3866 culminis
1408 3815 1447 3866 se
1467 3787 1601 3866 noverit
1623 3795 1859 3866 incursurum.
1877 3795 1952 3866 Pre-

545 3923 651 4006 terea,
665 3914 744 3987 licet
761 3915 797 3986 in
810 3914 1023 4009 quibuslibet
1036 3915 1226 4012 privilegiis
1242 3917 1367 3989 nostris
1382 3917 1476 3990 illam
1491 3918 1683 3990 clausulam
1695 3919 1880 4010 jubeamus
1894 3941 1951 4012 ap·

544 4039 710 4134 ponique
726 4037 854 4112 dicitur
867 4039 964 4112 salvo
976 4025 1138 4112 mandato
1149 4049 1183 4114 ct
1193 4039 1409 4114 ordinatione
1422 4051 1549 4132 nostra,
1567 4042 1613 4114 ab
1628 4042 1830 4136 hujusmodi
1844 4051 1951 4115 nostm

546 4161 728 4260 privilegio
742 4163 787 4236 de
802 4163 1025 4258 benignitatis
1041 4173 1155 4236 nostra
1170 4165 1280 4259 gratia
1293 4166 1509 4262 precepimus
1522 4167 1765 4241 amovendam.
1783 4164 1840 4240 Ad
1854 4168 1952 4259 bajus

547 4287 653 4382 igitur
673 4287 922 4379 consessionis,
954 4287 1221 4361 confirmationis
1248 4299 1284 4361 et
1310 4289 1530 4384 protectionis
1557 4267 1675 4363 nostre
1700 4293 1896 4365 memoriam
1919 4298 1951 4362 el

546 4411 652 4484 robur
671 4423 838 4508 perpetuo
861 4411 1066 4499 valiturum,
1089 4433 1229 4507 presens
1251 4414 1419 4510 scriplum
1446 4413 1549 4486 scribi
1572 4423 1607 4486 ct
1631 4412 1747 4508 sigillo
1772 4411 1950 4507 majestatis

547 4539 662 4607 nostre
670 4536 836 4627 jussimus
849 4535 1067 4609 communiri.
1428 4556 1431 4564 ·

596 4658 720 4732 Datum
735 4660 830 4756 apud
846 4661 1010 4732 Sanctum
1032 4662 1257 4756 Germanum,
1275 4685 1367 4738 anno
1389 4647 1561 4738 dominice
1581 4661 1828 4736 incarnationis
1849 4663 1949 4735 mille·
