4272 5886
532 551 594 614 590
1032 549 1251 612 lllllllElilCl
1276 549 1450 612 SEClllllll
1760 549 1839 634 [llus.
1858 551 1947 613 lm

532 687 715 762 eonsilium
743 687 951 760 eontrarium
974 685 1102 783 scripto
1125 687 1174 759 tui
1194 696 1230 760 et
1250 687 1403 782 ipsorum
1422 687 1556 782 signato
1574 686 1775 780 signaculis.
1797 688 1847 759 De
1869 710 1947 782 pra·

534 810 774 886 decessoribus
797 819 911 884 autem
930 811 999 882 tuis
1021 809 1052 882 si
1070 811 1203 906 aliquid
1230 813 1357 888 certius
1375 814 1542 906 majorum
1569 810 1724 884 dedisset
1746 811 1942 906 expressio,

533 936 733 1009 metiremur
755 935 879 1009 inillis
902 935 991 1030 quid
1015 935 1051 1007 in
1076 945 1110 1009 to
1130 957 1268 1032 sperare
1295 959 1493 1034 possemus,
1512 959 1623 1032 quum
1649 934 1743 1008 eiad
1768 936 1944 1032 proximos

533 1061 713 1156 sanguinis
737 1060 918 1134 scribentis
940 1061 1107 1135 referatur
1133 1061 1293 1155 intentio,
1320 1061 1496 1136 modicum
1521 1060 1716 1134 devotionis
1738 1059 1888 1134 sufficiet
1908 1071 1945 1132 ut

533 1207 592 1260 eos
616 1185 869 1280 comparatione
892 1184 1076 1281 procedas,
1095 1185 1126 1258 si
1153 1196 1268 1259 tamen
1290 1187 1500 1283 comparatio
1524 1185 1674 1280 gadum
1700 1187 1858 1257 inveniat
1885 1165 1965 1256 nbi*

534 1311 598 1383 vix
623 1311 781 1404 pervenit
804 1309 987 1405 positivus.
1008 1308 1111 1395 Quod
1134 1311 1165 1383 si
1186 1309 1233 1384 ad
1255 1312 1331 1383 illos
1357 1309 1615 1406 predecessores
1640 1311 1850 1382 intellectum
1878 1331 1945 1403 pa-

534 1434 631 1508 tiaris
652 1432 815 1526 extendi,
832 1434 893 1528 qui
915 1431 986 1506 lide
1009 1435 1168 1529 preclari,
1195 1434 1361 1508 charitate
1387 1435 1570 1526 ferventes,
1599 1433 1783 1507 devotione
1805 1433 1942 1522 sinceri,

536 1559 603 1632 sibi
625 1568 661 1630 et
685 1557 834 1631 subditis
852 1556 1087 1653 proficientes,
1110 1559 1217 1632 verbo
1235 1559 1362 1654 pariter
1384 1565 1419 1632 et
1440 1559 1603 1654 exemplo
1621 1558 1812 1630 Ecclesiam
1828 1557 1944 1629 multis

537 1683 734 1756 libertatum
756 1683 946 1778 privilegiis
969 1683 1192 1758 muniverunt
1215 1685 1471 1779 multarumque
1500 1683 1722 1776 largitionum
1744 1683 1944 1754 liberalitate

538 1807 705 1899 ditarunt,
727 1807 794 1879 illis
807 1807 836 1881 si
851 1808 963 1903 placet
977 1808 1012 1878 in
1030 1807 1097 1879 biis
1111 1829 1149 1882 se
1167 1807 1423 1902 magnificentia
1441 1818 1500 1882 tna
1518 1831 1587 1883 non
1604 1809 1763 1905 preferat,
1783 1806 1848 1879 sed
1864 1827 1943 1878 con-

537 1933 665 2007 sideret
683 1931 798 2028 potius
814 1931 844 2004 si
866 1933 1042 2008 allluentia
1062 1931 1183 2005 talium
1197 1933 1331 2005 illorum
1349 1941 1456 2006 metas
1473 1933 1634 2026 attingas.
1655 1931 1838 2017 Discutiat,
1859 1950 1944 2023 que-

538 2079 678 2150 sumus,
702 2057 769 2128 viri
793 2056 972 2151 prudentis
996 2057 1173 2152 ingenium
1196 2057 1226 2130 si
1243 2057 1363 2130 merito
1379 2057 1442 2129 tibi
1464 2057 1603 2129 titulum
1623 2058 1729 2128 multe
1749 2053 1945 2128 devotionis

538 2201 712 2272 assumas,
730 2178 815 2252 dum
832 2179 1001 2253 beneficia
1016 2181 1134 2252 matris
1150 2181 1301 2254 Ecclesia
1318 2201 1480 2254 revocure
1496 2181 1632 2253 conans
1646 2179 1681 2250 in
1695 2177 1857 2269 dubium,
1873 2187 1944 2248 tan-

537 2327 642 2401 quam
661 2306 690 2378 si
707 2315 847 2401 possent
860 2305 966 2376 unius
980 2304 1189 2377 inficiatione
1208 2305 1395 2400 celerique
1412 2305 1598 2376 multorum
1617 2303 1711 2376 notio
1726 2302 1897 2398 publicat,
1912 2311 1944 2373 et

536 2431 721 2524 singularis
745 2430 889 2502 assertio
915 2429 1077 2504 redderet
1099 2430 1357 2524 ambiguaque
1381 2428 1567 2501 multorum
1593 2428 1713 2500 notitia
1735 2427 1943 2498 manifestat.

535 2557 639 2628 Porro
659 2555 716 2626 illa
734 2554 991 2646 ingratitudinis
1007 2555 1225 2650 speciesque
1246 2553 1415 2628 beneficia
1434 2563 1595 2651 percepta
1612 2561 1794 2648 negantur,
1813 2551 1945 2646 aliquid

535 2679 739 2752 turbationis
753 2679 934 2752 consuevit
949 2679 1081 2770 afferre,
1097 2677 1160 2751 sed
1174 2679 1231 2752 illa
1247 2679 1387 2771 majoris
1401 2676 1531 2750 doloris
1547 2677 1652 2750 habet
1666 2677 1807 2749 aculeos
1823 2697 1895 2770 qna
1910 2677 1945 2747 in

534 2805 626 2878 bono
655 2804 784 2877 malum
813 2805 1020 2899 presumitur
1039 2813 1073 2876 et
1097 2804 1218 2877 odium
1242 2803 1277 2875 iu
1301 2803 1486 2876 dilectione
1510 2811 1660 2876 notatur.
1678 2803 1776 2874 Circa
1804 2803 1944 2874 tutelam

534 2953 674 3025 quoque
691 2931 741 3003 tui
756 2951 777 3004 a
790 2931 881 3002 clare
895 2931 1060 3003 memorie
1075 2928 1276 3003 coustumia
1291 2928 1506 3025 imperatrice
1524 2927 1642 3022 regina
1661 2925 1777 2999 Sicilie
1791 2925 1945 3022 Aposto-

534 3057 600 3128 lice
614 3055 697 3128 Sedi
719 3056 889 3146 relictam,
911 3077 933 3127 a
955 3053 1201 3128 beneficiorum
1226 3055 1336 3148 gratia
1359 3053 1494 3149 excipis
1511 3053 1607 3146 qnod
1627 3053 1734 3124 tutele
1756 3053 1803 3122 sit
1830 3050 1945 3124 debito

535 3177 828 3268 aristedemes
852 3178 950 3272 quod
969 3181 1021 3250 las
1036 3178 1224 3251 inducebat
1246 3187 1284 3250 nt
1307 3177 1404 3251 lieret
1427 3185 1463 3250 et
1488 3179 1585 3250 netas
1613 3177 1643 3248 si
1660 3174 1826 3249 deficeret
1850 3185 1943 3248 ιιοιιι·

533 3312 639 3378 retur.
655 3304 783 3376 Verum
799 3325 878 3375 cum
899 3303 1015 3376 nullus
1032 3303 1244 3376 necessitatis
1257 3303 1424 3376 articulus
1446 3311 1529 3374 tunc
1547 3309 1682 3396 urgeret
1701 3301 1891 3373 Ecclesiam
1908 3309 1944 3371 ιιι

533 3431 569 3501 in
586 3439 620 3500 te
635 3429 697 3523 qui
714 3429 808 3502 onrni
823 3449 899 3502 eras
915 3428 1080 3523 suffragio
1105 3427 1291 3500 destitutus
1311 3449 1401 3501 onus
1423 3449 1493 3500 non
1510 3428 1589 3500 leve
1610 3423 1804 3521 susciperet
1826 3426 1939 3516 tutele,

531 3555 704 3649 susceptio
721 3575 790 3648 que
810 3577 831 3626 a
855 3553 964 3648 gratia
982 3553 1131 3650 sumpsit
1147 3552 1331 3625 exordium
1355 3553 1484 3626 habere
1506 3562 1542 3624 te
1564 3551 1685 3626 debuit
1710 3549 1757 3623 de
1784 3571 1945 3645 prosecu-

533 3679 634 3752 tionis
651 3678 767 3750 debito
786 3697 855 3750 non
873 3678 1063 3773 ingratum,
1084 3679 1203 3751 saltem
1221 3687 1261 3750 ut
1276 3678 1390 3750 tutrici
1408 3688 1524 3751 nomm
1544 3698 1613 3750 non
1631 3678 1744 3750 selum
1764 3685 1941 3772 suspecte,

532 3803 712 3876 sedetiam
730 3802 949 3876 fraudulente
967 3803 1274 3876 administrationis
1291 3802 1463 3876 conareris
1484 3802 1693 3898 impingere,
1712 3799 1835 3874 dicens
1849 3799 1944 3894 quod

531 3927 684 4002 Ecclesia
698 3927 838 4000 nomine
849 3926 1069 4000 defensorum
1085 3927 1200 4000 hostes
1215 3927 1402 4000 immiserat
1410 3927 1582 4023 palliatos,
1596 3927 1657 4022 qui
1672 3925 1718 4000 ad
1730 3923 1942 4022 perdendam

531 4051 682 4125 animam
702 4050 801 4147 pueri
823 4051 1021 4124 festinarent
1037 4059 1071 4124 et
1088 4051 1221 4147 pupillo
1244 4072 1309 4124 sno
1331 4052 1503 4148 eriperent
1524 4071 1671 4147 regnam
1689 4050 1818 4148 pariter
1836 4057 1873 4123 et
1889 4069 1944 4120 co·

529 4197 662 4250 ronam.
681 4173 837 4249 ilabebat
851 4185 1005 4271 preterea
1018 4177 1262 4250 diffamationis
1278 4177 1425 4270 adjectio
1438 4176 1535 4273 quod
1545 4197 1651 4272 quem
1665 4175 1775 4248 tutrix
1792 4171 1942 4246 Ecclesia

532 4299 653 4374 debuit
675 4321 879 4397 promovere
893 4300 1035 4395 deJecit,
1053 4304 1190 4398 erigens
1206 4303 1241 4374 iu
1259 4303 1344 4377 sede
1358 4311 1501 4398 paterna
1516 4303 1691 4374 hominem
1710 4300 1865 4374 alienum
1882 4297 1941 4393 qui

531 4447 601 4499 non
631 4435 809 4500 contentus
831 4427 975 4524 imperio
1003 4428 1050 4501 ad
1073 4451 1220 4522 regnum
1245 4427 1492 4501 nichilominus
1523 4425 1703 4523 aspiravit.
1726 4425 1769 4496 Et
1798 4423 1940 4518 quidem

531 4570 601 4622 non
630 4551 665 4623 id
693 4550 815 4624 habuit
842 4553 1008 4626 hactenus
1034 4561 1094 4626 tua
1117 4553 1307 4644 confessio,
1331 4573 1401 4626 non
1427 4550 1466 4625 id
1490 4550 1687 4624 continebat
1712 4570 1825 4643 usqne
1849 4567 1939 4618 nuuc

530 4681 667 4744 tuarum
685 4675 789 4748 series
807 4677 994 4750 litterarum
1012 4677 1141 4772 quibus
1162 4687 1241 4774 post
1262 4680 1373 4750 Deum
1398 4685 1508 4751 totum
1524 4675 1720 4748 ascribebas
1741 4671 1861 4744 mauis
1878 4671 1938 4742 Eo·
