4272 5886
546 535 607 598 586
1047 532 1261 594 rainbaldi
1286 531 1459 594 secubat
1771 529 1853 616 [Au.
1871 531 1959 592 iffi

597 671 722 744 Datum
736 667 832 768 apud
846 670 1016 760 Parmam,
1036 689 1128 742 anno
1144 667 1331 768 [dominice
1344 661 1601 762 incarnationis]
1616 665 1826 758 lthCXXVl,
1842 688 1961 740 meme

548 793 649 886 maii,
667 792 925 888 quartadecima
941 791 1151 867 indictionis,

441 1383 455 1414 ¹¹
488 1456 496 1482 ‚
604 1370 833 1474 Fridericus,
859 1370 1119 1455 Romanorum
1141 1369 1359 1478 imperator,
1384 1364 1742 1450 Vallumbrosanam
1763 1363 1958 1448 ecclesiam

449 1493 472 1527 ⁰'
551 1531 641 1590 cum
677 1505 856 1590 omnibus
887 1505 1053 1588 ecclesiis
1089 1504 1428 1588 vallumbrosanae
1461 1498 1766 1612 congregationis
1801 1495 1959 1581 ubilibet

551 1640 684 1750 positis
708 1639 748 1721 in
775 1639 1005 1748 protectione
1032 1665 1102 1722 sua
1127 1637 1280 1748 speciali
1311 1636 1466 1746 recipit,
1486 1635 1597 1745 eique
1618 1633 1844 1746 generaliter
1869 1655 1958 1714 con·

552 1772 680 1856 firmat
696 1772 893 1884 privilegia
909 1770 959 1854 ab
975 1797 1046 1854 avo
1063 1782 1101 1854 et
1117 1781 1224 1880 patre
1241 1797 1312 1854 suo
1330 1769 1560 1880 jamdudum
1577 1793 1771 1852 concessa.

634 1987 751 2064 (Edidit
764 1987 855 2062 Lm,
872 1985 962 2048 Delie.
973 1984 1095 2063 madia,
1108 1995 1181 2050 tom.
1194 1988 1249 2062 ΙΙΙ,
1264 2005 1296 2067 p.
1308 1998 1378 2064 2⁵2,
1393 1994 1423 2050 at
1436 1987 1563 2048 unauna
1580 1983 1672 2047 mles.
1687 1981 1832 2058 Floreat„
1846 1989 1921 2044 tom.
1930 1981 1956 2058 1,

670 2112 700 2174 p
719 2089 800 2178 arr.)

597 2281 792 2357 Fridericos
808 2281 871 2355 Dei
884 2282 993 2378 gratia
1005 2282 1235 2356 Romanorum
1251 2282 1446 2377 imperator,
1459 2303 1595 2377 semper
1607 2289 1791 2374 augustus,
1800 2279 1959 2350 Hierusa-

398 2501 409 2514 .
550 2411 616 2482 lem
635 2419 669 2481 et
694 2408 808 2480 Sicilie
828 2429 904 2480 rex.
925 2407 1019 2481 Licet
1038 2409 1148 2501 gratie
1170 2408 1356 2503 imperialis
1378 2407 1575 2502 benignitas
1594 2405 1779 2498 singularis
1801 2401 1960 2476 fidelibus

550 2542 584 2608 et
599 2532 734 2607 devotis
750 2531 823 2606 suis
836 2533 1059 2607 favorabilem
1075 2533 1241 2606 exhibere
1251 2533 1436 2623 sedebcat,
1448 2533 1515 2605 illis
1531 2530 1724 2628 specialiter
1741 2527 1960 2602 favorabilior

550 2679 626 2734 cese
652 2667 786 2732 tenetur
806 2657 869 2754 qui
892 2657 1079 2732 mundanis
1103 2659 1340 2753 voluptatibus
1367 2657 1536 2732 abdicatis
1561 2657 1702 2730 omnino
1731 2654 1797 2727 soli
1823 2651 1961 2726 servitio

551 2785 643 2856 illins
668 2784 803 2858 celestis
827 2783 994 2880 principis
1021 2783 1199 2858 adhesisse
1219 2791 1425 2872 noscantur,
1452 2803 1558 2877 quem
1582 2780 1728 2854 adorant
1749 2788 1785 2852 et
1804 2787 1961 2852 metuunt

550 2917 759 3004 regestoria
783 2917 818 2981 et
844 2908 889 2982 dc
912 2906 1096 3005 prudentia
1119 2907 1195 2998 ejus
1218 2907 1394 3000 fastigium
1417 2908 1501 2980 tanti
1523 2905 1672 2980 nominis
1692 2925 1734 2978 ac
1759 2902 1960 2998 dignitatem

551 3032 754 3107 adsumunt.
777 3032 863 3106 lnde
882 3043 935 3106 cst
954 3033 1062 3127 igitur
1076 3032 1171 3128 qood
1190 3042 1311 3106 notum
1330 3053 1407 3106 csse
1426 3034 1589 3106 volumus
1610 3029 1783 3104 universis
1800 3028 1961 3103 fidelibus

551 3157 678 3230 nostris
693 3178 754 3252 per
767 3157 951 3251 imperinm
964 3157 1157 3230 constitutis
1171 3165 1241 3230 mm
1256 3157 1474 3253 presentibus
1487 3179 1594 3250 quam
1610 3155 1735 3228 futuris
1748 3155 1848 3248 quod
1864 3157 1960 3227 irata

552 3281 728 3375 Benignus
745 3281 953 3354 venerabilis
967 3279 1076 3354 abbas
1092 3281 1288 3354 monasterii
1301 3280 1581 3372 Vallisnmbrose,
1596 3278 1744 3352 devotus
1758 3289 1888 3372 noster,
1905 3299 1961 3377 per

553 3405 720 3477 nuncium
735 3413 771 3478 et
787 3405 995 3478 monachum
1011 3427 1113 3477 suom
1127 3405 1265 3478 fratrem
1281 3405 1446 3479 iacobum
1465 3404 1536 3478 duo
1551 3404 1755 3500 privilegia,
1774 3425 1887 3477 unum
1904 3405 1962 3477 vi-

553 3531 679 3604 delicet
702 3530 867 3603 Friderici
891 3531 1104 3627 imperatoris
1127 3531 1310 3605 recolende
1330 3533 1493 3605 memorie
1514 3529 1692 3625 quondam
1715 3530 1775 3602 avi
1800 3530 1909 3602 nostri
1931 3537 1963 3602 et

552 3657 650 3730 aliud
667 3657 804 3729 Henrici
821 3667 904 3730 tunc
921 3657 1013 3751 regis
1033 3667 1068 3730 et
1088 3657 1302 3754 imperatoris
1317 3657 1494 3752 quondam
1515 3658 1572 3752 pie
1589 3655 1838 3730 recordationis
1859 3658 1963 3753 patris

553 3781 658 3854 nostri
673 3782 778 3854 nnius
794 3803 857 3878 per
871 3785 986 3856 omnia
1000 3781 1227 3877 ejusdemque
1245 3783 1385 3872 tenoris,
1401 3789 1516 3854 nostre
1527 3781 1723 3854 celsitudini
1739 3783 1960 3879 presentavit,

554 3904 741 4000 inquibus
763 3904 917 3981 vidimus
937 3907 1102 3979 contineri
1124 3907 1271 4001 qualiter
1293 3906 1439 4002 predicti
1460 3927 1549 3978 avus
1574 3915 1609 3979 et
1632 3914 1731 4001 pater
1754 3916 1871 3981 noster
1886 3907 1964 3980 Val-

554 4030 809 4103 lumbrosanam
826 4031 1005 4103 ecclesiam
1022 4054 1102 4104 com
1114 4031 1276 4103 omnibus
1289 4031 1505 4105 monasteriis
1516 4030 1802 4104 vallumbrosana
1818 4051 1965 4125 congra-

555 4155 703 4249 gationis
715 4155 860 4228 ubilibet
868 4154 990 4252 positis
1001 4155 1068 4227 sub
1080 4176 1142 4227 sua
1153 4157 1364 4251 pmtectione
1377 4165 1589 4252 receperant,
1598 4165 1789 4228 satuentes
1798 4166 1838 4228 nt
1851 4156 1965 4228 nullus

555 4278 845 4375 archiepiscopus,
857 4281 1054 4376 episcopus,
1068 4279 1157 4366 dux,
1170 4281 1333 4368 marchio,
1350 4303 1479 4372 comcs,
1490 4283 1697 4372 vicecomes,
1711 4281 1808 4354 nulla
1827 4281 1962 4370 civitas,

554 4404 649 4476 nulla
661 4426 806 4499 persona
822 4426 931 4500 parva
946 4405 1003 4476 vel
1019 4426 1158 4499 magna,
1171 4405 1401 4478 ecclesiastica
1417 4406 1475 4479 vel
1489 4405 1667 4498 secularis,
1678 4403 1835 4501 predicta
1847 4427 1962 4478 mona·

555 4527 655 4598 steria
673 4529 863 4623 inquietare
878 4526 1006 4602 audeat
1021 4530 1076 4601 vel
1089 4550 1209 4602 eorum
1225 4530 1459 4624 possessiones
1476 4530 1534 4602 vel
1554 4529 1690 4623 reliqua
1705 4529 1798 4603 bona
1813 4530 1960 4618 aniene,

555 4649 710 4723 minuere
722 4653 780 4724 vel
795 4674 1014 4747 quocumque
1031 4653 1135 4726 modo
1158 4674 1289 4728 vexare
1310 4662 1503 4750 presumat,
1520 4653 1580 4730 sed
1605 4663 1732 4728 cuncta
1749 4675 1821 4750 qna
1836 4651 1961 4728 medem
