4436 5870
561 534 602 600 au
1071 539 1283 604 rutonurcr
1308 541 1481 603 succum
1790 542 1871 622 [cn.
1889 543 1975 606 raso

615 677 654 748 lu
670 678 832 752 eumdem
847 679 990 753 modum
1003 679 1169 776 scriptum
1182 689 1234 752 est
1246 681 1284 752 C.
1293 679 1472 752 Portuansi
1485 678 1661 774 episcope,
1673 675 1868 774 Apostolioc
1885 679 1976 754 sedis

562 802 676 896 legato
693 829 703 874 a
722 803 932 876 Kurissimus
946 803 983 875 in
1001 803 1134 876 Christo
1149 801 1244 876 filius
1260 815 1387 894 noster,
1403 813 1487 895 etc,
1500 814 1540 874 ot
1557 825 1662 898 supro
1676 825 1781 898 repre
1793 803 1840 875 od
1848 831 1859 874 :
1875 805 1975 876 auri-

563 927 650 1000 lium
667 934 703 1000 et
717 927 868 1000 favorem
883 935 920 1000 et
935 927 1042 1002 iacias
1055 949 1077 1002 a
1092 928 1285 1024 prelatis'et
1299 927 1380 1000 aliis
1391 927 1657 1002 consistentibus
1673 927 1710 999 iu
1727 937 1788 1000 tua
1803 927 1974 1022 legadons

562 1051 719 1147 prestari.
745 1051 946 1148 specialiter
968 1061 1084 1126 anmm
1102 1052 1318 1127 venmumles
1339 1053 1461 1130 traua
1484 1061 1623 1127 nocuas
1640 1052 1917 1140 valentinensem
1939 1067 1973 1126 ct

562 1175 722 1248 Diensem
740 1177 938 1272 episcopos,
954 1175 1001 1249 de
1013 1197 1162 1270 quorum
1179 1175 1250 1252 lide
1260 1185 1368 1272 atque
1386 1175 1574 1273 prudentia
1586 1197 1651 1250 nos
1662 1183 1698 1248 et
1710 1175 1804 1248 idem
1820 1175 1972 1248 marchio

563 1301 716 1395 gerimus
733 1299 897 1374 fiduciam
913 1299 1111 1396 specialem,
1122 1300 1155 1372 ei
1171 1299 1383 1374 consiliarios
1397 1307 1433 1374 et
1449 1299 1651 1373 auxiliarios
1668 1299 1828 1397 deputes,
1844 1311 1884 1372 ut
1895 1302 1972 1374 vice

562 1435 623 1498 tua
640 1425 792 1520 dirigant
810 1446 950 1519 gressus
964 1427 1040 1516 ejus
1062 1434 1097 1497 et
1116 1425 1246 1498 iaciant
1269 1426 1337 1500 alia
1357 1448 1428 1521 que
1449 1425 1578 1520 negotii
1601 1425 1667 1498 sibi
1690 1425 1862 1500 commissi
1884 1447 1971 1522 pro·

561 1549 667 1622 motio
681 1549 859 1623 videbitur
872 1551 1058 1646 postulare.
1078 1551 1217 1642 Datum,
1234 1562 1273 1622 ut
1286 1573 1403 1646 cupro.

435 2203 523 2290 mm·
609 2165 800 2250 Honorius
823 2190 924 2276 popa
944 2165 1099 2276 Pelagio
1126 2112 1335 2249 Albanensi
1347 2109 1524 2276 episcopo
1539 2109 1782 2277 ¹Apostolicae
1797 2167 1897 2252 sedis
1915 2167 1970 2252 le-

556 2307 646 2408 gato
665 2299 816 2383 nuntiat
842 2325 883 2382 se
905 2297 1139 2383 Fridericum
1155 2299 1196 2381 in
1218 2300 1479 2385 Romanorum
1500 2301 1765 2411 imperatorem
1781 2329 1860 2386 una
1881 2330 1968 2387 cum

555 2433 729 2517 consorte
754 2432 891 2543 cJucin
914 2431 1072 2516 basilica
1093 2432 1221 2516 Sancti
1237 2432 1337 2516 Petri
1361 2457 1588 2543 coronasse3
1611 2435 1679 2546 qui
1698 2462 1788 2518 cum
1813 2463 1967 2521 succur-

555 2592 643 2650 sum
660 2568 839 2651 exercitui
854 2567 1063 2652 christiano
1081 2567 1122 2652 in
1142 2568 1316 2678 proximo
1338 2569 1477 2652 martio
1503 2569 1772 2654 destinandum
1790 2579 1828 2654 et
1842 2597 1885 2654 sc
1899 2571 1966 2680 ip-

554 2725 642 2782 sum
664 2701 704 2783 in
729 2703 901 2812 sequenti
923 2709 1088 2814 augusto
1109 2701 1358 2815 personaliter
1381 2701 1711 2787 transfretaturum
1730 2705 1964 2814 promiserit,

554 2833 602 2916 dc
616 2831 829 2920 desiderato
843 2860 1025 2919 succursu
1040 2834 1195 2919 tandem
1213 2831 1390 2920 habendo
1410 2835 1655 2920 confortetur.

635 3071 721 3156 [Edit
737 3094 785 3155 cp.
799 3050 976 3156 Ruinam„
989 3074 1101 3140 Aoool.
1116 3073 1304 3158 ccclea‚tom.
1316 3079 1343 3154 1,
1354 3079 1394 3142 ad
1410 3096 1482 3142 unu.
1502 3086 1589 3154 lito,
1604 3077 1727 3161 §XX1.)

606 3293 790 3384 Honorius,
804 3301 886 3385 etc,
897 3291 1036 3388 Pelagio
1048 3291 1234 3366 albanensi
1252 3295 1425 3390 episcopo,
1437 3292 1631 3391 Apostolice
1644 3291 1738 3368 sedis
1755 3294 1881 3387 legato,
1896 3303 1962 3368 etc.

555 3417 645 3503 Quia
661 3417 790 3490 sdmus
810 3417 965 3491 animum
979 3427 1078 3489 tuum
1099 3439 1204 3512 super
1224 3427 1314 3491 statu
1334 3419 1470 3515 imperii
1487 3419 1726 3515 expectatione
1742 3437 1963 3514 suspensum,

556 3519 637 3616 soce
660 3551 720 3615 tue
744 3541 946 3616 fraternitati
964 3542 1181 3638 exponimus
1205 3565 1270 3616 nos
1296 3543 1474 3618 dominica·
1495 3553 1576 3617 ante
1602 3543 1802 3617 Adventum
1829 3543 1965 3617 Domini

557 3667 717 3763 proxima
730 3666 969 3740 charissimum
991 3668 1029 3740 in
1046 3665 1179 3741 Christo
1202 3667 1312 3740 lilium
1329 3675 1484 3742 nostrum
1502 3649 1722 3742 liudericum
1735 3668 1966 3741 Romanorum

555 3793 808 3888 imperatorem,
824 3811 959 3889 semper
972 3802 1158 3888 augustum
1170 3801 1207 3867 ct
1221 3808 1337 3888 regem
1353 3792 1469 3866 Sicilie
1483 3793 1706 3866 etillustr‘em
1714 3793 1965 3888 imperatricem

556 3929 754 3992 consortem·
771 3916 847 4012 cjus
870 3913 906 3989 in
919 3915 1093 4014 'principis
1115 3915 1356 4014 Apostolorum
1382 3915 1530 3991 basilica
1548 3939 1629 3990 cum
1649 3917 1872 3991 inestimabili
1892 3919 1967 3991 ula-

557 4043 749 4118 oritatcac
766 4063 852 4139 pace
873 4041 1004 4116 civium
1029 4029 1533 4116 Romanorum·solemnissime
1554 4045 1754 4134 coronasse3
1779 4041 1860 4137 qul,
1879 4042 1969 4115 iacta

558 4167 668 4242 tribus
686 4167 811 4243 diebus
833 4169 871 4240 in
885 4177 1003 4241 monte
1019 4166 1110 4242 idalo
1131 4185 1238 4240 mora'
1250 4167 1425 4258 continuat
1441 4164 1582 4239 undem
1595 4165 1738 4262 praedia
1749 4165 1854 4240 nobis
1869 4185 1968 4238 secu·

559 4292 658 4368 ritate
679 4294 774 4390 quod
801 4292 926 4367 tibist
954 4291 1140 4365 christiano
1166 4291 1334 4366 exercitui
1363 4290 1588 4386 inproximo
1617 4291 1969 4364 martiosuccursum

560 4418 743 4512 magnifice
768 4417 956 4491 destinabit
979 4425 1014 4490 ct
1041 4416 1078 4488 in
1104 4417 1275 4512 sequenti·
1291 4425 1439 4510 augusto
1465 4413 1965 4512 personaliteroanstratobit,

559 4561 705 4637 aeguum
730 4563 810 4614 cum
832 4562 919 4637 pace
940 4549 976 4614 et
996 4540 1126 4632 gaudio
1144 4551 1198 4615 est
1213 4541 1405 4635 ingressus,
1423 4561 1464 4614 ea
1485 4539 1625 4635 quoad
1646 4537 1843 4613 subsidium
1868 4541 1968 4612 Terre

560 4668 685 4740 macc
696 4665 867 4763 pertinent
880 4664 1095 4761 provisurus.
1112 4665 1310 4740 confortare
1323 4685 1407 4757 ergo
1424 4663 1461 4736 in
1473 4663 1623 4737 Domino
1634 4673 1670 4738 et
1685 4663 1722 4735 in
1737 4663 1812 4758 ejus
1827 4661 1968 4736 seruitio
