4436 5870
260 538 357 597 isurun
373 533 419 618 9.]
706 529 904 591 HISTORIA
927 527 1218 594 nilholthrlca.
1654 529 1674 588 3

379 667 562 748 mentoris
587 665 784 728 Romanorum
811 663 973 728 adbtolr‘tcr
995 664 1074 728 adito
1101 675 1129 729 et
1149 664 1300 748 publicus
1325 667 1359 726 s'o
1391 662 1508 727 davides
1529 667 1674 748 praudpis

378 772 616 856 apostoncae
628 771 676 834 dia
686 791 746 854 quo
760 769 907 853 imperiali
915 771 1049 836 diademo
1058 775 1204 837 comasii
1216 793 1282 834 mm
1294 773 1426 834 Romana
1438 769 1567 838 Ecclesia
1579 781 1673 838 sata

379 899 448 957 aaa,
462 889 540 954 eta,
560 881 642 958 quod
654 886 799 942 testantur
816 883 1023 954 Esvrsnons,
1041 877 1150 942 sonat
1170 879 1274 950 oscha.
1289 880 1328 942 sd
1340 897 1413 942 ann.
1434 889 1528 956 1220,
1544 878 1562 962 5
1581 887 1672 960 ²⁴,at

380 988 729 1066 litteraelpsaelionoril,
741 987 803 1049 dat.
815 987 963 1062 Laterani,
975 989 1005 1048 11
1017 992 1258 1067 nonasJanunril,
1268 987 1456 1066 pontificatus
1466 989 1670 1068 mnoqututo,

379 1093 447 1156 ibid.
458 1093 496 1174 ,ἓ
510 1104 559 1156 ta.
575 1095 666 1155 Extat
683 1100 831 1172 practerea
848 1097 879 1154 ln
899 1095 1016 1156 duobus
1031 1097 1125 1158 codic.
1144 1113 1204 1158 sec.
1223 1096 1295 1176 XlVy
1314 1097 1435 1157 lialensl
1452 1102 1483 1165 at
1494 1095 1672 1158 Franoolur·

379 1209 466 1274 tuno,
485 1203 517 1262 ln
539 1201 648 1280 quibus
670 1203 841 1260 oonsdtutio
854 1199 893 1260 ab
906 1199 1037 1261 Honorio
1055 1201 1227 1264 conllrmnts
1246 1206 1313 1280 post
1331 1201 1420 1262 libros
1441 1201 1598 1263 feudorum
1618 1201 1671 1262 ha·

379 1308 476 1370 betur.
492 1307 605 1370 misto
615 1312 660 1368 est
671 1311 822 1384 praeterea
834 1323 852 1366 a
866 1307 952 1366 Perta
965 1323 1033 1368 cum
1048 1307 1171 1368 codidb.
1190 1307 1263 1369 blbl.
1278 1308 1372 1369 Paiat.
1392 1305 1523 1369 vindob.
1539 1325 1549 1369 r
1564 1304 1669 1370 aaut.

381 1424 439 1477 tta
450 1414 574 1496 -juris
590 1413 644 1475 cio.
663 1413 822 1495 s-jorts
836 1429 938 1472 canoa
958 1422 1025 1475 127.
1041 1413 1141 1476 Edidit
1153 1431 1272 1494 quoque
1284 1416 1378 1487 limo,
1394 1412 1462 1475 cod
1478 1411 1593 1494 diplom
1611 1413 1672 1476 ilu-

379 1523 495 1601 supas,
505 1539 537 1600 p.
551 1531 622 1594 sat,
636 1538 674 1582 ex
687 1521 772 1598 eopia
785 1537 864 1582 anno
880 1528 969 1599 12111,
988 1529 1018 1582 1·
1028 1520 1167 1600 octobris,
1176 1523 1328 1594 vidimata,
1346 1522 1398 1584 sad
1410 1537 1480 1582 oum
1492 1523 1571 1582 notis
1585 1520 1671 1582 chro-

378 1631 522 1708 nologicis
535 1627 719 1690 variantibus
732 1633 763 1688 et
780 1629 890 1688 omisso
913 1627 1046 1689 exordio.
1067 1627 1143 1690 Vide
1164 1635 1265 1690 notam
1284 1628 1323 1690 ad
1343 1630 1451 1690 calcem
1469 1627 1560 1706 hujus
1577 1627 1670 1690 docu-

379 1740 483 1798 menti.
494 1737 640 1798 Numeros
648 1753 724 1813 quos
735 1735 842 1813 adjacit
853 1736 940 1796 Perta
950 1736 990 1796 ad
998 1739 1143 1813 majorem
1156 1737 1252 1798 lucem
1266 1737 1461 1798 servavimus.
1469 1734 1669 1798 -ldemorst

378 1845 468 1906 elium
481 1861 499 1906 a
512 1843 599 1905 Rrec.
616 1859 655 1902 os
669 1843 701 1904 S.
718 1842 831 1916 Gran,
846 1842 886 1902 ad
903 1859 975 1903 ann.
993 1845 1095 1918 1220.)

307 2031 503 2108 Fridericus
526 2031 588 2104 Dei
608 2029 718 2125 gratia
737 2031 968 2103 Romanorum
987 2030 1173 2127 imperator
1185 2041 1220 2104 at
1238 2053 1374 2128 semper
1395 2039 1583 2126 augustus,
1597 2031 1671 2104 du-

259 2159 373 2250 cibus,
390 2157 663 2247 marchionibus,
677 2157 873 2248 sonitibus,
886 2156 1090 2252 cunctisque
1107 2158 1242 2253 populis
1256 2177 1346 2252 quos
1360 2156 1539 2230 clementie
1555 2165 1670 2231 nostru

259 2284 347 2379 regit
375 2282 558 2378 imperium
587 2283 792 2355 salutemet
819 2283 976 2376 gratiam.
1006 2281 1127 2356 ludis
1151 2283 1290 2378 quade
1316 2304 1422 2354 manu
1450 2281 1670 2356 sacratissimi

258 2409 365 2503 patris
388 2407 496 2480 nostri
515 2406 642 2479 summi
661 2403 834 2501 pontificis
847 2403 1039 2500 recepimus
1057 2404 1191 2500 imperii
1210 2405 1391 2489 diadema,
1410 2407 1609 2480 curavimus
1623 2407 1669 2480 ad

257 2531 320 2603 Ilei
337 2538 371 2605 et
392 2530 544 2604 Ecclesia
561 2551 624 2602 sue
647 2529 812 2602 honorem
834 2529 939 2602 edere
955 2528 1124 2623 quasdam
1150 2531 1244 2624 leges
1264 2551 1353 2624 quas
1375 2532 1523 2625 presenti
1544 2533 1670 2626 pagine

254 2656 422 2750 jussimus
446 2657 602 2729 annotari
621 2677 683 2752 per
706 2665 814 2728 totum
833 2664 987 2728 nostrum
1010 2655 1194 2752 imperium
1216 2655 1462 2752 publicandas,
1482 2656 1671 2754 perimpe-

259 2780 355 2855 rialia
377 2783 479 2854 vobis
503 2782 630 2877 scripta
648 2779 871 2876 precipiendo
896 2779 1101 2854 mandantes
1118 2782 1282 2876 quatinus
1300 2802 1360 2854 eas
1377 2781 1527 2877 quisque
1550 2783 1587 2854 in
1607 2805 1671 2856 suo

258 2906 415 2978 districtu
436 2905 713 2998 irrefragabiliter
730 2914 764 2977 et
781 2905 985 2978 inconcusse
1003 2906 1158 2978 servetis.
1178 2908 1266 2977 Sunt
1283 2915 1399 2978 autern
1416 2905 1483 2979 hae
1497 2907 1591 3000 leges
1608 2932 1617 2976 ε

308 3033 342 3102 l.
369 3027 425 3102 Ad
444 3027 552 3102 decus
567 3039 601 3101 et
618 3029 775 3101 decorem
794 3028 930 3124 imperii
948 3037 983 3101 et
1002 3029 1048 3101 ad
1063 3030 1201 3102 laudem
1217 3029 1361 3102 Romani
1380 3030 1544 3126 principis
1564 3031 1669 3103 nichil

257 3154 368 3248 magis
384 3153 524 3227 videtur
543 3152 709 3226 accedere
724 3175 830 3247 quam
849 3163 889 3225 ut
904 3153 1107 3249 expurgatis
1121 3153 1353 3248 quorumdam
1366 3153 1539 3228 erroribus
1551 3165 1587 3228 et
1604 3155 1669 3226 ini·

256 3278 336 3374 quis
347 3279 578 3374 quorumdam
594 3277 730 3351 statuis
743 3279 880 3373 penitus
895 3278 1080 3370 destitutis,
1093 3278 1138 3353 de
1150 3289 1262 3353 cetero
1273 3280 1423 3352 Ecclesia
1438 3280 1540 3374 plena
1552 3279 1670 3374 quiete

255 3403 372 3498 vigeat
388 3413 423 3477 et
435 3425 555 3477 secura
577 3403 728 3498 gaudeat
747 3403 913 3476 libertate.
938 3406 1027 3476 Sane
1051 3403 1139 3476 adeo
1164 3402 1355 3476 infidelium
1378 3403 1611 3499 quorumdam
1633 3415 1668 3478 et

256 3548 496 3623 perversorum
515 3528 680 3622 iniqnitas
697 3527 891 3601 abundavit
907 3535 1030 3598 utnon
1047 3527 1207 3600 dubitent
1221 3537 1339 3602 contra
1352 3529 1573 3624 apostolicam
1590 3527 1667 3603 dis-

256 3652 418 3748 ciplinam
434 3661 468 3724 et
489 3673 604 3725 sacrm
623 3673 772 3725 canones
791 3674 855 3726 sua
876 3661 1003 3725 statuta
1019 3651 1215 3746 confingere
1234 3652 1404 3726 adversus
1421 3654 1668 3727 ecclesiasticas

255 3797 420 3870 personas
436 3785 471 3850 et
487 3777 637 3850 Ecclesia
649 3777 852 3850 libertatem.
869 3777 953 3850 Cum
969 3799 1052 3872 ergo
1068 3779 1218 3852 Ecclesia
1234 3801 1303 3873 que
1317 3779 1424 3851 nichil
1437 3779 1542 3852 debet
1556 3789 1668 3875 preter

255 3901 385 3973 bonum
400 3910 562 3997 appetere
572 3902 796 3997 dispositione
807 3902 929 3976 divina
942 3905 1085 3977 iaciente
1098 3903 1147 4000 (o)
1159 3904 1263 3977 nichil
1278 3904 1465 3998 velitquod
1485 3904 1585 3976 nohis
1600 3923 1666 3976 eo-

256 4024 335 4096 dem
352 4045 456 4098 cursu
471 4027 688 4098 voluntatum
702 4047 771 4098 non
787 4027 932 4121 placeat,
948 4049 1010 4100 nos
1028 4028 1222 4128 Friderious
1237 4029 1298 4102 Dei
1313 4027 1422 4121 gratia
1435 4028 1665 4100 Romanorum

254 4150 438 4246 imperator
452 4161 488 4224 et
498 4172 634 4246 semper
646 4161 815 4244 augustus
826 4151 893 4224 hac
909 4152 1047 4226 edictali
1063 4153 1139 4248 lege
1155 4153 1328 4226 irritamus
1343 4162 1379 4224 et
1389 4151 1598 4246 precipimus
1611 4152 1665 4222 ir-

253 4274 317 4347 rita
335 4275 487 4347 nuntiari
502 4275 617 4349 omnia
638 4284 764 4370 statuta
783 4285 817 4348 et
835 4278 1103 4350 consuetudines
1119 4300 1188 4372 que
1201 4277 1356 4350 civitates
1370 4277 1428 4350 vel
1442 4278 1534 4364 loca,
1553 4286 1666 4373 potes·

254 4407 355 4492 tates,
375 4401 534 4473 consules
557 4402 611 4473 vel
634 4422 854 4496 quecumque
874 4401 942 4474 alie
963 4423 1110 4498 persone
1129 4410 1248 4477 contra
1263 4403 1438 4477 libertates
1454 4401 1605 4476 Ecclesia
1623 4423 1665 4475 ac

296 4659 337 4741 (a)
359 4661 577 4745 arassoao.
