4292 5894
541 528 604 591 306
1040 539 1255 606 intuuntur
1280 547 1456 612 secubet
1769 553 1850 633 [Amr.
1867 554 1953 618 122³.

546 669 744 762 temporalis
758 671 864 744 nostri
881 673 992 768 regni,
1012 676 1177 771 petitione
1194 679 1306 757 fidelis
1324 687 1431 762 nosui
1448 685 1625 762 Adelborti
1640 689 1804 784 prepositi
1818 693 1958 766 ecclesie

547 790 661 862 Sancti
679 793 825 867 Servatii
845 805 880 868 et
894 799 1087 872 cancellarii
1105 805 1232 899 nostri,
1251 810 1431 884 ecclesiam
1444 810 1650 884 existentem
1667 811 1703 884 in
1721 812 1804 886 villu
1818 837 1889 910 que
1905 815 1957 888 di·

548 911 637 986 citur
661 916 884 991 Lodenalium
905 919 955 1016 (o)
977 923 1076 996 sitam
1101 925 1137 998 in
1161 951 1252 1024 pago
1271 933 1426 1008 Aebauie
1448 935 1487 1006 in
1507 935 1705 1032 episcopatu
1727 936 1908 1010 leodiensi
1922 937 1956 1010 in

549 1039 710 1114 comitatu
735 1044 871 1116 comitis
891 1043 1028 1120 Arnulli
1048 1048 1094 1122 de
1113 1053 1179 1125 Les
1202 1077 1249 1127 ex
1277 1059 1486 1154 proprietate
1507 1059 1653 1154 predicti
1679 1060 1794 1154 sancti
1817 1060 1863 1134 ad
1888 1062 1957 1134 sin-

548 1165 702 1258 gularem
722 1189 824 1240 usum
849 1171 981 1242 servitii
1002 1175 1107 1246 nostri
1131 1179 1358 1270 pertinentem
1376 1183 1538 1256 fratribus
1559 1184 1669 1280 ipsius
1691 1185 1800 1256 saneti
1816 1185 1863 1258 ad
1882 1187 1958 1258 sin-

547 1291 702 1382 gularem
731 1315 834 1365 usum
865 1317 968 1367 suum
995 1299 1209 1396 remisimus,
1231 1313 1266 1378 et
1288 1327 1350 1402 per
1374 1329 1515 1380 manum
1541 1308 1675 1380 comitis
1702 1310 1890 1382 Hermanni
1916 1311 1959 1384 de

546 1414 824 1490 Obiuzemburch
841 1418 888 1493 ad
908 1443 1010 1494 usum
1035 1424 1188 1521 ipsorum
1211 1430 1353 1504 fratrum
1377 1430 1477 1506 firma
1500 1431 1683 1506 traditione
1707 1431 1956 1529 delegavimus.

545 1541 641 1613 Hane
663 1551 778 1615 autem
795 1543 951 1641 predicte
972 1549 1117 1622 ecclesie
1137 1550 1388 1648 delegationem
1406 1556 1473 1630 hac
1490 1558 1568 1652 lege
1583 1567 1619 1630 et
1635 1556 1701 1630 boc
1721 1557 1800 1649 jure
1817 1559 1960 1632 fecimus

549 1677 587 1738 ut
610 1676 697 1740 terra
725 1691 946 1772 quecumque
972 1672 1018 1745 ad
1041 1673 1174 1747 dotium
1200 1679 1345 1752 ecclesie
1371 1681 1554 1776 pertineat,
1575 1681 1666 1754 sicut
1686 1691 1721 1754 et
1739 1681 1960 1756 dominicales

547 1793 657 1864 mansi
680 1795 785 1866 curtis
810 1791 845 1866 in
864 1795 1087 1870 todenalium
1104 1801 1236 1894 quoad
1254 1812 1404 1877 nostram
1418 1807 1618 1878 servitutem
1636 1806 1795 1901 pertinet,
1818 1807 1959 1880 liberam

547 1919 825 1991 communionem
844 1903 994 1994 habeant
1009 1923 1045 1994 in
1058 1925 1213 1998 exitibus
1230 1935 1264 2000 et
1279 1927 1489 2022 redditibus,
1508 1930 1659 2026 pascuis,
1683 1929 1793 2020 silvie,
1810 1931 1914 2026 aquis
1928 1940 1961 2004 et

548 2041 584 2113 in
598 2043 762 2116 omnibus
775 2044 912 2138 usibue;
929 2045 1145 2122 advocatiam
1159 2071 1301 2145 quoque
1315 2052 1378 2125 soli
1391 2055 1578 2150 preposito,
1592 2053 1831 2126 investituram
1845 2063 1959 2128 autem

546 2167 724 2263 prebende
745 2169 927 2265 presbiteri
951 2173 979 2242 si
997 2181 1155 2244 mortuus
1178 2176 1282 2248 luerit
1307 2186 1342 2250 et
1365 2199 1502 2250 omnem
1527 2177 1700 2272 reliquum
1724 2199 1829 2250 usum
1851 2177 1961 2274 ipsius

547 2293 690 2364 ecclesie
715 2302 847 2365 tantum
871 2292 1002 2368 decano
1027 2304 1062 2368 et
1079 2298 1242 2372 iratribus
1263 2301 1544 2398 conscripsimus.
1569 2303 1612 2374 Et
1634 2324 1679 2376 ne
1702 2301 1798 2376 lieet
1817 2312 1960 2376 contro-

544 2418 832 2491 versialratribus
845 2419 1064 2515 postmodum
1083 2421 1128 2495 de
1143 2423 1327 2499 traditione
1343 2425 1454 2522 ipsius
1470 2427 1615 2500 ecclesie
1629 2427 1957 2523 contingerepossit,

547 2541 592 2615 de
607 2566 713 2616 manu
728 2545 862 2616 comitis
876 2544 1015 2618 Bertolti
1031 2546 1076 2619 de
1090 2547 1165 2619 Han
1180 2549 1241 2645 qui
1260 2547 1418 2622 eamdem
1435 2550 1613 2624 ecclesiam
1629 2551 1665 2622 in
1681 2547 1850 2623 beneficio
1866 2550 1961 2646 prius

545 2668 668 2742 habuit
689 2691 770 2741 cum
790 2669 892 2763 legali
915 2671 1156 2767 astipulatione
1177 2673 1214 2745 in
1235 2697 1378 2748 manum
1403 2685 1554 2748 nostram
1578 2685 1613 2748 et
1635 2683 1838 2771 potestatem
1861 2695 1961 2747 rece-

545 2791 674 2888 pimus,
691 2793 812 2888 sieque
830 2815 908 2866 eam
928 2805 1100 2891 receptam
1120 2818 1182 2892 per
1202 2819 1344 2870 manum
1359 2800 1495 2872 comitis
1512 2801 1698 2873 Hermanni
1713 2799 1757 2872 de
1771 2799 1960 2874 Obiuaem-

547 2916 658 2989 burch
677 2919 831 3012 legaliter
850 2918 1101 3014 delegavimus.
1124 2921 1194 3017 lpsi
1217 2933 1332 2997 autem
1349 2925 1470 2996 iratres
1485 2946 1533 2997 ex
1552 2922 1791 2998 habundantia
1809 2924 1960 2998 caritatis

548 3063 611 3116 sue
621 3043 704 3136 quia
717 3043 903 3116 clementer
914 3065 995 3137 erga
1012 3066 1072 3118 eos
1084 3047 1229 3120 fecimus
1248 3048 1396 3122 rationes
1411 3071 1493 3122 suas
1508 3048 1607 3122 nobis
1621 3056 1826 3140 statuerunt,
1840 3050 1959 3122 saltem

548 3166 584 3236 in
613 3165 673 3239 die
700 3167 927 3240 ordinationis
954 3170 1053 3263 regni
1079 3172 1186 3244 nostri
1213 3174 1391 3247 annuatim
1420 3173 1589 3268 quamdiu
1618 3173 1812 3245 vixerimus
1840 3174 1960 3245 missas

513 3385 516 3396 Ι
545 3292 721 3365 celebrent
736 3300 772 3364 et
789 3292 865 3388 ipsa
881 3293 939 3366 die
961 3292 1147 3367 duodecim
1163 3299 1377 3394 pauperibus
1391 3299 1596 3372 elemosinas
1610 3319 1692 3372 suas
1709 3306 1872 3392 erogent;
1888 3307 1960 3393 post

548 3415 682 3489 obitum
696 3436 779 3488 vero
798 3426 954 3490 nostrum
975 3419 1010 3489 in
1026 3419 1261 3494 anniversario
1278 3433 1395 3497 nostro
1409 3445 1489 3496 cum
1511 3423 1666 3519 predicta
1682 3443 1877 3518 pauperum
1892 3424 1959 3496 ele·

549 3540 683 3614 mesina
699 3538 822 3612 missas
837 3537 994 3614 fidelium
1009 3540 1262 3616 defunctorum.

596 3664 666 3736 Nos
679 3663 797 3760 itaque
814 3663 1055 3761 supplicationi
1075 3665 1185 3762 ipsius
1198 3668 1363 3763 prepositi
1379 3667 1493 3742 tidelis
1510 3667 1617 3742 nostri
1634 3667 1850 3762 benignitate
1863 3666 1960 3740 solita

548 3789 716 3879 inclinati,
735 3789 929 3885 predictum
954 3791 1177 3886 privilegium
1199 3790 1243 3865 de
1257 3793 1365 3866 verbo
1379 3793 1598 3882 adverbum,
1618 3791 1709 3866 sicut
1730 3795 1892 3888 superius
1910 3793 1958 3865 le·

549 3914 655 4009 gitur,
674 3913 843 3987 duximus
855 3914 1093 3988 innovandum
1108 3917 1282 4013 preposito
1296 3928 1330 3990 et
1347 3918 1491 3992 ecclesie
1502 3918 1697 3991 memoratis
1713 3925 1748 3991 et
1760 3917 1959 3990 auctoritate

550 4039 717 4135 imperiali
736 4048 903 4135 perpetuo
922 4039 1217 4134 confirmandum,
1240 4051 1427 4116 statuentes
1451 4051 1486 4116 et
1507 4041 1677 4138 imperiali
1702 4041 1881 4116 sanctione
1903 4039 1958 4112 tir·

549 4162 651 4236 miter
667 4162 862 4236 inhibentes
878 4171 917 4235 ut
931 4162 977 4237 de
995 4173 1108 4236 cetero
1126 4165 1221 4237 nulla
1237 4187 1384 4260 persona
1398 4167 1466 4238 alta
1487 4166 1543 4239 vel
1561 4164 1716 4258 humilis,
1730 4164 1957 4239 ecclesiastiea

549 4287 605 4360 vel
625 4288 806 4381 secularis,
823 4287 1014 4384 predictam
1037 4289 1234 4380 ecclesiam,
1252 4291 1464 4386 prepositum
1484 4299 1519 4363 et
1535 4291 1657 4363 iratres
1670 4288 1827 4382 ejusdem
1845 4300 1958 4364 oonua

549 4411 616 4483 boc
631 4422 785 4485 nostrum
802 4412 976 4486 indultum
989 4414 1035 4488 de
1047 4413 1209 4511 predictis
1225 4416 1300 4488 suis
1317 4437 1422 4513 super
1438 4415 1603 4514 predictis
1614 4416 1808 4508 molestare,
1824 4413 1956 4511 inquie-

592 4665 633 4752 (α)
655 4667 714 4744 Sic,
724 4668 777 4730 ned
789 4677 868 4732 recte
878 4669 1059 4733 marmiae
