4368 5876
245 559 343 622 tem.
360 555 405 635 a]
698 551 895 614 rusrouru
920 553 1209 617 orruouurrcu.
1619 554 1659 616 oc

246 691 405 768 districtu
427 688 680 776 erimanorom,
699 686 861 758 comitatu
883 697 917 760 et
932 688 1188 782 jurisdictione,
1210 696 1341 764 curtem
1359 689 1557 762 Trevenzoli
1577 711 1656 762 cum

247 813 462 913 pertinentiis
490 821 526 886 et
551 810 729 899 districtu,
757 811 918 884 comitatu
945 821 980 884 et
1001 813 1241 906 jurisdictione
1271 824 1307 887 et
1334 813 1513 906 arimania,
1544 813 1658 886 locum

246 938 482 1016 llonchilevati
496 959 578 1009 cum
593 934 808 1032 pertinentiis
824 945 858 1009 et
879 935 1051 1030 districtu,
1071 938 1234 1012 comitatu
1254 948 1289 1012 et
1301 939 1555 1032 jurisdictione,
1576 960 1660 1010 cur-

248 1074 316 1138 tem
329 1062 529 1137 Vicoaderis
545 1069 580 1134 et
599 1068 749 1134 castrum
769 1081 849 1132 oum
868 1060 1025 1134 districtu
1048 1065 1299 1156 arimanorum,
1317 1065 1481 1138 comitatu
1501 1074 1536 1136 et
1554 1064 1659 1155 juris-

246 1189 409 1280 dictione,
429 1188 572 1282 ripatico
585 1193 620 1259 et
635 1185 810 1278 regalibus
826 1186 987 1258 omnibus
1002 1195 1071 1260 tam
1093 1189 1127 1260 in
1141 1189 1302 1263 theloneo
1318 1211 1424 1284 quam
1438 1189 1474 1261 in
1497 1189 1574 1260 aliis
1591 1210 1659 1281 que

246 1315 290 1389 ad
318 1313 449 1407 regiam
470 1312 525 1386 vel
543 1310 755 1406 imperialem
775 1311 984 1400 maiestatem
1010 1322 1197 1408 potuerunt
1221 1314 1402 1409 pertinere,
1424 1321 1458 1386 et
1479 1313 1658 1386 eeclesiam

246 1438 362 1512 Sancti
381 1437 557 1510 Michaelis
574 1457 653 1508 cum
673 1435 888 1530 pertinentiis
907 1445 942 1508 et
960 1434 1115 1509 districtu
1131 1447 1164 1510 et
1185 1438 1309 1512 silvam
1324 1437 1568 1510 dominicatam
1590 1457 1659 1531 que

245 1564 373 1638 dicitur
397 1562 482 1636 Gaio
499 1569 534 1634 et
548 1561 634 1632 alias
651 1560 757 1634 silvas
775 1581 894 1634 omnes
912 1561 947 1633 in
966 1562 1089 1635 eodem
1109 1563 1276 1636 territorio
1293 1562 1422 1658 positas
1443 1584 1522 1632 oum
1538 1561 1656 1655 aquis,

245 1687 470 1773 molendinis,
494 1685 620 1780 pratis,
641 1683 771 1774 vineis,
796 1693 830 1756 et
852 1684 1027 1779 quidquid
1046 1687 1191 1758 SanMus
1215 1689 1308 1760 Zeno
1330 1688 1431 1760 hahet
1459 1688 1493 1758 in
1517 1686 1600 1758 uilla
1625 1695 1659 1757 et

245 1811 450 1908 pertinentia
467 1809 513 1884 de
528 1808 731 1898 Puvilian03
752 1808 908 1880 similiter
926 1820 1056 1882 curtem
1079 1821 1114 1884 et
1129 1821 1278 1884 castrum
1299 1812 1475 1906 Pastrengi
1500 1833 1580 1884 oum
1601 1832 1659 1882 co-

245 1937 384 2024 mitatu,
413 1934 570 2008 districtu
595 1943 630 2006 et
647 1931 888 2025 jurisdictione
910 1943 946 2005 et
967 1935 1137 2030 quioquid
1160 1937 1338 2032 hospitalis
1360 1937 1465 2010 habet
1486 1937 1522 2008 in
1543 1945 1660 2010 monte

245 2060 399 2133 Dracone
423 2068 457 2132 et
485 2059 664 2132 ecclesiam
689 2058 803 2131 Sancti
834 2059 981 2132 Zenonis
1008 2061 1043 2133 in
1069 2062 1257 2134 Bardulino
1279 2084 1358 2134 cum
1385 2062 1600 2157 pertinentiis
1623 2071 1659 2136 et

246 2183 422 2272 districtu,
440 2185 620 2258 ecclesiam
638 2184 761 2256 Sancte
778 2181 946 2257 Christine
967 2183 1003 2254 in
1022 2185 1161 2258 Lazixio
1177 2195 1212 2258 et
1225 2186 1400 2281 quidquid
1413 2186 1656 2260 monasterium

244 2311 514 2406 suprascriptum
532 2309 636 2383 habet
650 2310 739 2381 circa
761 2330 873 2381 arcem
892 2307 1005 2384 Garde
1024 2319 1092 2382 tam
1109 2311 1196 2385 inira
1215 2320 1366 2384 castrum
1384 2311 1497 2386 Garde
1515 2314 1655 2406 planum

243 2456 350 2529 quarn
376 2433 524 2525 deleris3
547 2434 689 2506 invilla
711 2433 828 2506 Turris
849 2455 1010 2506 mausum
1027 2457 1154 2520 unum;
1177 2435 1352 2530 quidquid
1376 2437 1479 2508 etiarn
1499 2435 1657 2510 habetet

244 2556 423 2652 acquirere
433 2558 525 2648 juste
541 2557 664 2652 poterit
677 2556 713 2627 in
727 2553 858 2629 Gaiouo
879 2565 914 2630 et
927 2556 963 2627 in
979 2559 1155 2630 Brenzono
1167 2569 1203 2630 et
1216 2559 1252 2630 iu
1269 2559 1359 2632 Mala
1372 2559 1508 2652 Scilioe,
1524 2569 1654 2632 curtem

244 2679 379 2754 Inventi
397 2691 434 2754 et
452 2681 633 2754 ecclesiam
656 2682 770 2754 Sancti
786 2681 876 2772 Viti,
900 2681 1057 2753 similiter
1083 2692 1214 2754 curtam
1235 2682 1424 2756 Castrinovi
1447 2705 1527 2756 cum
1553 2685 1656 2779 perti·

244 2804 369 2878 nentiis
390 2815 425 2880 et
444 2805 623 2892 districtu,
648 2805 813 2878 comitatu
829 2815 864 2878 et
872 2805 1132 2899 jurisdictione,
1156 2808 1332 2901 regalibus
1355 2808 1518 2882 omnibus
1540 2819 1575 2881 et
1598 2829 1655 2882 ca·

243 2930 356 3024 pellis,
375 2939 505 3004 curtem
522 2930 557 3002 in
571 2931 739 3026 Caprinis,
756 2931 912 3003 similiter
926 2942 1058 3006 curtem
1076 2933 1234 3023 Brennii,
1254 2942 1386 3006 curtem
1407 2933 1507 3006 uallis
1526 2933 1655 3007 Salarie

243 3073 323 3126 cum
338 3065 451 3127 castro
463 3055 525 3150 qui
539 3052 612 3153 (εἰσ)
628 3055 755 3129 dicitur
773 3057 974 3149 Monticulo‚
995 3065 1127 3130 curtem
1141 3057 1269 3152 Capavi
1291 3057 1414 3131 eodem
1431 3057 1555 3150 modo,
1577 3080 1654 3130 cur·

243 3187 310 3251 tem
332 3179 448 3252 Sancti
467 3179 535 3251 viti
554 3181 711 3254 similiter
728 3189 855 3252 etcum
875 3182 1024 3277 capella,
1045 3190 1174 3256 curtem
1195 3183 1326 3256 Parone
1347 3182 1502 3254 similiter
1521 3191 1653 3255 etcum

242 3304 382 3398 capellis
400 3305 603 3378 Sanctorum
624 3304 743 3379 Jacobi
758 3315 794 3376 et
806 3305 1036 3380 Crescentiani
1055 3316 1090 3380 et
1106 3306 1287 3398 Christine,
1308 3315 1343 3380 et
1361 3307 1481 3380 villam
1501 3306 1653 3380 Cassiani

242 3427 364 3500 eodem
382 3428 537 3500 modoet
558 3428 738 3502 ecclesiam
763 3430 878 3502 Sancti
896 3429 1059 3514 Dionisii,
1076 3431 1200 3504 silvam
1224 3441 1260 3505 et
1284 3432 1491 3504 territorium
1515 3431 1576 3526 qui
1596 3430 1657 3504 di·

242 3552 331 3624 citur
352 3554 540 3626 Manticum
564 3577 643 3628 cum
671 3555 885 3650 pertinentiis
907 3557 1002 3647 suis,
1029 3557 1186 3630 similiter
1207 3567 1242 3630 et
1269 3559 1420 3632 Mentem
1442 3556 1591 3648 Alleri03
1620 3557 1655 3627 in

242 3676 334 3750 Luco
356 3679 534 3751 ecclesiam
560 3678 675 3752 Sancti
699 3679 907 3776 Apollinaris
929 3702 1010 3753 cum
1029 3681 1264 3776 pertinentiis;
1287 3680 1460 3776 quidquid
1480 3681 1583 3754 habet
1601 3681 1656 3755 uel

239 3801 331 3892 juste
356 3803 481 3895 poterit
503 3804 681 3896 acquirere
702 3802 739 3875 in
761 3805 876 3876 Monte
899 3804 1016 3878 Aureo
1041 3807 1196 3880 similiter
1218 3816 1288 3880 tam
1314 3807 1469 3878 interris
1489 3827 1595 3900 quam
1620 3807 1656 3877 in

241 3925 343 4020 aquis
365 3934 400 3998 et
421 3928 515 4000 omni
535 3929 682 4014 honore,
706 3930 870 4004 comitatu
893 3939 929 4006 et
946 3931 1206 4025 jurisdictione,
1226 3943 1359 4006 curtem
1382 3931 1512 4026 Pigocii
1534 3932 1656 4004 eodem

241 4049 346 4122 modo
367 4059 402 4122 et
423 4053 602 4126 ecclesiam
625 4054 739 4128 Sancti
762 4055 899 4127 Martini
920 4077 1029 4152 prope
1049 4057 1197 4130 lluvium
1221 4079 1300 4130 cum
1327 4056 1399 4128 sois
1424 4055 1656 4151 pertinentiis,

240 4171 399 4245 similiter
415 4173 451 4246 in
470 4175 593 4250 lllaxio
612 4187 742 4252 curtem
759 4179 966 4253 Cellulamm
983 4202 1064 4252 cum
1087 4184 1219 4278 capella
1237 4190 1271 4255 et
1293 4180 1448 4254 districtu
1470 4191 1504 4252 et
1518 4181 1657 4253 medie-
1789 4185 1799 4208 ·

241 4304 345 4370 tatem
366 4300 473 4374 curtis
489 4301 602 4376 insule
619 4302 664 4376 de
686 4303 850 4399 Stanphi3
869 4305 906 4376 in
922 4307 1056 4379 Verona
1074 4307 1253 4380 ecclesiam
1276 4305 1391 4378 Sancti
1412 4303 1501 4376 Petri
1520 4304 1556 4375 in
1578 4326 1656 4376 mo-

243 4422 393 4496 nasterio
414 4446 493 4496 cum
517 4427 649 4522 capella
672 4436 707 4501 et
732 4429 963 4522 pertinentiis,
993 4439 1028 4504 et
1050 4430 1211 4504 ecclesias
1234 4433 1348 4504 Sancti
1370 4431 1518 4518 Proculi,
1542 4431 1657 4502 Sancti

242 4545 311 4618 Viti
335 4555 370 4620 et
387 4549 503 4622 Sancti
523 4551 667 4624 Maximi
690 4573 770 4624 cum
795 4555 1010 4648 pertinentiis
1031 4577 1168 4645 earum,
1193 4557 1344 4650 burgum
1370 4557 1486 4630 Sancti
1509 4557 1659 4628 Zenonis

242 4689 322 4744 cum
347 4673 486 4746 familiis
510 4675 690 4772 utriusque
714 4699 822 4752 sexus
846 4691 881 4752 et
911 4680 1068 4753 districtu
1093 4703 1213 4755 eorum
1236 4692 1271 4755 et
1294 4682 1528 4757 arimanorum
1550 4691 1586 4756 et
1607 4682 1660 4753 li-
