4436 5870
521 541 563 602 20
1028 535 1242 600 Falbtalcl
1267 533 1441 596 secubat
1754 539 1834 618 [dart.
1854 541 1939 604 1220.

573 677 770 750 innomine
790 683 960 750 sancteet
982 674 1165 750 individue
1190 671 1376 744 Trinitatis.
1404 671 1589 746 Federicus
1611 674 1788 748 sccundus
1820 676 1941 752 divina

527 805 665 877 latente
685 801 867 874 clementia
883 801 1115 874 Romanomm
1130 800 1331 894 imperator,
1346 817 1482 893 semper
1497 806 1666 890 ungamus
1680 807 1715 870 et
1731 799 1846 874 Sicilie
1860 823 1936 874 rex.

522 929 628 1000 Decet
653 925 866 1022 imperialem
893 925 1132 998 excellentiam
1164 923 1254 996 votis
1276 921 1433 995 omnium
1465 929 1500 992 et
1526 920 1751 1016 petitionibus
1784 923 1938 1000 fidelium

523 1073 665 1126 snorum
689 1050 874 1124 clementer
899 1071 1073 1134 annuere,
1101 1049 1237 1121 illorum
1263 1045 1428 1142 precipue
1452 1066 1601 1138 qnorum
1627 1045 1715 1120 fides
1737 1056 1773 1120 et
1800 1049 1939 1124 devotio

523 1177 615 1251 circa
634 1175 913 1249 sublimationem
931 1173 1068 1270 imperii
1087 1182 1123 1246 et
1137 1181 1289 1246 nostram
1307 1171 1354 1242 ila
1370 1169 1503 1262 liquido
1529 1170 1744 1265 resplenduit
1765 1173 1861 1266 quod
1883 1175 1939 1272 ip-

523 1322 641 1375 sorum
668 1299 821 1396 preclara
841 1308 877 1371 et
899 1297 1044 1372 honesta
1068 1295 1209 1370 servitia
1233 1314 1297 1389 pro
1319 1293 1375 1366 sui
1399 1293 1639 1387 magnitudine
1662 1304 1698 1368 et
1719 1297 1939 1373 multitudine

522 1426 599 1500 aliis
627 1423 796 1497 imitanda
823 1431 1034 1520 proponunt.
1069 1420 1268 1513 Gongruum
1295 1419 1389 1489 enim
1420 1426 1455 1489 et
1485 1417 1688 1492 rationabile
1713 1420 1853 1494 videtur
1876 1443 1938 1494 nos

521 1571 640 1625 eorum
663 1547 826 1623 fidelibus
847 1547 1026 1642 obsequiis
1043 1567 1090 1618 ex
1110 1554 1227 1616 nostra
1247 1541 1417 1638 imperiali
1440 1543 1621 1638 largitione
1641 1553 1676 1616 et
1693 1543 1936 1618 beneficiorum

521 1675 671 1770 gratuita
699 1674 880 1746 oollatione
906 1673 954 1744 ita
979 1679 1153 1766 gratamer
1179 1667 1388 1762 respondere
1410 1668 1507 1762 quod
1534 1668 1639 1762 hujus
1665 1678 1779 1742 nostre
1802 1671 1937 1766 pietatis

522 1798 684 1893 exemplo
704 1795 860 1868 omnium
885 1793 1042 1869 fidelium
1065 1793 1200 1866 animos
1223 1790 1269 1864 ad
1290 1790 1514 1864 serviendum
1535 1790 1682 1865 fideliter
1703 1793 1848 1890 imperio
1865 1797 1936 1868 ala-

523 1923 616 1996 crius
633 1941 875 2018 provocemus.
895 1921 1031 2005 Quanto
1050 1918 1143 1990 enim
1163 1918 1294 2012 potiora
1314 1917 1574 1990 benemerentes
1591 1916 1638 1990 de
1652 1918 1754 1990 nobis
1769 1917 1935 1992 beneficia

523 2046 708 2143 recipiunt,
729 2053 824 2118 tanto
846 2046 1009 2138 majorem
1036 2063 1162 2115 oorune
1182 2049 1297 2114 nostre
1321 2040 1466 2134 gloriam
1487 2063 1682 2115 accrescere
1702 2042 1877 2116 credimus
1902 2054 1936 2116 et

523 2171 719 2269 provenire.
740 2170 840 2244 Unde
855 2169 938 2264 quia
954 2167 1069 2242 Pisani
1087 2167 1182 2239 cives
1205 2165 1359 2238 universi
1384 2166 1489 2238 nostri
1513 2165 1704 2240 fidelissimi
1728 2176 1764 2242 et
1791 2168 1934 2265 imperio

523 2318 660 2392 semper
680 2294 894 2369 devotissimi
914 2314 977 2389 pro
998 2293 1073 2366 suis
1090 2289 1284 2386 magnificis
1302 2298 1337 2363 et
1354 2289 1603 2386 multiplicibus
1619 2291 1782 2384 servitiis,
1801 2314 1872 2388 que
1889 2292 1935 2366 ad

521 2421 759 2518 probationem
776 2430 810 2494 et
826 2417 1159 2492 commendationem
1176 2414 1258 2488 fidei
1283 2435 1347 2487 sue
1361 2424 1396 2487 et
1417 2414 1535 2488 inclite
1550 2416 1715 2489 memorie
1733 2439 1799 2490 avo
1820 2427 1935 2492 nostro

520 2545 685 2621 Federioo
703 2554 738 2618 et
751 2545 839 2640 patri
857 2551 974 2618 nostro
994 2542 1141 2616 Henrioo
1158 2539 1250 2614 divis
1268 2539 1533 2635 imperatoribus
1548 2541 1719 2636 nobisque
1737 2550 1773 2614 et
1791 2541 1935 2638 imperio

521 2671 736 2766 frequentius
758 2669 1012 2759 exhibuerunt,
1032 2667 1234 2763 ampliorem
1261 2664 1454 2739 dilectionis
1476 2674 1511 2738 et
1530 2666 1639 2760 gratie
1664 2667 1816 2740 lavorern
1839 2668 1934 2765 apud

523 2801 676 2866 nostram
699 2797 912 2886 majestatem
935 2791 1002 2864 sibi
1028 2790 1360 2882 thesaurizaverunt,
1386 2791 1542 2863 omnium
1561 2790 1716 2864 fidelium
1739 2800 1810 2864 mm
1834 2794 1934 2866 lutu-

522 2937 639 2990 rurum
652 2939 759 3010 quam
772 2916 984 3012 presentium
997 2928 1071 2988 etas
1085 2922 1269 3008 cognoscat
1281 2923 1410 3008 quanta
1422 2915 1646 3008 benignitate,
1658 2937 1763 3010 quam
1777 2916 1933 3011 largitlua

523 3041 693 3139 imperiali
721 3039 958 3113 munificentia
978 3039 1182 3112 Pisanorum
1208 3038 1329 3112 merita
1351 3039 1473 3112 merito
1496 3041 1731 3135 respeximus,
1755 3041 1933 3137 presertim

522 3191 604 3241 oum
627 3187 689 3263 per
711 3186 810 3238 suam
828 3163 1034 3238 industriam
1054 3172 1089 3236 et
1108 3162 1237 3235 virium
1260 3164 1447 3258 potentiam
1465 3162 1631 3238 bonorem
1650 3175 1685 3237 et
1707 3166 1850 3259 gloriam
1870 3167 1934 3238 im·

523 3291 609 3388 perii
638 3298 743 3385 arque
767 3287 957 3385 reipublice
986 3287 1052 3384 ipsi
1083 3308 1144 3383 pre
1169 3286 1291 3359 ceteris
1323 3286 1470 3380 gloriose
1499 3309 1635 3384 semper
1663 3288 1872 3362 adauxerint
1900 3297 1934 3364 et

521 3436 657 3512 semper
682 3435 812 3508 augere
833 3411 1086 3509 proposuerint.
1107 3411 1244 3496 Quanta
1264 3410 1357 3482 euim
1380 3409 1543 3486 fidelitate
1562 3421 1598 3484 et
1619 3412 1790 3509 probitate
1811 3414 1935 3488 Pisana

522 3539 644 3613 civitas
664 3536 810 3633 aprima
830 3535 885 3607 sui
905 3535 1110 3608 fundatione
1131 3543 1235 3630 caput
1253 3555 1356 3607 suum
1376 3534 1466 3608 iuter
1483 3535 1569 3608 alias
1583 3535 1741 3610 civitates
1754 3538 1931 3627 extulerit,

521 3671 652 3759 quanta
668 3661 761 3735 enim
778 3661 968 3734 constantia
984 3659 1076 3733 divis
1096 3657 1258 3732 omuibus
1276 3660 1551 3732 antecessoribus
1566 3661 1691 3734 nostris
1709 3661 1851 3756 regibus
1863 3664 1934 3738 llo-

522 3808 703 3862 manorum
717 3795 752 3860 et
776 3786 1040 3882 imperatoribus
1055 3783 1256 3858 fidelissime
1271 3785 1454 3858 serviendo
1471 3794 1730 3881 perseveranter
1745 3786 1930 3876 adheserit,

521 3935 585 3988 nos
601 3913 788 4010 permulta
804 3911 931 4007 scripta
947 3919 982 3983 et
999 3909 1182 3983 relationes
1200 3907 1317 4004 sepius
1337 3908 1538 3983 audivimus
1554 3919 1589 3984 et
1605 3932 1652 3984 ex
1674 3911 1827 4007 ipsorum
1847 3933 1934 4007 ope-

520 4058 599 4109 rum
621 4035 836 4110 attestatione
855 4033 894 4108 id
908 4035 1022 4130 ipsum
1046 4035 1124 4106 luoe
1147 4032 1273 4105 clarius
1295 4043 1441 4106 constat.
1459 4035 1575 4108 Placet
1596 4035 1702 4130 igitur
1724 4045 1839 4110 nostre
1861 4039 1934 4112 cle-

521 4162 649 4235 mentie
662 4168 700 4232 ut
714 4161 859 4234 Pisanus
874 4161 1025 4256 populus
1037 4181 1100 4254 pro
1112 4180 1176 4230 sua
1190 4156 1301 4232 lideet
1315 4159 1499 4233 devotione
1512 4160 1791 4234 honestissimum
1800 4184 1935 4259 semper

523 4285 662 4360 anobis
684 4285 828 4382 recipiat
849 4287 1122 4358 emolumentum
1148 4291 1187 4355 ut
1207 4304 1250 4356 eo
1270 4283 1494 4357 ferventiores
1510 4283 1556 4356 ad
1576 4286 1851 4380 promovendum
1873 4288 1934 4361 bo·

526 4430 645 4483 norem
662 4409 795 4505 imperii
813 4431 949 4506 semper
962 4409 1126 4500 existant,
1140 4429 1211 4503 quo
1225 4407 1331 4482 iidem
1345 4416 1380 4480 et
1395 4408 1630 4481 strenuitatem
1644 4418 1782 4506 patrum
1795 4431 1935 4484 snorum

525 4533 677 4606 honestis
703 4533 857 4605 moribus
886 4542 921 4605 et
947 4533 1140 4629 perspicuis
1166 4534 1331 4606 virtutum
1357 4533 1520 4628 operibus
1541 4533 1750 4606 emulantur.
1776 4535 1860 4609 lnde
1883 4547 1936 4610 est

524 4655 619 4752 quod
636 4678 701 4730 nos
716 4657 903 4731 Federicus
923 4658 1100 4732 secundus
1112 4658 1176 4730 Dei
1194 4657 1304 4753 gratia
1322 4658 1554 4732 Romanorum
1569 4658 1755 4755 imperator
1771 4669 1805 4733 et
1822 4661 1937 4736 Sicilie
