4296 5898
218 574 394 655 lunror.10.]
662 577 858 643 HISTORIA
884 579 1178 648 blpnonn'rlcll.
1571 588 1631 650 233

219 711 426 808 posteritatis
452 710 621 786 duximus
644 710 892 795 declarandum
919 715 1016 810 qnod
1041 738 1119 790 curn
1143 717 1388 790 monasterinm
1413 719 1449 790 in
1475 719 1549 798 loco
1568 723 1630 816 qui

220 835 348 908 dieitur
362 837 541 911 Poroetnm
557 835 689 909 civitati
706 847 822 911 nostre
834 837 1044 934 Aquisgrani
1062 840 1312 913 conterminum
1326 841 1490 914 abbatum
1509 853 1543 922 et
1557 867 1633 920 rnu-

220 959 410 1034 naohorum
424 961 529 1036 nimia
541 962 765 1036 dissolutione
775 971 812 1038 et
823 965 970 1056 incuria,
986 975 1058 1040 tam
1070 965 1236 1060 religione
1247 967 1435 1040 monastice
1446 989 1631 1044 conversu-

220 1085 324 1158 tionis
341 1087 485 1159 interius
500 1109 606 1181 quam
622 1089 869 1162 sustentatione
888 1112 1004 1162 rernm
1025 1090 1179 1162 exterius
1195 1111 1260 1162 nec
1279 1111 1349 1162 non
1369 1091 1552 1186 utriusque
1568 1114 1631 1188 pro

221 1207 381 1300 delectu,
408 1233 552 1285 numero
575 1213 679 1284 etiam
701 1234 925 1308 personarum
953 1213 1000 1290 ad
1026 1214 1138 1288 divini
1163 1215 1295 1287 cultum
1320 1215 1478 1309 obsequii
1500 1215 1632 1290 ibidem

221 1335 493 1432 mancipatarum
515 1336 719 1410 destitutum
742 1359 832 1432 pene
855 1325 991 1434 penitus
1011 1338 1201 1429 videretur,
1226 1329 1456 1433 quorumdam
1479 1340 1633 1435 pruden-

221 1467 295 1532 tum
310 1481 374 1534 nos
386 1461 442 1533 nsi
458 1461 600 1535 oonsilio
612 1461 766 1535 arbitrati
782 1484 904 1535 sumus
918 1465 990 1536 lore
1006 1460 1196 1536 consultius
1214 1463 1250 1534 in
1264 1463 1464 1558 provisione
1476 1463 1633 1554 ejusdem

222 1585 419 1658 monasterii
444 1607 508 1682 pro
531 1586 720 1659 mutatione
742 1607 967 1682 personarum
989 1598 1024 1659 et
1044 1585 1178 1660 ordinis
1197 1587 1364 1686 animum
1378 1586 1554 1660 inclinare.
1582 1590 1632 1660 Eo

223 1705 329 1803 igitur
350 1718 468 1782 tenore
490 1710 679 1782 venerabili
704 1711 853 1808 principi
874 1722 991 1785 nostro
1014 1711 1219 1805 Engelbertu
1245 1710 1438 1784 Coloniensi
1466 1712 1635 1805 archiepi-

224 1853 349 1927 scopo,
369 1834 426 1904 cui
447 1835 731 1926 gubernationem
748 1835 882 1930 imperii
903 1835 940 1906 in
961 1836 1117 1930 partibus
1137 1832 1317 1908 Germania
1339 1856 1471 1906 necnon
1492 1836 1633 1906 tutelam

225 1953 287 2026 filii
305 1957 412 2029 nostri
432 1957 583 2030 Heinrici
603 1959 664 2052 qui
686 1959 989 2054 inpresentiarum
1010 1981 1073 2031 rex
1094 1959 1240 2032 habetur
1262 1957 1548 2050 [commisimus]‚
1570 1958 1635 2028 im·

226 2079 403 2175 peratoriis
429 2080 550 2154 litteris
579 2081 782 2156 mandatum
810 2081 972 2156 dedimus
995 2083 1031 2153 in
1055 2081 1329 2154 reformationem
1354 2081 1475 2176 prelati
1501 2081 1635 2152 cenobii

226 2205 409 2276 consilium
426 2215 461 2278 et
477 2227 558 2277 cum
576 2207 699 2280 effectu
715 2207 854 2302 operam
870 2205 1072 2280 adhibendi.
1095 2205 1163 2291 Qui
1180 2227 1259 2276 cum
1279 2215 1488 2278 conventum
1509 2206 1636 2276 sancti·

226 2330 426 2404 monialium
441 2313 686 2427 cysterciensis
698 2333 832 2406 ordinis
843 2333 880 2406 in
896 2334 1012 2408 lllonte
1027 2330 1228 2416 salvatoris,
1245 2351 1291 2401 ex
1311 2331 1470 2424 opposito
1488 2329 1637 2402 civitatis

226 2453 381 2548 predicte
395 2477 518 2529 versus
535 2457 671 2551 plagam
692 2459 991 2553 septentrionalem
1013 2464 1257 2551 aggregatum,
1276 2453 1392 2526 multis
1414 2453 1639 2526 intellexisset

228 2576 334 2671 affligi
358 2579 521 2652 molestiis
547 2589 581 2654 et
606 2581 851 2670 incommodis,
874 2580 1023 2653 brumali
1047 2579 1175 2652 sevicia
1199 2584 1235 2649 et
1254 2583 1435 2649 ventorum
1464 2575 1639 2649 turbidine

228 2711 368 2796 propter
386 2703 452 2776 loci
471 2704 692 2777 eminentiam
709 2705 841 2779 eisdem
863 2705 995 2778 infestis
1011 2704 1099 2777 adeo
1120 2710 1159 2773 ut
1175 2723 1255 2773 cnm
1278 2699 1490 2772 districtione
1509 2699 1641 2772 ordinis

228 2827 293 2898 vix
308 2826 439 2900 ibidem
452 2831 607 2902 valerent
621 2829 824 2921 subsistere,
841 2829 1116 2925 prenominatum
1130 2825 1331 2898 ancillarum
1347 2824 1410 2896 Dei
1429 2832 1543 2896 cetum
1561 2845 1641 2919 pru·

229 2949 372 3023 dentum
390 2960 425 3024 et
440 2952 679 3046 religiosorum
695 2976 781 3026 usus
797 2955 941 3027 consilio
957 2955 994 3026 in
1020 2949 1265 3024 monasterinm
1288 2949 1514 3021 memoratum
1539 2949 1643 3020 duxit

230 3075 375 3168 provide
393 3075 667 3170 subrogandum.
684 3079 770 3150 Cum
787 3079 894 3172 igitur
912 3079 957 3150 sit
973 3078 1037 3150 hec
1056 3075 1202 3147 mutatio
1217 3071 1356 3148 dextere
1370 3073 1507 3144 Excelsi
1525 3083 1564 3144 ut
1580 3094 1644 3168 pro

231 3197 427 3271 conditione
451 3201 543 3272 virili
565 3210 779 3297 assumptum
804 3201 927 3273 Christi
945 3201 1071 3293 jugum
1088 3198 1207 3296 [suave
1234 3207 1269 3269 et
1289 3219 1378 3269 onns
1399 3199 1474 3289 ejus
1495 3199 1572 3269 leve
1590 3219 1645 3268 re·

227 3324 366 3414 jiciente
387 3334 518 3423 etpost
538 3329 832 3423 concupiscentias
850 3350 931 3401 suas
951 3327 1121 3418 abeunte,
1148 3347 1255 3398 sexus
1282 3323 1453 3396 semineus
1475 3321 1567 3397 idem
1584 3323 1645 3396 de·

232 3447 311 3518 vote
339 3470 380 3521 ae
408 3449 585 3522 humiliter
614 3453 823 3546 portandum
851 3472 931 3523 cnm
958 3451 1115 3543 ejusdem
1144 3447 1363 3522 observantia
1391 3447 1512 3541 regule
1538 3449 1647 3519 multo

232 3578 347 3645 tamon
363 3575 490 3647 'artiore
505 3576 730 3666 subintraret3
750 3578 812 3672 qui
829 3585 960 3672 quanto
976 3575 1097 3649 divine
1111 3571 1281 3666 majestati
1301 3571 1479 3665 religionis
1495 3591 1559 3644 sue
1570 3576 1646 3664 jus·

235 3695 308 3768 titia
327 3707 379 3770 est
397 3701 581 3795 acceptior,
603 3709 696 3773 tanto
719 3701 765 3774 ad
789 3699 1072 3797 interpellendam
1097 3700 1173 3791 ejus
1195 3696 1410 3769 clementiam
1432 3715 1496 3790 pro
1516 3695 1648 3766 incolu-

234 3821 351 3893 mitate
364 3832 478 3896 nostra
492 3834 527 3895 et
541 3825 725 3898 stabilitate
744 3825 879 3920 imperii
896 3825 1002 3897 nostri
1018 3823 1221 3919 imploratus
1239 3820 1349 3916 ipsius
1365 3817 1535 3890 efficacior
1552 3843 1561 3887 :
1584 3838 1646 3890 nos

233 3949 410 4019 memorati
425 3948 604 4044 principis,
620 3951 727 4024 immo
741 3949 944 4023 excellentie
964 3957 1080 4020 nostre
1093 3949 1222 4019 lactum
1246 3952 1359 4017 ratum
1376 3941 1554 4032 habentes,
1573 3961 1647 4014 mo·

231 4069 420 4142 casterium
437 4075 629 4168 sepefatum
652 4097 732 4147 cnm
751 4075 852 4146 bonis
871 4073 1042 4145 universis
1064 4069 1179 4145 eidem
1203 4067 1428 4142 attinentibus
1448 4068 1521 4158 jam
1544 4064 1645 4137 dictis

232 4194 551 4268 sanctimonialibus
574 4206 614 4269 ut
635 4199 686 4270 eis
703 4207 870 4293 perpetuo
891 4205 1047 4281 utantur,
1071 4197 1228 4267 fruantur
1247 4191 1365 4286 quiete
1391 4211 1432 4262 ae
1454 4187 1562 4260 libere
1580 4188 1647 4260 hoc

230 4325 348 4390 nostre
364 4319 550 4410 majestatis
566 4331 737 4395 caractere
755 4320 1012 4395 confirmamus.
1030 4319 1073 4392 Ut
1091 4319 1156 4391 hec
1166 4325 1287 4391 antem
1302 4323 1418 4387 nostre
1435 4310 1647 4385 liberalitatis

233 4443 410 4515 concessio
436 4444 561 4516 futuris
589 4447 800 4541 temporibus
825 4454 992 4541 perpetue
1018 4443 1122 4518 robur
1149 4443 1303 4515 obtineat
1331 4437 1525 4526 firmitatis,
1557 4436 1648 4508 hane
1757 4498 1759 4504 .

232 4564 399 4658 paginam
412 4567 543 4641 exinde
560 4571 730 4642 conscribi
744 4581 778 4643 et
792 4570 897 4663 sigilli
916 4572 1023 4642 nostri
1039 4567 1231 4641 munimine
1244 4565 1413 4658 jussimus
1427 4559 1646 4636 communiri.

282 4688 368 4760 Acta
382 4699 463 4762 sunt
479 4690 544 4764 hec
563 4714 656 4767 anno
678 4693 852 4769 dominice
873 4693 1118 4766 incarnationis
1140 4690 1322 4762 millesimo
1346 4686 1583 4761 ducentesimo
1596 4681 1649 4754 vi·

334 4811 376 4874 Π.
1456 4817 1492 4870 8⁰
