4292 5894
539 569 601 634 364
1041 567 1256 633 lnlossttlcl
1281 563 1455 628 SECUNDI
1768 563 1849 642 [trs.
1868 563 1948 626 iffi

543 705 661 780 nensis
676 704 909 778 thesaurarius
927 705 1130 804 subscripsi.
1145 745 1194 759 -·
1206 704 1281 798 ligo
1297 703 1400 776 irater
1416 698 1589 772 Mattheus
1603 697 1717 772 dictus
1730 697 1840 774 abbas
1852 700 1952 774 Floris

542 829 681 928 propria
701 849 807 902 mann
822 829 1011 926 subscripsi
1026 841 1061 904 et
1078 829 1229 925 sigillum
1248 824 1418 922 impressi.

593 956 811 1050 [Sequuntur
824 954 924 1049 signa
942 953 1127 1030 duodecim
1144 950 1392 1026 monachorum
1408 947 1606 1022 monasterii
1622 946 1761 1036 Pluris]

920 1263 956 1270 ι-
963 1263 969 1268 -
977 1259 1260 1270 ..monnau—nunaun-
1279 1255 1736 1268 “annuc-um

440 1655 479 1690 m
593 1567 827 1672 Fridericus,
855 1563 1118 1650 Romanorum
1150 1561 1369 1670 imperator,
1399 1561 1450 1644 ad
1485 1559 1799 1671 supplicationem
1824 1560 1950 1646 Busilii

450 1726 457 1743 ·
484 1675 492 1700 ³
541 1701 791 1788 Rossanensis
823 1695 1116 1807 archiepiscopi,
1144 1695 1334 1804 quaedam
1356 1695 1553 1806 privilegiu
1574 1696 1716 1779 dueum
1739 1694 1891 1806 Rogerii
1916 1706 1951 1780 et
2050 1705 2053 1716 '

542 1833 735 1922 Girillelmi
749 1833 927 1944 regisque
940 1829 1091 1941 Rogerii
1110 1829 1170 1912 avi
1189 1827 1249 1912 sui
1267 1828 1340 1911 sibi
1357 1837 1510 1911 ostensa
1527 1837 1565 1911 et
1581 1829 1630 1911 de
1642 1854 1779 1938 graeco
1796 1830 1836 1910 in
1856 1827 1948 1912 leti-

540 1993 637 2052 num
653 1963 839 2049 translatu
861 1989 931 2048 nec
953 1989 1030 2047 non
1053 1961 1157 2044 aliud
1175 1959 1416 2071 privilegium
1434 1961 1682 2069 imperatricis
1706 1960 1841 2044 matris
1863 1987 1949 2044 suae

541 2100 666 2186 eidem
684 2098 862 2182 ecclesiae
884 2096 933 2181 de
954 2095 1132 2202 decimis,
1150 2093 1362 2178 redditibus
1380 2103 1418 2176 et
1434 2093 1585 2178 Iudaeis
1603 2094 1765 2178 llossani
1782 2094 1946 2202 indulte,

542 2242 697 2319 renovet
713 2242 751 2316 et
767 2233 807 2314 in
826 2239 1052 2340 perpetuum
1070 2227 1283 2313 confirmat.

617 2476 711 2559 (Edld
725 2476 880 2550 derum,
895 2469 965 2535 ital.
979 2489 1080 2548 sacro,
1094 2479 1169 2534 tom.
1184 2473 1243 2548 lx,
1259 2487 1291 2550 p.
1304 2470 1388 2550 tot.)

587 2691 782 2767 Fridericns
796 2689 917 2763 divina
932 2689 1069 2762 invente
1083 2687 1263 2760 clementia
1275 2686 1506 2760 Romanorum
1523 2686 1718 2782 imperator,
1735 2709 1871 2786 semper
1882 2711 1949 2762 au·

541 2826 664 2914 gustus
690 2823 725 2888 et
745 2835 809 2888 rex
835 2812 964 2886 Sicilie.
989 2811 1142 2905 Dignum
1165 2831 1242 2884 esse
1263 2807 1481 2883 decernimus
1502 2819 1538 2882 et
1562 2811 1663 2882 saluti
1689 2821 1804 2886 nostre
1828 2835 1949 2908 cogno·

540 2941 670 3016 scimus
694 2937 916 3034 expedirent
941 2935 1009 3008 illis
1026 2935 1180 3008 ecclesiis
1204 2935 1357 3008 laveram
1377 2933 1563 3030 imperialis
1584 2936 1862 3013 mansuetudinis
1881 2939 1948 3011 inr-

544 3064 760 3161 pcndamns,
779 3083 868 3156 quas
883 3059 1143 3157 predecessores
1161 3057 1268 3131 nostri
1290 3055 1398 3130 duces
1427 3079 1596 3152 regesque
1622 3059 1737 3133 Sicilie
1755 3063 1813 3158 pio
1837 3063 1947 3137 studio

542 3189 735 3279 coluerunt,
754 3198 789 3260 et
806 3207 865 3258 eas
881 3193 1046 3282 perpetue
1060 3183 1254 3256 stabilitatis
1270 3182 1436 3256 munifico
1448 3184 1640 3258 munimine
1654 3184 1859 3260 confirmare
1872 3211 1947 3262 cnm

543 3311 681 3411 pietatis
695 3323 731 3384 et
745 3309 939 3384 devotionis
954 3308 1080 3382 intuitu
1097 3329 1216 3381 eorum
1232 3309 1288 3404 pia
1297 3319 1332 3380 et
1339 3307 1487 3380 salubris
1500 3308 1728 3384 consideratio
1744 3310 1831 3406 ipsis
1844 3313 1947 3385 eccle-

542 3438 604 3512 siis
621 3443 796 3531 erogatur.
816 3434 901 3507 Inde
918 3443 971 3506 est
991 3432 1088 3526 quod
1103 3441 1141 3505 tu
1157 3431 1304 3504 Basilius
1319 3431 1526 3505 venerabilis
1542 3432 1765 3506 Rossanansis
1778 3435 1946 3532 archiepi-

541 3583 681 3658 scopus,
691 3557 805 3633 tidelis
817 3567 946 3650 noster,
956 3577 1071 3630 coram
1082 3566 1198 3630 nostra
1209 3557 1381 3653 presentia
1392 3557 1600 3631 constitutus
1610 3557 1762 3653 sigillum
1775 3561 1947 3656 quondam

541 3686 641 3762 dnois
656 3684 794 3779 Rogerii
812 3683 925 3779 grecis
943 3681 1114 3756 firmatum
1136 3682 1257 3755 littoris
1275 3681 1455 3757 ostendisti
1478 3683 1514 3754 in
1532 3705 1620 3778 qno,
1637 3693 1821 3780 postquam
1837 3697 1946 3759 bans·

541 3811 620 3886 ferri
645 3809 814 3903 jussimus
847 3808 883 3880 in
910 3807 1076 3897 latinum,
1103 3807 1336 3880 intelleximus
1363 3807 1530 3881 contineri
1556 3809 1703 3902 qualiter
1727 3807 1843 3882 dietim
1876 3810 1946 3885 dux

540 3953 661 4010 omnes
679 3929 820 4004 clericos
836 3929 897 4024 qui
912 3929 1049 4002 inerant
1069 3929 1105 4001 in
1123 3928 1263 4002 civitate
1280 3930 1423 4004 Rossani
1445 3931 1539 4004 omni
1559 3931 1731 4026 molestia,
1751 3933 1944 4022 exactione,

542 4057 645 4133 datiis
662 4065 697 4130 et
715 4053 867 4150 angariis
890 4052 1016 4126 liberos
1036 4053 1200 4146 iaciebat,
1221 4062 1256 4126 et
1270 4053 1367 4148 qnod
1383 4054 1468 4128 dieti
1485 4055 1572 4128 nulli
1589 4055 1757 4130 mianum
1772 4079 1834 4130 sen
1852 4079 1946 4130 seco·

540 4183 603 4256 lari
627 4199 772 4278 persone
796 4178 913 4273 aliqua
937 4186 1136 4251 tenerentur
1155 4178 1297 4252 servitia
1320 4179 1504 4272 exhibere,
1528 4189 1563 4252 et
1584 4178 1680 4275 qnod
1702 4203 1766 4255 suo
1782 4183 1947 4278 archiepi-

540 4327 646 4403 soopo
663 4303 864 4378 canonicam
882 4301 1069 4376 redderent
1094 4311 1308 4378 consuetam.
1331 4303 1518 4378 Ostendisti
1539 4304 1641 4380 etiam
1668 4305 1765 4381 aliud
1786 4307 1948 4404 scriptum

539 4433 640 4511 ducis
665 4431 804 4527 Rogerii
821 4429 1064 4506 sacerdotibus
1083 4432 1226 4506 Rossani
1248 4430 1421 4506 indutum
1439 4454 1500 4528 per
1519 4432 1616 4526 quod
1639 4454 1699 4506 eos
1721 4433 1767 4506 ab
1789 4433 1948 4508 omnibns

538 4557 704 4652 angariis,
723 4556 862 4631 datione
873 4555 1089 4650 victualium,
1108 4558 1302 4632 muratione
1316 4557 1448 4634 castelli
1466 4557 1601 4653 penitus
1617 4558 1793 4632 eximebat
1809 4567 1846 4632 et
1857 4557 1947 4654 qnod

538 4682 584 4762 ab
599 4681 715 4777 aliquo
728 4701 798 4754 non
816 4680 1074 4776 requirerentur
1089 4690 1124 4756 et
1136 4682 1234 4777 qnod
1250 4681 1507 4779 archiepiscopo
1522 4703 1586 4758 suo
1602 4681 1785 4778 quoderat
1801 4682 1849 4758 de
1865 4703 1949 4758 con-
