<?xml version="1.0" encoding="UTF-8"?>
<!DOCTYPE html PUBLIC "-//W3C//DTD XHTML 1.0 Transitional//EN"
    "http://www.w3.org/TR/xhtml1/DTD/xhtml1-transitional.dtd">
<html xmlns="http://www.w3.org/1999/xhtml" xml:lang="en" lang="en">
 <head>
  <title>
</title>
<meta http-equiv="Content-Type" content="text/html;charset=utf-8" />
  <meta name='ocr-system' content='tesseract 3.04.00' />
  <meta name='ocr-capabilities' content='ocr_page ocr_carea ocr_par ocr_line ocrx_word'/>
</head>
<body>
  <div class='ocr_page' id='page_1' title='image "./historiadiploma08fredgoog_0446.png"; bbox 0 0 4298 5898; ppageno 0'>
   <div class='ocr_carea' id='block_1_1' title="bbox 557 572 1979 1682">
    <p class='ocr_par' dir='ltr' id='par_1_1' title="bbox 557 572 1978 658">
     <span class='ocr_line' id='line_1_1' title="bbox 557 572 1978 658; baseline -0.004 -14"><span class='ocrx_word' id='word_1_1' title='bbox 557 580 621 644; x_wconf 64' lang='lat' dir='ltr'><strong>abl</strong></span> <span class='ocrx_word' id='word_1_2' title='bbox 1060 572 1273 636; x_wconf 75' lang='lat' dir='ltr'><strong>rutunttct</strong></span> <span class='ocrx_word' id='word_1_3' title='bbox 1298 573 1473 638; x_wconf 72' lang='lat' dir='ltr'><strong>suebum</strong></span> <span class='ocrx_word' id='word_1_4' title='bbox 1785 573 1866 658; x_wconf 78' lang='lat' dir='ltr'><strong>[llus.</strong></span> <span class='ocrx_word' id='word_1_5' title='bbox 1885 575 1978 640; x_wconf 57' lang='grc' dir='ltr'><strong>ΙΝ.</strong></span> 
     </span>
    </p>

    <p class='ocr_par' dir='ltr' id='par_1_2' title="bbox 560 711 1979 1433">
     <span class='ocr_line' id='line_1_2' title="bbox 610 711 1977 810; baseline -0.004 -16"><span class='ocrx_word' id='word_1_6' title='bbox 610 719 681 794; x_wconf 87' lang='lat' dir='ltr'><strong>Nos</strong></span> <span class='ocrx_word' id='word_1_7' title='bbox 707 723 824 790; x_wconf 86' lang='lat' dir='ltr'><strong>autom</strong></span> <span class='ocrx_word' id='word_1_8' title='bbox 848 713 1159 810; x_wconf 73' lang='lat' dir='ltr'><strong>supplicationibus</strong></span> <span class='ocrx_word' id='word_1_9' title='bbox 1182 711 1329 809; x_wconf 76' lang='lat' dir='ltr'><strong>predicti</strong></span> <span class='ocrx_word' id='word_1_10' title='bbox 1357 711 1523 810; x_wconf 71' lang='lat' dir='ltr'><strong>prepositi</strong></span> <span class='ocrx_word' id='word_1_11' title='bbox 1538 733 1613 806; x_wconf 86' lang='lat' dir='ltr'><strong>que</strong></span> <span class='ocrx_word' id='word_1_12' title='bbox 1627 713 1795 805; x_wconf 75' lang='lat' dir='ltr'><strong>iustitiam</strong></span> <span class='ocrx_word' id='word_1_13' title='bbox 1817 715 1977 788; x_wconf 75' lang='lat' dir='ltr'><strong>confine-</strong></span> 
     </span>
     <span class='ocr_line' id='line_1_3' title="bbox 560 833 1979 934; baseline -0.002 -19"><span class='ocrx_word' id='word_1_14' title='bbox 560 841 645 916; x_wconf 90' lang='lat' dir='ltr'><strong>bant</strong></span> <span class='ocrx_word' id='word_1_15' title='bbox 659 837 846 934; x_wconf 77' lang='lat' dir='ltr'><strong>benignius</strong></span> <span class='ocrx_word' id='word_1_16' title='bbox 860 837 1034 929; x_wconf 88' lang='lat' dir='ltr'><strong>inclinati,</strong></span> <span class='ocrx_word' id='word_1_17' title='bbox 1049 833 1240 932; x_wconf 89' lang='lat' dir='ltr'><strong>predictam</strong></span> <span class='ocrx_word' id='word_1_18' title='bbox 1259 835 1477 923; x_wconf 81' lang='lat' dir='ltr'><strong>sententiam,</strong></span> <span class='ocrx_word' id='word_1_19' title='bbox 1493 835 1585 908; x_wconf 90' lang='lat' dir='ltr'><strong>sicut</strong></span> <span class='ocrx_word' id='word_1_20' title='bbox 1601 837 1761 932; x_wconf 87' lang='lat' dir='ltr'><strong>superius</strong></span> <span class='ocrx_word' id='word_1_21' title='bbox 1777 838 1979 912; x_wconf 79' lang='lat' dir='ltr'><strong>condnstnr</strong></span> 
     </span>
     <span class='ocr_line' id='line_1_4' title="bbox 562 959 1977 1062; baseline -0.003 -23"><span class='ocrx_word' id='word_1_22' title='bbox 562 975 598 1039; x_wconf 88' lang='lat' dir='ltr'><strong>et</strong></span> <span class='ocrx_word' id='word_1_23' title='bbox 619 986 682 1062; x_wconf 94' lang='lat' dir='ltr'><strong>per</strong></span> <span class='ocrx_word' id='word_1_24' title='bbox 704 963 878 1061; x_wconf 90' lang='lat' dir='ltr'><strong>predictos</strong></span> <span class='ocrx_word' id='word_1_25' title='bbox 894 983 1020 1057; x_wconf 85' lang='lat' dir='ltr'><strong>magne</strong></span> <span class='ocrx_word' id='word_1_26' title='bbox 1039 961 1136 1035; x_wconf 90' lang='lat' dir='ltr'><strong>curie</strong></span> <span class='ocrx_word' id='word_1_27' title='bbox 1155 969 1270 1034; x_wconf 90' lang='lat' dir='ltr'><strong>nostre</strong></span> <span class='ocrx_word' id='word_1_28' title='bbox 1283 959 1423 1053; x_wconf 81' lang='lat' dir='ltr'><strong>jndices</strong></span> <span class='ocrx_word' id='word_1_29' title='bbox 1440 963 1534 1054; x_wconf 80' lang='lat' dir='ltr'><strong>juste</strong></span> <span class='ocrx_word' id='word_1_30' title='bbox 1554 961 1623 1034; x_wconf 86' lang='lat' dir='ltr'><strong>lata</strong></span> <span class='ocrx_word' id='word_1_31' title='bbox 1644 969 1713 1049; x_wconf 81' lang='lat' dir='ltr'><strong>est,</strong></span> <span class='ocrx_word' id='word_1_32' title='bbox 1737 960 1782 1036; x_wconf 86' lang='lat' dir='ltr'><strong>de</strong></span> <span class='ocrx_word' id='word_1_33' title='bbox 1800 983 1977 1035; x_wconf 85' lang='lat' dir='ltr'><strong>consensu</strong></span> 
     </span>
     <span class='ocr_line' id='line_1_5' title="bbox 564 1084 1975 1190; baseline -0.002 -27"><span class='ocrx_word' id='word_1_34' title='bbox 564 1085 628 1190; x_wconf 89' lang='lat' dir='ltr'><strong>[et]</strong></span> <span class='ocrx_word' id='word_1_35' title='bbox 649 1097 812 1162; x_wconf 87' lang='lat' dir='ltr'><strong>consuetu</strong></span> <span class='ocrx_word' id='word_1_36' title='bbox 836 1087 1060 1182; x_wconf 79' lang='lat' dir='ltr'><strong>benignitatis</strong></span> <span class='ocrx_word' id='word_1_37' title='bbox 1082 1094 1198 1158; x_wconf 89' lang='lat' dir='ltr'><strong>nostre</strong></span> <span class='ocrx_word' id='word_1_38' title='bbox 1221 1084 1332 1179; x_wconf 79' lang='lat' dir='ltr'><strong>guntin</strong></span> <span class='ocrx_word' id='word_1_39' title='bbox 1351 1085 1388 1158; x_wconf 92' lang='lat' dir='ltr'><strong>in</strong></span> <span class='ocrx_word' id='word_1_40' title='bbox 1409 1093 1615 1181; x_wconf 86' lang='lat' dir='ltr'><strong>perpetuum</strong></span> <span class='ocrx_word' id='word_1_41' title='bbox 1636 1084 1892 1160; x_wconf 86' lang='lat' dir='ltr'><strong>ocnlirmamns.</strong></span> <span class='ocrx_word' id='word_1_42' title='bbox 1916 1086 1975 1160; x_wconf 80' lang='lat' dir='ltr'><strong>Ad</strong></span> 
     </span>
     <span class='ocr_line' id='line_1_6' title="bbox 563 1207 1975 1308; baseline -0.002 -20"><span class='ocrx_word' id='word_1_43' title='bbox 563 1215 664 1307; x_wconf 84' lang='lat' dir='ltr'><strong>cujus</strong></span> <span class='ocrx_word' id='word_1_44' title='bbox 681 1223 797 1286; x_wconf 89' lang='lat' dir='ltr'><strong>nostre</strong></span> <span class='ocrx_word' id='word_1_45' title='bbox 815 1211 1084 1286; x_wconf 85' lang='lat' dir='ltr'><strong>confirmationis</strong></span> <span class='ocrx_word' id='word_1_46' title='bbox 1099 1209 1298 1284; x_wconf 86' lang='lat' dir='ltr'><strong>memoriam</strong></span> <span class='ocrx_word' id='word_1_47' title='bbox 1317 1217 1353 1284; x_wconf 89' lang='lat' dir='ltr'><strong>et</strong></span> <span class='ocrx_word' id='word_1_48' title='bbox 1372 1216 1573 1306; x_wconf 86' lang='lat' dir='ltr'><strong>perpetuam</strong></span> <span class='ocrx_word' id='word_1_49' title='bbox 1593 1207 1807 1303; x_wconf 80' lang='lat' dir='ltr'><strong>firmitatem,</strong></span> <span class='ocrx_word' id='word_1_50' title='bbox 1829 1232 1975 1308; x_wconf 88' lang='lat' dir='ltr'><strong>presens</strong></span> 
     </span>
     <span class='ocr_line' id='line_1_7' title="bbox 565 1333 1909 1433; baseline -0.005 -21"><span class='ocrx_word' id='word_1_51' title='bbox 565 1338 731 1433; x_wconf 87' lang='lat' dir='ltr'><strong>scriptum</strong></span> <span class='ocrx_word' id='word_1_52' title='bbox 749 1334 824 1410; x_wconf 84' lang='lat' dir='ltr'><strong>fieri</strong></span> <span class='ocrx_word' id='word_1_53' title='bbox 840 1345 876 1410; x_wconf 88' lang='lat' dir='ltr'><strong>et</strong></span> <span class='ocrx_word' id='word_1_54' title='bbox 892 1335 1006 1430; x_wconf 85' lang='lat' dir='ltr'><strong>sigillo</strong></span> <span class='ocrx_word' id='word_1_55' title='bbox 1023 1334 1210 1430; x_wconf 86' lang='lat' dir='ltr'><strong>majestatis</strong></span> <span class='ocrx_word' id='word_1_56' title='bbox 1226 1342 1342 1408; x_wconf 89' lang='lat' dir='ltr'><strong>nostre</strong></span> <span class='ocrx_word' id='word_1_57' title='bbox 1355 1333 1523 1426; x_wconf 87' lang='lat' dir='ltr'><strong>jussimus</strong></span> <span class='ocrx_word' id='word_1_58' title='bbox 1540 1334 1758 1407; x_wconf 88' lang='lat' dir='ltr'><strong>communiri.</strong></span> <span class='ocrx_word' id='word_1_59' title='bbox 1902 1355 1909 1364; x_wconf 94' lang='lat'>·</span> 
     </span>
    </p>

    <p class='ocr_par' dir='ltr' id='par_1_3' title="bbox 564 1457 1974 1682">
     <span class='ocr_line' id='line_1_8' title="bbox 613 1457 1974 1550; baseline -0.002 -15"><span class='ocrx_word' id='word_1_60' title='bbox 613 1463 699 1535; x_wconf 86' lang='lat' dir='ltr'><strong>Data</strong></span> <span class='ocrx_word' id='word_1_61' title='bbox 715 1459 867 1550; x_wconf 69' lang='lat' dir='ltr'><strong>manis,</strong></span> <span class='ocrx_word' id='word_1_62' title='bbox 888 1480 980 1534; x_wconf 86' lang='lat' dir='ltr'><strong>anno</strong></span> <span class='ocrx_word' id='word_1_63' title='bbox 1003 1457 1176 1534; x_wconf 91' lang='lat' dir='ltr'><strong>dominice</strong></span> <span class='ocrx_word' id='word_1_64' title='bbox 1198 1457 1440 1533; x_wconf 84' lang='lat' dir='ltr'><strong>incarnationis</strong></span> <span class='ocrx_word' id='word_1_65' title='bbox 1457 1457 1641 1532; x_wconf 88' lang='lat' dir='ltr'><strong>millesimo</strong></span> <span class='ocrx_word' id='word_1_66' title='bbox 1658 1458 1892 1534; x_wconf 83' lang='lat' dir='ltr'><strong>ducentesimo</strong></span> <span class='ocrx_word' id='word_1_67' title='bbox 1909 1459 1974 1532; x_wconf 84' lang='lat' dir='ltr'><strong>ri-</strong></span> 
     </span>
     <span class='ocr_line' id='line_1_9' title="bbox 564 1583 1581 1682; baseline -0.006 -19"><span class='ocrx_word' id='word_1_68' title='bbox 564 1587 692 1663; x_wconf 86' lang='lat' dir='ltr'><strong>cesimo</strong></span> <span class='ocrx_word' id='word_1_69' title='bbox 709 1595 845 1682; x_wconf 83' lang='lat' dir='ltr'><strong>quarto,</strong></span> <span class='ocrx_word' id='word_1_70' title='bbox 866 1605 985 1658; x_wconf 88' lang='lat' dir='ltr'><strong>mense</strong></span> <span class='ocrx_word' id='word_1_71' title='bbox 1000 1583 1126 1674; x_wconf 86' lang='lat' dir='ltr'><strong>madii,</strong></span> <span class='ocrx_word' id='word_1_72' title='bbox 1146 1583 1352 1659; x_wconf 85' lang='lat' dir='ltr'><strong>duodecime</strong></span> <span class='ocrx_word' id='word_1_73' title='bbox 1369 1583 1581 1659; x_wconf 86' lang='lat' dir='ltr'><strong>indictionis.</strong></span> 
     </span>
    </p>
   </div>
   <div class='ocr_carea' id='block_1_2' title="bbox 780 1891 1758 1904">
    <p class='ocr_par' dir='ltr' id='par_1_4' title="bbox 780 1891 1758 1904">
     <span class='ocr_line' id='line_1_10' title="bbox 780 1891 1758 1904; baseline 0.003 -2"><span class='ocrx_word' id='word_1_74' title='bbox 780 1893 960 1902; x_wconf 77' lang='grc' dir='ltr'>ι-------....</span> <span class='ocrx_word' id='word_1_75' title='bbox 998 1895 1003 1900; x_wconf 93' lang='grc'>.</span> <span class='ocrx_word' id='word_1_76' title='bbox 1019 1895 1067 1902; x_wconf 84' lang='grc'>....</span> <span class='ocrx_word' id='word_1_77' title='bbox 1081 1895 1188 1902; x_wconf 76' lang='lat'><strong>-—-·=-·-·-</strong></span> <span class='ocrx_word' id='word_1_78' title='bbox 1259 1891 1758 1904; x_wconf 66' lang='lat'><strong>0.-.---.—--—-——-</strong></span> 
     </span>
    </p>
   </div>
   <div class='ocr_carea' id='block_1_3' title="bbox 479 2165 1971 2542">
    <p class='ocr_par' dir='ltr' id='par_1_5' title="bbox 479 2165 1971 2542">
     <span class='ocr_line' id='line_1_11' title="bbox 483 2165 1971 2301; baseline 0.003 -53"><span class='ocrx_word' id='word_1_79' title='bbox 483 2256 509 2301; x_wconf 38' lang='grc' dir='ltr'><strong>ἦ</strong></span> <span class='ocrx_word' id='word_1_80' title='bbox 620 2165 852 2273; x_wconf 67' lang='lat' dir='ltr'><strong>rudericus,</strong></span> <span class='ocrx_word' id='word_1_81' title='bbox 877 2167 1136 2251; x_wconf 85' lang='lat' dir='ltr'><strong>Romanorum</strong></span> <span class='ocrx_word' id='word_1_82' title='bbox 1159 2167 1382 2279; x_wconf 89' lang='lat' dir='ltr'><strong>imperator,</strong></span> <span class='ocrx_word' id='word_1_83' title='bbox 1404 2166 1477 2251; x_wconf 89' lang='lat' dir='ltr'><strong>sub</strong></span> <span class='ocrx_word' id='word_1_84' title='bbox 1494 2176 1724 2277; x_wconf 84' lang='lat' dir='ltr'><strong>protectione</strong></span> <span class='ocrx_word' id='word_1_85' title='bbox 1744 2193 1814 2252; x_wconf 86' lang='lat' dir='ltr'><strong>sua</strong></span> <span class='ocrx_word' id='word_1_86' title='bbox 1833 2167 1971 2252; x_wconf 87' lang='lat' dir='ltr'><strong>iterum</strong></span> 
     </span>
     <span class='ocr_line' id='line_1_12' title="bbox 479 2299 1970 2412; baseline 0.002 -29"><span class='ocrx_word' id='word_1_87' title='bbox 479 2327 485 2340; x_wconf 95' lang='lat'><strong>·</strong></span> <span class='ocrx_word' id='word_1_88' title='bbox 566 2300 698 2410; x_wconf 85' lang='lat' dir='ltr'><strong>recipit</strong></span> <span class='ocrx_word' id='word_1_89' title='bbox 720 2299 848 2384; x_wconf 81' lang='lat' dir='ltr'><strong>Sancti</strong></span> <span class='ocrx_word' id='word_1_90' title='bbox 868 2299 1008 2382; x_wconf 80' lang='lat' dir='ltr'><strong>Cesarii</strong></span> <span class='ocrx_word' id='word_1_91' title='bbox 1029 2299 1258 2384; x_wconf 81' lang='lat' dir='ltr'><strong>Arelatensis</strong></span> <span class='ocrx_word' id='word_1_92' title='bbox 1275 2300 1509 2386; x_wconf 84' lang='lat' dir='ltr'><strong>abbatissam</strong></span> <span class='ocrx_word' id='word_1_93' title='bbox 1525 2327 1615 2386; x_wconf 90' lang='lat' dir='ltr'><strong>cum</strong></span> <span class='ocrx_word' id='word_1_94' title='bbox 1639 2301 1865 2387; x_wconf 87' lang='lat' dir='ltr'><strong>monasterio</strong></span> <span class='ocrx_word' id='word_1_95' title='bbox 1887 2301 1970 2412; x_wconf 87' lang='lat' dir='ltr'><strong>ejus</strong></span> 
     </span>
     <span class='ocr_line' id='line_1_13' title="bbox 567 2429 1503 2542; baseline 0 -26"><span class='ocrx_word' id='word_1_96' title='bbox 567 2429 677 2542; x_wconf 86' lang='lat' dir='ltr'><strong>eique</strong></span> <span class='ocrx_word' id='word_1_97' title='bbox 693 2431 826 2517; x_wconf 87' lang='lat' dir='ltr'><strong>omniu</strong></span> <span class='ocrx_word' id='word_1_98' title='bbox 842 2431 945 2516; x_wconf 86' lang='lat' dir='ltr'><strong>bons</strong></span> <span class='ocrx_word' id='word_1_99' title='bbox 961 2440 999 2516; x_wconf 90' lang='lat' dir='ltr'><strong>et</strong></span> <span class='ocrx_word' id='word_1_100' title='bbox 1015 2435 1273 2542; x_wconf 89' lang='lat' dir='ltr'><strong>possessiones</strong></span> <span class='ocrx_word' id='word_1_101' title='bbox 1290 2434 1503 2518; x_wconf 84' lang='lat' dir='ltr'><strong>confirmat.</strong></span> 
     </span>
    </p>
   </div>
   <div class='ocr_carea' id='block_1_4' title="bbox 647 2667 1968 2966">
    <p class='ocr_par' dir='ltr' id='par_1_6' title="bbox 647 2667 1968 2966">
     <span class='ocr_line' id='line_1_14' title="bbox 647 2667 1967 2752; baseline 0.003 -24"><span class='ocrx_word' id='word_1_102' title='bbox 647 2667 768 2746; x_wconf 89' lang='lat' dir='ltr'><strong>(lnsdlt.</strong></span> <span class='ocrx_word' id='word_1_103' title='bbox 784 2684 833 2747; x_wconf 89' lang='lat' dir='ltr'><strong>ap.</strong></span> <span class='ocrx_word' id='word_1_104' title='bbox 848 2669 1046 2742; x_wconf 72' lang='lat' dir='ltr'><strong>sommus,</strong></span> <span class='ocrx_word' id='word_1_105' title='bbox 1056 2668 1133 2730; x_wconf 62' lang='grc' dir='ltr'><strong>ΗΜ.</strong></span> <span class='ocrx_word' id='word_1_106' title='bbox 1149 2676 1177 2731; x_wconf 86' lang='lat' dir='ltr'><strong>ct</strong></span> <span class='ocrx_word' id='word_1_107' title='bbox 1190 2677 1261 2732; x_wconf 83' lang='lat' dir='ltr'><strong>cart.</strong></span> <span class='ocrx_word' id='word_1_108' title='bbox 1273 2668 1308 2730; x_wconf 81' lang='lat' dir='ltr'><strong>dr</strong></span> <span class='ocrx_word' id='word_1_109' title='bbox 1319 2667 1406 2734; x_wconf 75' lang='lat' dir='ltr'><strong>rato.</strong></span> <span class='ocrx_word' id='word_1_110' title='bbox 1416 2668 1564 2752; x_wconf 54' lang='lat' dir='ltr'><strong>rondes.</strong></span> <span class='ocrx_word' id='word_1_111' title='bbox 1577 2670 1691 2732; x_wconf 71' lang='lat' dir='ltr'><strong>ccccc</strong></span> <span class='ocrx_word' id='word_1_112' title='bbox 1703 2667 1830 2744; x_wconf 72' lang='lat' dir='ltr'><strong>drlrbs,</strong></span> <span class='ocrx_word' id='word_1_113' title='bbox 1842 2687 1912 2749; x_wconf 86' lang='lat' dir='ltr'><strong>pars</strong></span> <span class='ocrx_word' id='word_1_114' title='bbox 1923 2671 1967 2744; x_wconf 85' lang='lat'><strong>11,</strong></span> 
     </span>
     <span class='ocr_line' id='line_1_15' title="bbox 685 2758 1968 2861; baseline 0.004 -25"><span class='ocrx_word' id='word_1_115' title='bbox 685 2776 739 2837; x_wconf 83' lang='lat' dir='ltr'><strong>tol.</strong></span> <span class='ocrx_word' id='word_1_116' title='bbox 753 2784 801 2850; x_wconf 83' lang='lat' dir='ltr'><strong>tr,</strong></span> <span class='ocrx_word' id='word_1_117' title='bbox 817 2775 900 2837; x_wconf 85' lang='lat' dir='ltr'>MSS.</span> <span class='ocrx_word' id='word_1_118' title='bbox 912 2775 991 2838; x_wconf 87' lang='lat' dir='ltr'><strong>Bibl.</strong></span> <span class='ocrx_word' id='word_1_119' title='bbox 1004 2775 1116 2838; x_wconf 79' lang='lat' dir='ltr'><strong>Arelat.</strong></span> <span class='ocrx_word' id='word_1_120' title='bbox 1127 2777 1267 2838; x_wconf 83' lang='lat' dir='ltr'><strong>-Extat</strong></span> <span class='ocrx_word' id='word_1_121' title='bbox 1278 2795 1396 2858; x_wconf 78' lang='lat' dir='ltr'><strong>quoquo</strong></span> <span class='ocrx_word' id='word_1_122' title='bbox 1407 2795 1456 2857; x_wconf 89' lang='lat' dir='ltr'><strong>ap.</strong></span> <span class='ocrx_word' id='word_1_123' title='bbox 1467 2778 1550 2840; x_wconf 86' lang='lat' dir='ltr'><strong>urob.</strong></span> <span class='ocrx_word' id='word_1_124' title='bbox 1563 2795 1672 2841; x_wconf 88' lang='lat' dir='ltr'><strong>comm.</strong></span> <span class='ocrx_word' id='word_1_125' title='bbox 1683 2779 1780 2854; x_wconf 69' lang='lat' dir='ltr'><strong>Aret„</strong></span> <span class='ocrx_word' id='word_1_126' title='bbox 1790 2758 1898 2861; x_wconf 66' lang='lat' dir='ltr'><strong>licitas,</strong></span> <span class='ocrx_word' id='word_1_127' title='bbox 1910 2781 1968 2854; x_wconf 76' lang='lat' dir='ltr'><strong>tl,</strong></span> 
     </span>
     <span class='ocr_line' id='line_1_16' title="bbox 685 2883 1966 2966; baseline 0.004 -23"><span class='ocrx_word' id='word_1_128' title='bbox 685 2883 1299 2964; x_wconf 78' lang='lat' dir='ltr'><strong>n·sc,trauacrlptumtnprtvlloglolmpor.</strong></span> <span class='ocrx_word' id='word_1_129' title='bbox 1308 2884 1462 2962; x_wconf 84' lang='lat' dir='ltr'><strong>CarnllIV,</strong></span> <span class='ocrx_word' id='word_1_130' title='bbox 1471 2886 1724 2950; x_wconf 67' lang='lat' dir='ltr'><strong>annotassl&#39;ld.</strong></span> <span class='ocrx_word' id='word_1_131' title='bbox 1735 2902 1834 2965; x_wconf 83' lang='lat' dir='ltr'><strong>snpra,</strong></span> <span class='ocrx_word' id='word_1_132' title='bbox 1842 2904 1876 2965; x_wconf 88' lang='lat' dir='ltr'><strong>p.</strong></span> <span class='ocrx_word' id='word_1_133' title='bbox 1885 2886 1966 2966; x_wconf 74' lang='lat' dir='ltr'><strong>att.)</strong></span> 
     </span>
    </p>
   </div>
   <div class='ocr_carea' id='block_1_5' title="bbox 569 3096 1972 4824">
    <p class='ocr_par' dir='ltr' id='par_1_7' title="bbox 569 3096 2135 4938">
     <span class='ocr_line' id='line_1_17' title="bbox 616 3096 1969 3197; baseline 0.004 -28"><span class='ocrx_word' id='word_1_134' title='bbox 616 3096 817 3171; x_wconf 85' lang='lat' dir='ltr'><strong>Fredericus</strong></span> <span class='ocrx_word' id='word_1_135' title='bbox 834 3097 897 3171; x_wconf 86' lang='lat' dir='ltr'><strong>Dei</strong></span> <span class='ocrx_word' id='word_1_136' title='bbox 915 3099 1025 3192; x_wconf 86' lang='lat' dir='ltr'><strong>gratia</strong></span> <span class='ocrx_word' id='word_1_137' title='bbox 1046 3099 1276 3172; x_wconf 86' lang='lat' dir='ltr'><strong>Romanorum</strong></span> <span class='ocrx_word' id='word_1_138' title='bbox 1299 3099 1495 3196; x_wconf 84' lang='lat' dir='ltr'><strong>imperator,</strong></span> <span class='ocrx_word' id='word_1_139' title='bbox 1517 3121 1652 3196; x_wconf 84' lang='lat' dir='ltr'><strong>semper</strong></span> <span class='ocrx_word' id='word_1_140' title='bbox 1673 3109 1844 3197; x_wconf 86' lang='lat' dir='ltr'><strong>augustus</strong></span> <span class='ocrx_word' id='word_1_141' title='bbox 1861 3113 1895 3174; x_wconf 88' lang='lat' dir='ltr'><strong>et</strong></span> <span class='ocrx_word' id='word_1_142' title='bbox 1910 3122 1969 3174; x_wconf 85' lang='lat' dir='ltr'><strong>rex</strong></span> 
     </span>
     <span class='ocr_line' id='line_1_18' title="bbox 569 3221 1971 3321; baseline 0.001 -26"><span class='ocrx_word' id='word_1_143' title='bbox 569 3221 695 3296; x_wconf 84' lang='lat' dir='ltr'><strong>Sicilie.</strong></span> <span class='ocrx_word' id='word_1_144' title='bbox 716 3223 780 3296; x_wconf 88' lang='lat' dir='ltr'><strong>Per</strong></span> <span class='ocrx_word' id='word_1_145' title='bbox 802 3243 946 3318; x_wconf 89' lang='lat' dir='ltr'><strong>presens</strong></span> <span class='ocrx_word' id='word_1_146' title='bbox 962 3223 1128 3319; x_wconf 86' lang='lat' dir='ltr'><strong>scriptum</strong></span> <span class='ocrx_word' id='word_1_147' title='bbox 1146 3234 1266 3297; x_wconf 89' lang='lat' dir='ltr'><strong>notum</strong></span> <span class='ocrx_word' id='word_1_148' title='bbox 1289 3223 1363 3298; x_wconf 89' lang='lat' dir='ltr'><strong>fieri</strong></span> <span class='ocrx_word' id='word_1_149' title='bbox 1382 3227 1545 3300; x_wconf 86' lang='lat' dir='ltr'><strong>volumus</strong></span> <span class='ocrx_word' id='word_1_150' title='bbox 1563 3227 1735 3300; x_wconf 82' lang='lat' dir='ltr'><strong>univorsis</strong></span> <span class='ocrx_word' id='word_1_151' title='bbox 1751 3225 1849 3321; x_wconf 81' lang='lat' dir='ltr'><strong>quod</strong></span> <span class='ocrx_word' id='word_1_152' title='bbox 1865 3245 1971 3299; x_wconf 81' lang='lat' dir='ltr'><strong>reue-</strong></span> 
     </span>
     <span class='ocr_line' id='line_1_19' title="bbox 569 3345 1969 3445; baseline 0.001 -25"><span class='ocrx_word' id='word_1_153' title='bbox 569 3345 688 3420; x_wconf 88' lang='lat' dir='ltr'><strong>rabilis</strong></span> <span class='ocrx_word' id='word_1_154' title='bbox 709 3347 883 3421; x_wconf 86' lang='lat' dir='ltr'><strong>abbatissa</strong></span> <span class='ocrx_word' id='word_1_155' title='bbox 908 3347 1105 3420; x_wconf 86' lang='lat' dir='ltr'><strong>monasterii</strong></span> <span class='ocrx_word' id='word_1_156' title='bbox 1134 3349 1248 3422; x_wconf 87' lang='lat' dir='ltr'><strong>Sancti</strong></span> <span class='ocrx_word' id='word_1_157' title='bbox 1275 3348 1401 3423; x_wconf 83' lang='lat' dir='ltr'><strong>Cesarii</strong></span> <span class='ocrx_word' id='word_1_158' title='bbox 1428 3349 1635 3424; x_wconf 81' lang='lat' dir='ltr'><strong>Arelatensis</strong></span> <span class='ocrx_word' id='word_1_159' title='bbox 1660 3351 1840 3445; x_wconf 82' lang='lat' dir='ltr'><strong>provincie</strong></span> <span class='ocrx_word' id='word_1_160' title='bbox 1864 3357 1969 3422; x_wconf 84' lang='lat' dir='ltr'><strong>nostre</strong></span> 
     </span>
     <span class='ocr_line' id='line_1_20' title="bbox 569 3471 1968 3571; baseline 0 -25"><span class='ocrx_word' id='word_1_161' title='bbox 569 3471 767 3546; x_wconf 87' lang='lat' dir='ltr'><strong>celsitudini</strong></span> <span class='ocrx_word' id='word_1_162' title='bbox 798 3473 1007 3570; x_wconf 86' lang='lat' dir='ltr'><strong>supplicavit</strong></span> <span class='ocrx_word' id='word_1_163' title='bbox 1036 3482 1077 3545; x_wconf 90' lang='lat' dir='ltr'><strong>nt</strong></span> <span class='ocrx_word' id='word_1_164' title='bbox 1109 3475 1301 3570; x_wconf 82' lang='lat' dir='ltr'><strong>predictum</strong></span> <span class='ocrx_word' id='word_1_165' title='bbox 1330 3475 1597 3568; x_wconf 87' lang='lat' dir='ltr'><strong>monasterium,</strong></span> <span class='ocrx_word' id='word_1_166' title='bbox 1626 3483 1765 3548; x_wconf 87' lang='lat' dir='ltr'><strong>camel</strong></span> <span class='ocrx_word' id='word_1_167' title='bbox 1794 3473 1968 3571; x_wconf 82' lang='lat' dir='ltr'><strong>collegium</strong></span> 
     </span>
     <span class='ocr_line' id='line_1_21' title="bbox 569 3599 1971 3697; baseline -0.001 -26"><span class='ocrx_word' id='word_1_168' title='bbox 569 3620 673 3671; x_wconf 92' lang='lat' dir='ltr'><strong>sunm</strong></span> <span class='ocrx_word' id='word_1_169' title='bbox 691 3621 771 3671; x_wconf 91' lang='lat' dir='ltr'><strong>cnm</strong></span> <span class='ocrx_word' id='word_1_170' title='bbox 787 3599 949 3672; x_wconf 89' lang='lat' dir='ltr'><strong>omnibns</strong></span> <span class='ocrx_word' id='word_1_171' title='bbox 967 3599 1068 3674; x_wconf 90' lang='lat' dir='ltr'><strong>bonis</strong></span> <span class='ocrx_word' id='word_1_172' title='bbox 1085 3599 1158 3672; x_wconf 90' lang='lat' dir='ltr'><strong>suis</strong></span> <span class='ocrx_word' id='word_1_173' title='bbox 1171 3601 1238 3672; x_wconf 92' lang='lat' dir='ltr'><strong>sub</strong></span> <span class='ocrx_word' id='word_1_174' title='bbox 1255 3600 1395 3696; x_wconf 89' lang='lat' dir='ltr'><strong>speciali</strong></span> <span class='ocrx_word' id='word_1_175' title='bbox 1411 3601 1622 3697; x_wconf 85' lang='lat' dir='ltr'><strong>protectione</strong></span> <span class='ocrx_word' id='word_1_176' title='bbox 1638 3609 1753 3674; x_wconf 87' lang='lat' dir='ltr'><strong>nostra</strong></span> <span class='ocrx_word' id='word_1_177' title='bbox 1770 3600 1922 3696; x_wconf 82' lang='lat' dir='ltr'><strong>recipere</strong></span> <span class='ocrx_word' id='word_1_178' title='bbox 1937 3606 1971 3672; x_wconf 90' lang='lat' dir='ltr'><strong>et</strong></span> 
     </span>
     <span class='ocr_line' id='line_1_22' title="bbox 571 3723 1966 3820; baseline -0.004 -23"><span class='ocrx_word' id='word_1_179' title='bbox 571 3723 664 3797; x_wconf 91' lang='lat' dir='ltr'><strong>bona</strong></span> <span class='ocrx_word' id='word_1_180' title='bbox 679 3724 801 3798; x_wconf 88' lang='lat' dir='ltr'><strong>eadem</strong></span> <span class='ocrx_word' id='word_1_181' title='bbox 819 3723 1021 3798; x_wconf 87' lang='lat' dir='ltr'><strong>confirmare</strong></span> <span class='ocrx_word' id='word_1_182' title='bbox 1040 3723 1086 3796; x_wconf 88' lang='lat' dir='ltr'><strong>de</strong></span> <span class='ocrx_word' id='word_1_183' title='bbox 1104 3733 1220 3797; x_wconf 89' lang='lat' dir='ltr'><strong>nostra</strong></span> <span class='ocrx_word' id='word_1_184' title='bbox 1241 3724 1351 3819; x_wconf 86' lang='lat' dir='ltr'><strong>gratia</strong></span> <span class='ocrx_word' id='word_1_185' title='bbox 1376 3723 1609 3818; x_wconf 84' lang='lat' dir='ltr'><strong>dignaremur.</strong></span> <span class='ocrx_word' id='word_1_186' title='bbox 1630 3725 1700 3797; x_wconf 90' lang='lat' dir='ltr'><strong>Nos</strong></span> <span class='ocrx_word' id='word_1_187' title='bbox 1722 3725 1840 3820; x_wconf 88' lang='lat' dir='ltr'><strong>itaque</strong></span> <span class='ocrx_word' id='word_1_188' title='bbox 1863 3734 1966 3798; x_wconf 84' lang='lat' dir='ltr'><strong>acten-</strong></span> 
     </span>
     <span class='ocr_line' id='line_1_23' title="bbox 572 3847 1968 3946; baseline -0.003 -24"><span class='ocrx_word' id='word_1_189' title='bbox 572 3848 695 3924; x_wconf 88' lang='lat' dir='ltr'><strong>dentes</strong></span> <span class='ocrx_word' id='word_1_190' title='bbox 712 3850 1005 3924; x_wconf 88' lang='lat' dir='ltr'><strong>conversationem</strong></span> <span class='ocrx_word' id='word_1_191' title='bbox 1024 3850 1202 3923; x_wconf 86' lang='lat' dir='ltr'><strong>honestam</strong></span> <span class='ocrx_word' id='word_1_192' title='bbox 1222 3849 1375 3946; x_wconf 82' lang='lat' dir='ltr'><strong>predicte</strong></span> <span class='ocrx_word' id='word_1_193' title='bbox 1396 3850 1569 3924; x_wconf 87' lang='lat' dir='ltr'><strong>abbatisse</strong></span> <span class='ocrx_word' id='word_1_194' title='bbox 1586 3871 1626 3923; x_wconf 95' lang='lat' dir='ltr'><strong>ac</strong></span> <span class='ocrx_word' id='word_1_195' title='bbox 1646 3849 1782 3941; x_wconf 83' lang='lat' dir='ltr'><strong>collegii</strong></span> <span class='ocrx_word' id='word_1_196' title='bbox 1800 3847 1968 3922; x_wconf 79' lang='lat' dir='ltr'><strong>memorab</strong></span> 
     </span>
     <span class='ocr_line' id='line_1_24' title="bbox 572 3974 1969 4069; baseline -0.004 -20"><span class='ocrx_word' id='word_1_197' title='bbox 572 3983 609 4049; x_wconf 83' lang='lat' dir='ltr'><strong>ct</strong></span> <span class='ocrx_word' id='word_1_198' title='bbox 628 3975 759 4048; x_wconf 90' lang='lat' dir='ltr'><strong>cultum</strong></span> <span class='ocrx_word' id='word_1_199' title='bbox 781 3974 955 4069; x_wconf 84' lang='lat' dir='ltr'><strong>religionis</strong></span> <span class='ocrx_word' id='word_1_200' title='bbox 976 3974 1038 4068; x_wconf 84' lang='lat' dir='ltr'><strong>qui</strong></span> <span class='ocrx_word' id='word_1_201' title='bbox 1057 3975 1187 4069; x_wconf 85' lang='lat' dir='ltr'><strong>jugiter</strong></span> <span class='ocrx_word' id='word_1_202' title='bbox 1211 3976 1247 4046; x_wconf 93' lang='lat' dir='ltr'><strong>in</strong></span> <span class='ocrx_word' id='word_1_203' title='bbox 1262 3975 1388 4048; x_wconf 88' lang='lat' dir='ltr'><strong>eodem</strong></span> <span class='ocrx_word' id='word_1_204' title='bbox 1412 3976 1617 4049; x_wconf 86' lang='lat' dir='ltr'><strong>monasterio</strong></span> <span class='ocrx_word' id='word_1_205' title='bbox 1641 3981 1882 4062; x_wconf 83' lang='lat' dir='ltr'><strong>conservatur,</strong></span> <span class='ocrx_word' id='word_1_206' title='bbox 1902 3993 1969 4045; x_wconf 84' lang='lat' dir='ltr'><strong>nro·</strong></span> 
     </span>
     <span class='ocr_line' id='line_1_25' title="bbox 573 4098 1972 4196; baseline -0.002 -25"><span class='ocrx_word' id='word_1_207' title='bbox 573 4099 761 4174; x_wconf 77' lang='lat' dir='ltr'><strong>nestorium</strong></span> <span class='ocrx_word' id='word_1_208' title='bbox 778 4100 907 4195; x_wconf 84' lang='lat' dir='ltr'><strong>ipsum,</strong></span> <span class='ocrx_word' id='word_1_209' title='bbox 928 4119 1004 4171; x_wconf 85' lang='lat' dir='ltr'><strong>carn</strong></span> <span class='ocrx_word' id='word_1_210' title='bbox 1027 4107 1061 4172; x_wconf 90' lang='lat' dir='ltr'><strong>ot</strong></span> <span class='ocrx_word' id='word_1_211' title='bbox 1078 4100 1262 4196; x_wconf 80' lang='lat' dir='ltr'><strong>collegium</strong></span> <span class='ocrx_word' id='word_1_212' title='bbox 1280 4122 1382 4173; x_wconf 89' lang='lat' dir='ltr'><strong>suum</strong></span> <span class='ocrx_word' id='word_1_213' title='bbox 1398 4110 1434 4174; x_wconf 89' lang='lat' dir='ltr'><strong>et</strong></span> <span class='ocrx_word' id='word_1_214' title='bbox 1450 4099 1564 4174; x_wconf 86' lang='lat' dir='ltr'><strong>omniu</strong></span> <span class='ocrx_word' id='word_1_215' title='bbox 1582 4100 1672 4172; x_wconf 87' lang='lat' dir='ltr'><strong>bona</strong></span> <span class='ocrx_word' id='word_1_216' title='bbox 1696 4121 1761 4172; x_wconf 88' lang='lat' dir='ltr'><strong>sua</strong></span> <span class='ocrx_word' id='word_1_217' title='bbox 1777 4098 1844 4172; x_wconf 88' lang='lat' dir='ltr'><strong>sub</strong></span> <span class='ocrx_word' id='word_1_218' title='bbox 1865 4107 1972 4171; x_wconf 76' lang='lat' dir='ltr'><strong>nocua</strong></span> 
     </span>
     <span class='ocr_line' id='line_1_26' title="bbox 573 4221 1971 4322; baseline -0.001 -25"><span class='ocrx_word' id='word_1_219' title='bbox 573 4225 714 4322; x_wconf 81' lang='lat' dir='ltr'><strong>speciali</strong></span> <span class='ocrx_word' id='word_1_220' title='bbox 745 4225 955 4321; x_wconf 89' lang='lat' dir='ltr'><strong>protectione</strong></span> <span class='ocrx_word' id='word_1_221' title='bbox 986 4223 1192 4320; x_wconf 85' lang='lat' dir='ltr'><strong>recipimus,</strong></span> <span class='ocrx_word' id='word_1_222' title='bbox 1225 4225 1271 4299; x_wconf 86' lang='lat' dir='ltr'><strong>de</strong></span> <span class='ocrx_word' id='word_1_223' title='bbox 1305 4225 1413 4320; x_wconf 85' lang='lat' dir='ltr'><strong>gratia</strong></span> <span class='ocrx_word' id='word_1_224' title='bbox 1449 4235 1565 4299; x_wconf 85' lang='lat' dir='ltr'><strong>nostra</strong></span> <span class='ocrx_word' id='word_1_225' title='bbox 1594 4223 1837 4298; x_wconf 77' lang='lat' dir='ltr'><strong>confirmantes</strong></span> <span class='ocrx_word' id='word_1_226' title='bbox 1867 4221 1971 4296; x_wconf 85' lang='lat' dir='ltr'><strong>eidem</strong></span> 
     </span>
     <span class='ocr_line' id='line_1_27' title="bbox 574 4348 1972 4445; baseline -0.001 -25"><span class='ocrx_word' id='word_1_227' title='bbox 574 4351 689 4422; x_wconf 88' lang='lat' dir='ltr'><strong>omnia</strong></span> <span class='ocrx_word' id='word_1_228' title='bbox 703 4371 773 4445; x_wconf 86' lang='lat' dir='ltr'><strong>quo</strong></span> <span class='ocrx_word' id='word_1_229' title='bbox 786 4349 965 4424; x_wconf 88' lang='lat' dir='ltr'><strong>collatione</strong></span> <span class='ocrx_word' id='word_1_230' title='bbox 978 4348 1192 4445; x_wconf 86' lang='lat' dir='ltr'><strong>pontificum,</strong></span> <span class='ocrx_word' id='word_1_231' title='bbox 1205 4349 1386 4444; x_wconf 82' lang='lat' dir='ltr'><strong>largitione</strong></span> <span class='ocrx_word' id='word_1_232' title='bbox 1395 4372 1517 4445; x_wconf 82' lang='lat' dir='ltr'><strong>regum</strong></span> <span class='ocrx_word' id='word_1_233' title='bbox 1531 4349 1773 4445; x_wconf 90' lang='lat' dir='ltr'><strong>etprincipum</strong></span> <span class='ocrx_word' id='word_1_234' title='bbox 1787 4349 1972 4421; x_wconf 83' lang='lat' dir='ltr'><strong>stallorum</strong></span> 
     </span>
     <span class='ocr_line' id='line_1_28' title="bbox 574 4473 1972 4571; baseline -0.006 -23"><span class='ocrx_word' id='word_1_235' title='bbox 574 4473 746 4549; x_wconf 88' lang='lat' dir='ltr'><strong>oblatione</strong></span> <span class='ocrx_word' id='word_1_236' title='bbox 770 4473 925 4548; x_wconf 88' lang='lat' dir='ltr'><strong>fidelium</strong></span> <span class='ocrx_word' id='word_1_237' title='bbox 951 4497 1013 4547; x_wconf 86' lang='lat' dir='ltr'><strong>seu</strong></span> <span class='ocrx_word' id='word_1_238' title='bbox 1043 4475 1111 4548; x_wconf 86' lang='lat' dir='ltr'><strong>alio</strong></span> <span class='ocrx_word' id='word_1_239' title='bbox 1128 4475 1223 4566; x_wconf 84' lang='lat' dir='ltr'><strong>justo</strong></span> <span class='ocrx_word' id='word_1_240' title='bbox 1249 4475 1349 4547; x_wconf 89' lang='lat' dir='ltr'><strong>titulo</strong></span> <span class='ocrx_word' id='word_1_241' title='bbox 1375 4476 1411 4547; x_wconf 91' lang='lat' dir='ltr'><strong>in</strong></span> <span class='ocrx_word' id='word_1_242' title='bbox 1437 4475 1684 4571; x_wconf 88' lang='lat' dir='ltr'><strong>presentiarum</strong></span> <span class='ocrx_word' id='word_1_243' title='bbox 1705 4475 1800 4566; x_wconf 86' lang='lat' dir='ltr'><strong>juste</strong></span> <span class='ocrx_word' id='word_1_244' title='bbox 1823 4479 1972 4546; x_wconf 84' lang='lat' dir='ltr'><strong>tenetur</strong></span> 
     </span>
     <span class='ocr_line' id='line_1_29' title="bbox 575 4599 1971 4696; baseline -0.004 -25"><span class='ocrx_word' id='word_1_245' title='bbox 575 4599 730 4696; x_wconf 88' lang='lat' dir='ltr'><strong>possidat</strong></span> <span class='ocrx_word' id='word_1_246' title='bbox 747 4601 993 4675; x_wconf 88' lang='lat' dir='ltr'><strong>monasterium</strong></span> <span class='ocrx_word' id='word_1_247' title='bbox 1015 4609 1261 4695; x_wconf 85' lang='lat' dir='ltr'><strong>memoratum,</strong></span> <span class='ocrx_word' id='word_1_248' title='bbox 1282 4600 1340 4676; x_wconf 89' lang='lat' dir='ltr'><strong>vel</strong></span> <span class='ocrx_word' id='word_1_249' title='bbox 1355 4601 1392 4673; x_wconf 92' lang='lat' dir='ltr'><strong>iu</strong></span> <span class='ocrx_word' id='word_1_250' title='bbox 1415 4608 1514 4674; x_wconf 85' lang='lat' dir='ltr'><strong>antea</strong></span> <span class='ocrx_word' id='word_1_251' title='bbox 1535 4600 1638 4693; x_wconf 88' lang='lat' dir='ltr'><strong>justis</strong></span> <span class='ocrx_word' id='word_1_252' title='bbox 1659 4599 1792 4690; x_wconf 88' lang='lat' dir='ltr'><strong>modis,</strong></span> <span class='ocrx_word' id='word_1_253' title='bbox 1809 4603 1971 4693; x_wconf 80' lang='lat' dir='ltr'><strong>prestante</strong></span> 
     </span>
     <span class='ocr_line' id='line_1_30' title="bbox 574 4721 1971 4824; baseline -0.006 -26"><span class='ocrx_word' id='word_1_254' title='bbox 574 4724 732 4817; x_wconf 85' lang='lat' dir='ltr'><strong>Domino,</strong></span> <span class='ocrx_word' id='word_1_255' title='bbox 754 4726 879 4821; x_wconf 89' lang='lat' dir='ltr'><strong>poterit</strong></span> <span class='ocrx_word' id='word_1_256' title='bbox 895 4724 1054 4822; x_wconf 89' lang='lat' dir='ltr'><strong>adipisci.</strong></span> <span class='ocrx_word' id='word_1_257' title='bbox 1075 4727 1270 4800; x_wconf 83' lang='lat' dir='ltr'><strong>statuentes</strong></span> <span class='ocrx_word' id='word_1_258' title='bbox 1284 4735 1319 4800; x_wconf 88' lang='lat' dir='ltr'><strong>et</strong></span> <span class='ocrx_word' id='word_1_259' title='bbox 1335 4727 1503 4824; x_wconf 88' lang='lat' dir='ltr'><strong>presentis</strong></span> <span class='ocrx_word' id='word_1_260' title='bbox 1518 4726 1719 4801; x_wconf 87' lang='lat' dir='ltr'><strong>auctoritate</strong></span> <span class='ocrx_word' id='word_1_261' title='bbox 1734 4721 1852 4819; x_wconf 89' lang='lat' dir='ltr'><strong>scripti</strong></span> <span class='ocrx_word' id='word_1_262' title='bbox 1874 4739 1971 4792; x_wconf 90' lang='lat' dir='ltr'><strong>man·</strong></span> 
     </span>
    </p>
   </div>
   <div class='ocr_carea' id='block_1_6' title="bbox 0 0 2172 5892">
    <p class='ocr_par' dir='ltr' id='par_1_8' title="bbox 0 0 2172 5892">
     <span class='ocr_line' id='line_1_31' title="bbox 0 0 2172 5892; baseline 0 0"><span class='ocrx_word' id='word_1_263' title='bbox 0 0 2172 5892; x_wconf 95' lang='lat' dir='ltr'><strong> </strong></span> 
     </span>
    </p>
   </div>
  </div>
 </body>
</html>
