4368 5876
236 625 333 688 144444.
350 626 394 706 9.]
685 621 883 682 HISTORIA
909 619 1199 680 blruotltlrlcn.
1591 615 1649 678 189

237 772 272 836 et
300 783 380 834 cum
409 759 503 834 omni
522 761 603 854 jure
625 765 741 831 nostro
763 767 797 830 et
815 757 950 854 imperii
975 757 1041 829 sibi
1065 755 1297 829 concessimus
1322 763 1356 826 et
1377 754 1585 827 donavimus
1607 776 1649 826 ao

237 886 406 983 imperiali
432 883 632 958 auctoritate
651 905 698 956 ex
715 892 807 956 certa
826 882 969 955 scientia
990 879 1270 954 confirmavimus
1289 878 1471 976 privilegio
1491 878 1644 974 speciali.

236 1010 398 1084 volentes
416 1010 534 1105 itaque
557 1019 596 1082 ut
613 1030 655 1081 ea
673 1029 743 1104 que
769 1007 894 1081 nostris
914 1004 1077 1080 fidelibus
1094 1004 1140 1080 de
1157 1015 1249 1078 certe
1266 1005 1410 1078 scientia
1425 1001 1649 1078 concedimus

237 1144 272 1208 et
289 1135 455 1231 largimur
469 1135 576 1208 robur
595 1132 772 1208 obtineant
793 1141 829 1206 et
851 1131 1050 1206 inviolabile
1068 1130 1339 1222 firmamentum,
1360 1128 1461 1205 vobis
1478 1129 1650 1202 universis

237 1266 272 1333 et
287 1259 433 1355 singulis
447 1259 513 1332 sub
533 1260 676 1334 obtentu
693 1258 803 1354 gratie
818 1267 934 1332 nostre
958 1266 993 1331 et
1016 1257 1133 1332 debito
1157 1254 1333 1330 fidelitatis
1350 1278 1392 1329 ac
1415 1254 1533 1327 banno
1556 1253 1650 1327 mille

236 1384 403 1458 librarum
427 1384 503 1458 auri
527 1384 680 1457 districte
697 1382 920 1480 precipiendo
942 1382 1150 1457 mandamus
1166 1390 1337 1478 quatenos
1350 1380 1435 1455 visis
1450 1391 1484 1454 et
1498 1379 1651 1453 intellec-

239 1509 283 1582 tis
298 1510 516 1603 presentibus
532 1509 664 1600 litteris,
687 1509 732 1582 de
746 1508 902 1605 predicto
919 1508 1084 1582 comitatu
1100 1517 1134 1580 et
1149 1506 1195 1581 de
1211 1507 1456 1600 omnibusque
1476 1505 1522 1578 ad
1539 1505 1650 1576 comi-

240 1644 348 1706 tatum
362 1634 475 1732 ipsum
494 1634 666 1730 pertinent
683 1644 753 1708 tam
771 1633 808 1705 in
824 1633 1022 1708 civitatibus
1034 1655 1140 1728 quam
1161 1631 1349 1723 incastris,
1367 1629 1489 1724 burgis
1507 1637 1542 1700 et
1560 1627 1651 1700 villis

241 1781 306 1834 neo
321 1782 391 1834 nou
406 1770 440 1833 et
463 1759 508 1834 de
526 1761 687 1833 omnibus
713 1759 917 1852 rationibus,
940 1759 1175 1856 proventibus,
1197 1755 1305 1831 lodris
1320 1765 1354 1830 et
1377 1753 1527 1828 collectis
1551 1753 1652 1826 nobis

241 1894 275 1956 et
299 1885 443 1980 imperio
466 1884 718 1981 pertinentibus
743 1886 779 1956 in
802 1886 966 1959 comitatu
984 1885 1057 1978 jam
1087 1884 1180 1958 dicto
1208 1882 1322 1956 eidem
1345 1880 1461 1955 comiti
1487 1889 1652 1974 tanquam

237 2030 383 2105 persone
400 2022 515 2083 nostre
533 2010 569 2081 iu
589 2011 750 2084 omnibus
772 2018 806 2082 et
824 2031 887 2105 per
907 2009 1024 2083 omnia
1047 2008 1285 2106 respondeatis
1305 2018 1339 2081 et
1363 2004 1562 2095 intendatis,
1580 2024 1651 2076 non

237 2134 396 2208 obstante
410 2135 528 2231 aliqua
545 2135 767 2210 concessione
787 2137 876 2208 lacta
901 2134 946 2208 de
963 2133 1042 2230 ipso
1060 2134 1206 2228 Ugoliuo
1229 2133 1274 2207 de
1291 2132 1428 2205 Iuliano
1445 2131 1496 2224 (4)
1513 2130 1570 2202 vel
1587 2128 1651 2202 ali·

240 2259 297 2333 cui
312 2281 457 2355 persone
472 2281 494 2333 a
511 2260 613 2334 nobis
630 2261 687 2334 vel
705 2259 838 2334 acaria
859 2269 986 2350 nostra,
1007 2281 1111 2354 quam
1128 2259 1248 2354 utique
1267 2278 1443 2330 cassamus
1461 2265 1495 2328 et
1519 2255 1649 2326 irritam

238 2385 377 2482 penitus
395 2407 611 2459 revocamus.
631 2385 794 2480 Alioquin
811 2385 975 2457 noveritis
993 2405 1057 2456 nos
1071 2383 1210 2456 dedisse
1228 2383 1368 2455 ailberto
1385 2382 1431 2455 de
1444 2383 1536 2453 Saxo
1556 2377 1651 2451 fideli

239 2517 356 2583 nostro
374 2508 516 2584 firmiter
528 2511 564 2582 in
579 2509 752 2584 mandatis
770 2520 808 2583 ut
820 2509 888 2606 ipsi
907 2508 1023 2582 comiti
1039 2507 1098 2581 det
1118 2515 1273 2581 tenutam
1291 2515 1327 2579 et
1342 2507 1552 2600 corporalem
1572 2524 1649 2600 pos·

239 2635 429 2708 sessionem
448 2636 559 2731 ipsius
572 2633 755 2709 comitatus
771 2634 849 2708 vice
865 2643 899 2707 et
912 2633 1114 2707 auctoritate
1131 2642 1260 2723 nostra,
1273 2643 1307 2704 et
1319 2651 1439 2704 omnes
1459 2626 1649 2701 contradic·

275 2997 312 3070 44)
330 2997 410 3054 Extat
429 3003 519 3056 4444444
537 2996 631 3071 (ibid,
651 3005 682 3055 44ο
699 2996 759 3070 CV)
773 2996 981 3054 instrumentum
994 2993 1153 3053 concordiae
1168 2993 1255 3051 factm
1272 2992 1341 3050 inter
1355 2983 1495 3050 dominum
1509 2991 1651 3064 Ugolinum

238 3095 364 3154 comitem
377 3095 546 3156 Romaniolae
559 3101 773 3170 potestatemque
786 3095 928 3152 Ravennae
939 3098 968 3149 et
981 3092 1119 3150 dominum
1129 3091 1324 3150 Adelardinum
1334 3095 1492 3166 potestatem
1503 3089 1649 3158 Ferrariac,

239 3193 382 3252 undecimo
395 3195 439 3252 die
456 3194 524 3268 junii
538 3194 618 3270 hujus
632 3194 694 3250 anni
712 3197 797 3264 4224,
811 3191 959 3250 scilicetco
976 3190 1037 3264 ipso
1052 3196 1172 3264 tempore
1189 3204 1243 3264 quo
1256 3188 1408 3246 Fridericus
1424 3187 1536 3245 alterurn
1551 3189 1651 3246 Roma-

240 3289 326 3349 uiolae
337 3291 462 3348 comitem
476 3291 642 3348 instituebat.
657 3289 711 3348 Sed
725 3289 776 3348 iste
788 3289 917 3364 Ugolinus
930 3286 1052 3345 Julianus
1068 3287 1120 3344 boc
1136 3303 1224 3358 enno,
1236 3293 1265 3344 ct
1281 3287 1340 3344 sine
1355 3285 1437 3344 dubio
1450 3285 1529 3361 paulo
1546 3291 1620 3358 post,
1636 3300 1651 3341 e

238 3390 295 3449 vita
308 3389 424 3448 violenta
436 3405 504 3448 nece
516 3390 642 3462 decessit,
655 3395 686 3446 ut
699 3389 795 3462 legitur
807 3388 834 3445 in
847 3387 942 3462 spicil.
956 3389 1075 3445 Rouana.
1090 3385 1164 3443 44444.
1175 3401 1220 3460 ap.
1235 3385 1393 3456 4444444444,
1406 3383 1521 3458 Script,
1537 3384 1571 3456 44,
1587 3385 1648 3440 578.

238 3488 394 3548 (intifredus
416 3505 477 3548 vero
502 3505 556 3548 non
577 3489 655 3563 longo
680 3496 801 3563 tempore
825 3485 994 3546 Romanlolaa
1016 3501 1108 3544 comes
1127 3485 1229 3556 extitit,
1251 3499 1313 3542 cum
1340 3485 1393 3542 boc
1417 3483 1496 3542 titulo
1522 3484 1651 3540 loannem

238 3588 384 3662 quemdem
394 3587 429 3646 de
443 3587 595 3646 Guamacio
611 3587 804 3662 (wormatial)
820 3592 848 3644 et
866 3584 965 3644 deinde
982 3585 1123 3644 ailbertum
1146 3583 1402 3659 llagdeburgcnsam
1422 3582 1653 3656 archiepiscopum

238 3686 345 3760 imperii
358 3686 474 3762 legatum
486 3687 515 3744 in
526 3703 597 3745 enno
608 3691 677 3746 4223
687 3693 795 3744 ornatos
803 3685 1073 3756 inveniamus.Qucm
1086 3683 1191 3742 titulum
1204 3683 1329 3740 ilbertus
1338 3683 1372 3739 ab
1380 3695 1449 3739 anno
1459 3684 1527 3739 4223
1539 3685 1653 3737 excunte

240 3783 306 3856 (vid.
322 3799 404 3857 supra
417 3801 444 3858 p.
456 3784 500 3857 75)
513 3799 599 3857 usquc
613 3785 640 3841 in
653 3799 753 3840 anuum
775 3787 844 3840 4232
858 3781 969 3840 retinuit
993 3803 1006 3836 a
1021 3783 1098 3839 Anno
1114 3785 1193 3852 4223,
1209 3785 1225 3836 3
1242 3779 1363 3854 augusti,
1379 3777 1523 3835 indictione
1536 3777 1592 3848 Xl,
1606 3777 1652 3834 do-

241 3880 359 3939 cminue
372 3883 468 3939 Petrus
482 3883 572 3940 Bonus
585 3882 668 3956 juder
689 3881 805 3940 civitatis
823 3883 964 3938 4444444444
987 3895 1059 3937 nunc
1076 3879 1257 3937 ambasciator
1276 3893 1338 3934 curn
1357 3876 1416 3934 aliis
1430 3875 1596 3932 denuntiavit
1607 3874 1652 3930 do

240 3999 254 4032 a
270 3980 344 4038 mino
359 3980 455 4038 loanni
468 3980 504 4038 de
522 3979 689 4038 Guameccio
703 3979 851 4038 Romanius
864 3979 955 4038 comiti
973 3984 1003 4035 at
1019 3977 1119 4036 nuncio
1135 3976 1236 4035 domini
1255 3974 1358 4032 elberti
1371 3973 1565 4046 archiepiscopi
1582 3971 1654 4044 blag-

240 4078 446 4153 »deburgeusls
464 4078 497 4138 ad
522 4079 635 4154 pignora
654 4078 808 4153 recipienda
826 4093 842 4134 a
859 4079 997 4135 communi
1014 4077 1161 4135 Ravennati
1182 4075 1306 4134 tradendi
1324 4073 1508 4132 Bretenorium
1527 4086 1576 4145 pro
1602 4073 1654 4128 44444

240 4195 254 4228 n
268 4176 364 4234 marcis
377 4177 489 4250 argenti.
502 4206 539 4220 -
550 4178 629 4234 Anno
644 4179 729 4248 4224,
743 4177 846 4251 augusti
859 4180 910 4248 26,
925 4175 1051 4232 elbertus
1065 4174 1284 4249 archiepiscopus
1297 4169 1534 4244 magdeburgensis
1549 4166 1654 4242 imperii

240 4293 253 4325 4
269 4273 374 4347 legatam
392 4281 421 4332 44
441 4274 613 4333 llomanlolae
629 4289 721 4333 comes
734 4289 764 4332 ee
777 4273 912 4348 recepisse
926 4279 1042 4330 testatur
1057 4275 1108 4329 800
1123 4287 1227 4328 marcas
1244 4286 1295 4344 pro
1312 4267 1440 4326 comitatu
1452 4269 1602 4324 Ravennae.
1618 4295 1654 4311 -

240 4372 347 4430 »44444
360 4375 444 4445 4232,
457 4373 546 4430 martii
560 4375 586 4446 l,
601 4373 718 4432 lacobus
739 4373 858 4446 bergani
873 4369 957 4445 judex
975 4369 1077 4429 domiui
1088 4369 1190 4428 Alberti
1208 4366 1446 4442 lingdebmgensis
1458 4365 1651 4438 archiepiscopi

240 4469 377 4527 »comitis
393 4476 421 4526 et
432 4469 511 4544 legati
529 4471 719 4543 domenicus,
731 4471 826 4528 statuit
840 4469 985 4526 terminum
1003 4467 1092 4527 comiti
1111 4465 1234 4542 Aginulio
1246 4465 1281 4523 de
1296 4464 1451 4523 lludiliana.
1469 4481 1482 4514 4
1501 4463 1651 4530 learned,

238 4565 320 4635 ibid..
332 4575 354 4626 4.
369 4569 404 4642 V,
415 4585 444 4644 p.
458 4571 510 4625 to't
521 4576 549 4627 et
563 4568 640 4642 t.111‚
653 4587 681 4644 p.
694 4568 805 4627 letes.
817 4570 1011 4636 Mommsen,
1025 4565 1098 4623 Bibl.
1110 4580 1259 4634 4444444444,
1274 4569 1295 4620 t.
1311 4564 1332 4634 l,
1345 4560 1425 4620 index
1433 4562 1508 4619 arch.
1519 4560 1650 4631 4444444,

237 4665 284 4739 qui
296 4665 397 4724 litteras
411 4665 515 4725 dlberti
530 4667 636 4726 comitis
646 4665 790 4726 llomaniae
801 4672 933 4724 memorat
944 4666 1022 4724 datas
1039 4667 1118 4736 4223,
1130 4666 1146 4720 6
1165 4661 1291 4720 kalendas
1305 4661 1422 4720 octobris
1441 4660 1512 4734 apud
1532 4658 1651 4728 lmolam,

238 4770 268 4822 et
282 4765 362 4836 4242,
376 4767 394 4824 ’4
409 4765 472 4823 idm
488 4766 587 4840 aprilis.
