4368 5876
509 567 568 631 tta
1002 569 1216 636 Fllllllllllcl
1241 574 1416 638 sttcttttnt
1728 573 1807 656 [dn.
1827 573 1915 636 tant.

511 703 590 778 tatis
607 711 721 776 nostre
739 724 818 776 cum
838 705 1000 780 omnibus
1017 707 1118 781 bonis
1133 731 1196 784 sue
1213 712 1358 786 ecclesie
1385 711 1538 808 recipere
1562 709 1699 806 sibique
1723 718 1758 784 et
1782 731 1920 784 succes·

510 829 647 904 sonum
671 827 745 901 suis
763 850 806 903 ac
825 831 970 905 ecclesie
994 833 1205 912 salernitane
1229 837 1412 934 privilegia
1433 847 1468 910 et
1492 837 1584 910 bona
1609 859 1680 932 que
1705 844 1786 909 sunt
1812 834 1922 930 ipsius

510 954 655 1028 ecclesie
672 953 861 1029 concedere
878 955 985 1030 libere
1000 967 1036 1030 et
1050 958 1253 1036 confirmare
1271 962 1387 1035 omnia
1409 969 1524 1035 nostra
1545 959 1780 1034 munificentia
1798 956 1923 1052 digna-

511 1087 618 1151 retur.
642 1080 693 1152 Ile
709 1079 839 1174 quibus
857 1080 922 1154 bec
940 1081 1108 1156 duximus
1126 1084 1273 1181 propriis
1292 1085 1470 1158 vocabulis
1486 1081 1713 1179 exprimenda
1736 1109 1745 1153 ε
1763 1081 1924 1156 videlicet

512 1203 665 1277 decimas
683 1205 728 1278 de
749 1207 911 1280 omnibus
937 1206 1131 1282 redditibus
1155 1208 1392 1283 denaniorum
1420 1219 1612 1284 nostrorum
1636 1207 1786 1280 civitatis
1810 1213 1925 1278 nostre

510 1328 721 1403 Salamitane
748 1353 837 1424 quas
865 1333 958 1406 clare
981 1333 1147 1408 memorie
1174 1335 1386 1428 Robbertus,
1420 1335 1613 1430 Roggerius
1649 1329 1741 1404 lilius
1773 1353 1859 1402 surus
1889 1341 1926 1401 et

510 1451 701 1526 Guilelmus
728 1455 820 1528 lilius
845 1458 1003 1549 ejusdem
1030 1460 1166 1553 Rogerii
1194 1459 1301 1534 duces
1324 1460 1440 1552 magni
1469 1469 1503 1532 et
1529 1457 1790 1554 predecessores
1819 1453 1925 1526 nostri

511 1589 728 1653 sacrosancto
745 1581 958 1654 Salernitano
977 1583 1249 1681 archiepiscopio
1265 1596 1301 1658 et
1322 1583 1518 1682 pastoribus
1542 1583 1650 1678 ipsius
1677 1601 1741 1676 pro
1763 1581 1875 1651 salute
1893 1589 1928 1650 et

512 1705 665 1778 remedio
685 1705 877 1778 animarum
897 1728 1038 1780 suarum
1063 1719 1231 1804 perpetuo
1247 1711 1412 1784 obtulisse
1433 1717 1469 1782 et
1491 1706 1701 1782 concessisse
1721 1713 1924 1792 noscuntur,

514 1829 604 1902 sicut
621 1829 801 1902 manifeste
819 1829 856 1902 iu
882 1831 1036 1926 ipsorum
1062 1832 1254 1927 privilegiis
1277 1835 1492 1925 continetur;
1517 1843 1553 1906 et
1570 1831 1722 1906 decimas
1743 1829 1789 1903 de
1806 1825 1929 1900 reddi-

515 1953 608 2026 tibus
626 1956 838 2049 platearum,
858 1955 1078 2051 plancarum,
1104 1956 1209 2029 tincte
1225 1971 1259 2030 et
1277 1957 1436 2031 celendre
1455 1967 1544 2030 terre
1566 1965 1681 2028 nostre
1699 1952 1802 2026 libuli
1826 1961 1862 2024 et
1885 1949 1930 2022 de

517 2078 612 2154 omui
635 2079 819 2152 nutrimine
837 2079 1037 2152 animalium
1056 2103 1125 2174 que
1150 2081 1245 2154 curia
1268 2092 1383 2156 nostra
1409 2083 1464 2155 vel
1487 2081 1613 2176 aliquis
1631 2079 1721 2152 alius
1745 2077 1781 2149 in
1807 2073 1930 2149 eadem

518 2214 606 2277 terra
620 2214 654 2277 et
669 2204 882 2300 pertinentiis
897 2204 970 2275 suis
984 2203 1087 2278 babet
1102 2207 1157 2279 vel
1175 2207 1335 2280 habuerit
1350 2208 1576 2297 inlaturum,
1595 2213 1697 2300 prout
1712 2225 1773 2278 eas
1789 2199 1931 2275 domina

520 2327 717 2402 Constantia
731 2329 855 2403 dilecta
868 2332 996 2422 conjux
1011 2339 1126 2403 nostra
1143 2331 1372 2404 Romanorum
1388 2331 1603 2426 imperatrix,
1615 2349 1751 2424 semper
1767 2333 1929 2419 augusta,

521 2455 603 2528 olim
620 2454 685 2527 sibi
702 2465 736 2527 et
752 2455 896 2527 ecclesie
909 2477 972 2527 sue
983 2455 1127 2528 contulit
1144 2455 1179 2527 in
1194 2466 1399 2551 perpetuum
1414 2466 1448 2529 et
1464 2454 1646 2545 concessit,
1661 2452 1752 2524 sicut
1769 2451 1804 2521 in
1824 2447 1934 2544 ipsius

524 2579 705 2676 privilegio
726 2579 930 2652 continetur.
958 2579 1120 2652 Similiter
1138 2587 1244 2652 lotam
1265 2578 1411 2653 Judeam
1434 2578 1542 2676 ipsius
1564 2577 1714 2650 civitatis
1737 2583 1853 2646 nostre
1872 2573 1935 2643 Sa·

522 2703 609 2775 lemi
626 2724 706 2774 cum
724 2701 844 2775 ludeis
860 2702 1021 2774 omuibus
1039 2703 1100 2796 qui
1122 2703 1157 2772 in
1176 2701 1297 2776 eadem
1316 2701 1420 2775 modo
1436 2701 1627 2774 habitantes
1649 2708 1732 2772 sunt
1751 2707 1786 2770 et
1810 2693 1936 2767 luerint

523 2829 560 2899 in
579 2828 732 2899 luturum
750 2847 829 2898 cum
847 2826 1010 2898 omnibus
1023 2826 1407 2920 libertatibus,jurtbus
1420 2835 1455 2900 et
1469 2826 1570 2898 bonis
1584 2825 1760 2920 ipsorum,
1780 2817 1937 2914 exceptis

524 2952 668 3045 illisqui
685 2951 730 3024 de
748 2951 846 3023 terris
862 2973 930 3044 que
944 2951 1010 3022 sub
1028 2950 1188 3024 demanio
1209 2961 1324 3025 nostro
1343 2962 1422 3024 sunt
1439 2951 1598 3024 venerint
1615 2947 1661 3023 ad
1675 2945 1855 3037 eamdem,
1874 2963 1938 3015 nec

526 3097 595 3148 non
620 3085 654 3148 et
679 3074 819 3146 tinctam
841 3075 996 3167 ejusdem
1015 3085 1134 3147 nostre
1150 3077 1298 3147 civitatis
1314 3075 1442 3148 Salerni
1454 3097 1524 3169 que
1541 3075 1650 3164 vulgo
1663 3071 1796 3145 cabella
1812 3068 1939 3142 dicitur

529 3221 606 3271 cum
622 3198 781 3271 celendra
795 3207 911 3271 nostra
923 3211 1044 3270 etcum
1058 3199 1219 3271 omnibus
1231 3199 1452 3296 appenditiis,
1469 3198 1617 3273 domoet
1627 3196 1705 3270 aliis
1718 3192 1765 3268 ad
1781 3191 1940 3267 eamdem

527 3323 667 3395 tinctam
685 3331 720 3396 et
737 3322 932 3395 celendram
946 3323 1214 3417 pertinentibus,
1238 3334 1272 3396 et
1294 3335 1333 3396 ut
1359 3325 1453 3397 nulla
1471 3343 1618 3421 persona
1634 3320 1764 3394 audeat
1783 3317 1942 3391 laborare

526 3447 582 3518 vel
611 3445 763 3519 vendere
786 3444 983 3516 auricellam
1010 3453 1071 3517 aut
1097 3455 1211 3517 tenere
1235 3446 1409 3518 cultellum
1435 3444 1483 3519 ad
1506 3442 1753 3541 quadrupedia
1779 3441 1942 3516 animalia

526 3566 715 3642 occidenda
740 3568 829 3638 intra
857 3566 985 3639 dictam
1012 3566 1184 3639 civitatem
1215 3577 1365 3641 nostram
1389 3569 1521 3642 Salerni
1548 3577 1583 3641 et
1609 3565 1836 3663 pertinentias
1863 3585 1945 3636 suas

527 3691 594 3764 nisi
617 3701 732 3764 tamen
752 3689 854 3763 Judei
874 3689 957 3761 dicti
979 3689 1226 3786 archiepiscopi
1246 3701 1281 3763 et
1299 3693 1397 3784 jussu
1418 3692 1654 3765 ministrorum
1670 3691 1761 3781 ejus.
1782 3686 1946 3760 Similiter

527 3825 567 3888 ut
580 3836 682 3889 omne
698 3813 794 3910 quod
812 3813 857 3885 de
873 3813 1003 3885 saumis
1019 3813 1085 3885 olei
1106 3813 1236 3907 quoad
1258 3813 1386 3888 dictum
1404 3815 1578 3888 civitatem
1598 3813 1731 3886 Salerni
1750 3811 1948 3884 undecum-

526 3961 596 4035 que
608 3939 814 4013 advenerint
829 3959 909 4032 pars
926 3945 1040 4008 nostre
1054 3937 1244 4032 reipublice
1262 3939 1404 4034 exigere
1418 3939 1572 4028 deberet,
1591 3959 1729 4033 semper
1742 3936 1789 4009 sit
1807 3935 1900 4029 juris
1914 3943 1950 4006 et

529 4064 671 4138 ditionis
691 4062 940 4156 archiepiscopi
960 4059 1149 4155 supradicti
1170 4070 1206 4132 et
1222 4062 1455 4135 ministrorum
1475 4066 1552 4156 ejus
1573 4071 1614 4134 ut
1631 4060 1721 4134 illud
1742 4059 1890 4154 exigant
1915 4066 1952 4130 et

531 4189 720 4285 percipiant
737 4184 784 4260 ad
798 4206 885 4281 opus
903 4183 1013 4280 ipsius
1027 4183 1285 4279 archiepiscopi,
1300 4185 1390 4258 sicut
1405 4185 1469 4260 hec
1485 4187 1602 4260 omnia
1614 4196 1649 4259 et
1667 4185 1808 4279 singula
1821 4183 1858 4256 iu
1874 4183 1953 4278 pri·

529 4309 905 4404 vilegiispredictorum
919 4306 1049 4380 ducum
1058 4307 1338 4402 predecessorum
1351 4319 1548 4383 nostrorum
1556 4310 1697 4407 plenius
1710 4309 1950 4383 continentur.

532 4432 694 4504 Similiter
711 4441 859 4505 castrum
874 4429 1024 4517 Olibani,
1049 4438 1198 4501 montem
1220 4429 1419 4524 Corbinum,
1438 4432 1686 4505 Castelluczum
1704 4429 1805 4528 quod
1823 4429 1955 4504 dicitur

531 4555 731 4650 Battipalla,
752 4555 864 4627 casale
880 4553 1047 4625 Liciniani
1064 4574 1142 4623 cum
1164 4553 1306 4626 ecclesia
1329 4555 1444 4628 Sancti
1463 4555 1586 4652 Angeli
1605 4555 1734 4630 montis
1748 4553 1876 4644 Aurei,
1895 4575 1956 4627 ca·

533 4681 604 4752 sale
624 4679 883 4752 Cusentiuorum
911 4698 990 4749 cum
1012 4677 1154 4748 ecclesia
1173 4678 1288 4750 Sancti
1312 4677 1448 4776 Georgii
1468 4681 1504 4753 in
1528 4681 1718 4756 tenimento
1736 4678 1891 4756 Pauieali
1919 4677 1958 4751 iu
