4272 5886
214 619 312 683 tunna.
331 619 393 697 lt]
663 613 862 676 HISTORIA
885 613 1176 678 orrtoltltrron.
1572 615 1631 677 521

215 823 219 830 .
263 757 333 830 Nes
359 762 475 828 autem
497 752 620 848 uigore
646 749 877 845 imperialium
904 751 1093 826 litterarum
1122 752 1255 826 dietum
1280 751 1507 842 Riccardum,
1536 751 1632 825 Cen-

214 877 405 954 stantinum
427 885 463 949 et
484 875 661 948 Grisilium
684 894 800 948 uorum
829 874 930 948 nobis
955 875 1100 949 fecimus
1118 875 1296 967 accersiri,
1323 886 1358 949 et
1382 886 1453 948 tam
1475 875 1522 948 ab
1546 875 1631 970 ipsis

215 1025 322 1098 quam
345 1001 391 1075 ab
412 1000 491 1074 aliis
508 998 688 1094 quondam
711 996 838 1090 bep'ulis
864 997 971 1070 Mileti
994 997 1178 1094 diligenter
1201 998 1446 1094 inquisivimus
1477 999 1524 1072 de
1552 1021 1631 1094 pre·

214 1127 342 1218 missis,
363 1125 427 1223 qui
451 1124 707 1198 contendebant
729 1119 893 1196 eumdem
912 1120 1047 1198 Gustum
1071 1123 1253 1220 Pleymum
1277 1122 1473 1198 reddidisse
1493 1145 1631 1219 semper

215 1249 417 1346 bajulationi
440 1248 548 1322 llileti
574 1247 619 1322 de
638 1246 737 1320 terris
759 1256 795 1320 et
816 1246 1015 1322 molendino
1043 1270 1114 1342 que
1138 1249 1384 1322 menesterium
1412 1249 1527 1321 Sancti
1551 1251 1632 1320 Ste-

214 1373 322 1470 phani
344 1372 474 1448 detinet
491 1393 513 1446 a
531 1371 686 1446 Johunne
708 1369 780 1444 filio
799 1369 989 1468 supradicti
1010 1372 1110 1466 Ceste
1129 1372 1271 1470 Plopme
1291 1372 1463 1467 emptione
1479 1380 1516 1445 et
1534 1371 1630 1446 eblu-

215 1499 310 1572 tione
330 1497 465 1594 regales
480 1505 566 1588 tres3
583 1496 730 1593 predicti
743 1503 860 1570 autem
879 1496 1000 1570 tratres
1013 1495 1060 1569 ad
1081 1496 1317 1571 defensionem
1332 1495 1531 1570 monasterii
1550 1516 1630 1567 me-

214 1623 338 1697 morati
372 1620 598 1696 osteudemnt
626 1620 729 1694 nobis
754 1619 1004 1694 incontinenter
1031 1619 1210 1715 quoddam
1237 1619 1457 1715 privilegium
1487 1639 1629 1714 grecum

215 1747 390 1823 indultum
405 1747 471 1842 ipsi
483 1746 583 1820 Ceste
594 1745 770 1842 Ploymea
788 1746 912 1821 comita
929 1746 1076 1841 llogerie
1088 1745 1197 1818 felicis
1215 1745 1393 1832 memorie,
1411 1745 1449 1816 in
1464 1765 1536 1839 que
1549 1765 1630 1816 een-

215 1871 388 1946 tinebatur
402 1870 495 1968 ipsas
510 1878 617 1944 terras
632 1879 667 1942 et
682 1869 919 1944 molendinum
935 1869 1145 1944 concessisse
1159 1869 1357 1965 supradicto
1372 1867 1472 1941 Ceste
1489 1869 1629 1964 Pluyme

215 2004 251 2069 et
274 1994 462 2068 heredibus
483 1994 557 2069 suis
584 1993 621 2067 in
645 2003 851 2090 perpetuum
875 2017 940 2090 pro
965 1994 1105 2069 redditu
1122 1993 1282 2089 ,regalem
1313 2015 1422 2066 unum
1443 1993 1456 2088 (
1480 1993 1535 2088 ');
1559 2013 1629 2086 que

215 2127 304 2192 terre
321 2129 420 2192 erant
443 2119 480 2191 in
508 2119 696 2193 tenimento
714 2118 900 2192 Franclrica
921 2129 956 2193 et
979 2118 1275 2192 concludebantur
1295 2117 1350 2192 lris
1371 2118 1500 2191 linibus
1521 2129 1556 2192 et
1572 2118 1627 2192 di·

215 2241 326 2314 uisis:
346 2243 392 2318 ab
413 2242 545 2317 oriente
562 2250 636 2316 erat
656 2250 747 2315 terra
765 2242 888 2333 llarri,
909 2243 955 2316 ab
975 2243 1155 2318 occidente
1177 2253 1264 2316 terra
1285 2243 1485 2334 lumbardi,
1506 2265 1527 2315 a
1550 2265 1628 2338 sep·

216 2368 385 2440 teutriune
398 2367 457 2441 via
474 2367 598 2440 casalis
617 2364 792 2461 Pungadi,
811 2387 833 2440 a
852 2366 998 2440 meridie
1015 2377 1088 2442 eret
1110 2369 1169 2440 via
1188 2367 1341 2464 publiea.
1359 2364 1436 2444 Alia
1454 2389 1539 2440 vere
1554 2369 1628 2439 cul·

217 2496 294 2564 tura
317 2499 392 2564 eret
414 2511 522 2587 prepe
547 2491 794 2584 Lachisanum,
821 2513 891 2585 que
913 2491 1068 2564 similiter
1090 2490 1312 2566 dividebatur
1335 2491 1408 2563 ita:
1428 2490 1474 2564 ab
1499 2491 1631 2564 oriente

215 2624 290 2688 erat
306 2615 365 2688 via
381 2637 588 2710 magnaque
601 2615 764 2690 veniebat
777 2636 799 2688 a
814 2615 1002 2688 Frenchica
1018 2625 1054 2689 et
1071 2615 1143 2688 ibat
1162 2616 1208 2690 ad
1228 2617 1341 2690 casale
1365 2613 1575 2688 Condruselli
1596 2625 1632 2688 et

215 2739 322 2830 alihi;
346 2740 392 2815 ab
418 2737 596 2814 occidente
617 2739 678 2814 via
702 2739 903 2832 Lachisani;
929 2741 1206 2837 aseptentrione
1229 2741 1289 2814 via
1311 2740 1450 2835 publica
1475 2762 1545 2835 que
1569 2761 1632 2813 ve·

217 2864 334 2939 niebat
354 2887 376 2940 a
394 2864 527 2957 lllilete,
550 2863 737 2939 ameridie
756 2874 830 2938 erat
848 2864 1072 2938 [achisanus.
1096 2864 1334 2938 Molendinum
1358 2872 1472 2938 anton
1497 2873 1572 2938 erat
1594 2864 1630 2938 in
1737 2883 1741 2892 ·

216 2990 321 3063 casali
345 2989 470 3064 Mutari
498 2990 534 3062 in
564 2989 752 3064 tenimento
785 2989 973 3083 Cnjemani.
1004 2987 1239 3064 Ostendemnt
1267 2989 1372 3062 ctiam
1406 2988 1507 3062 nobis
1533 2989 1631 3064 aliud

216 3114 439 3210 privilegium
464 3135 606 3208 grecum
628 3117 822 3188 conlectum
843 3137 868 3190 a
892 3113 1033 3190 domiuo
1060 3136 1144 3209 rege
1167 3113 1312 3209 lingerio
1342 3111 1414 3188 filio
1440 3112 1630 3209 supradicti

215 3238 350 3312 comitis
363 3237 512 3334 llogerii,
536 3261 599 3335 per
613 3239 710 3334 quud
728 3237 956 3314 confitebatur
973 3240 1089 3314 eidem
1102 3239 1202 3314 Ceste
1217 3240 1358 3337 Ployme
1373 3240 1629 3313 concessionem

216 3373 251 3434 et
268 3362 488 3437 donationem
506 3361 661 3459 ipsarum
686 3371 854 3438 terrarum
870 3373 908 3438 et
922 3363 1111 3440 molendini
1132 3386 1240 3462 quam
1258 3363 1371 3438 dictus
1389 3384 1504 3436 comes
1521 3363 1630 3457 Roge-

216 3485 290 3559 rins
312 3487 381 3561 sibi
399 3490 537 3562 lecerat.
558 3488 794 3562 Ostendemnt
808 3489 914 3564 etiam
933 3490 1000 3564 aliu
1020 3490 1093 3564 duo
1114 3490 1340 3564 instrumenta
1357 3487 1513 3560 similiter
1528 3508 1630 3582 greca

215 3633 286 3708 que
316 3613 539 3687 continebant
565 3613 784 3688 medietatem
813 3614 969 3710 ipsarum
993 3623 1161 3689 terrarum
1186 3613 1311 3688 emisse
1332 3634 1353 3685 a
1377 3611 1532 3686 Iohanne
1560 3611 1631 3685 lilio

215 3737 364 3834 predicti
386 3737 486 3811 Ceste
511 3738 769 3835 etEnphraxiu
791 3747 988 3813 matresua
1013 3761 1077 3835 pre
1100 3739 1226 3812 tarenis
1252 3737 1425 3811 sexcentis
1448 3736 1569 3811 decem
1597 3745 1632 3810 at

216 3870 307 3935 octe.
340 3861 573 3938 Ostendemnt
598 3863 741 3959 insuper
767 3871 1008 3937 testamentum
1033 3862 1223 3958 supradicti
1250 3860 1416 3936 Iohannis
1443 3860 1505 3932 filii
1533 3861 1631 3935 Ceste
1699 3929 1704 3938 .

214 3986 355 4084 Ployme
376 4009 440 4083 per
458 3987 555 4083 quod
574 3988 801 4062 confitebetur
818 3987 1019 4061 vendidisse
1040 4009 1111 4061 una
1133 4008 1213 4059 cum
1238 3995 1348 4058 matre
1369 4005 1433 4057 sua
1458 3985 1630 4082 prenomi-

113 4155 120 4164 ·
215 4123 296 4187 nata
312 4111 532 4188 medietatem
554 4113 708 4210 ipsarum
725 4123 906 4203 terrarum,
925 4123 961 4185 et
985 4111 1089 4185 aliam
1113 4109 1333 4184 medietatem
1353 4108 1528 4182 residuam
1549 4130 1630 4181 cum

214 4237 415 4310 molendino
436 4247 473 4314 et
495 4238 649 4333 quadam
675 4247 767 4314 terra
789 4261 854 4314 sua
875 4238 920 4312 dc
944 4239 1080 4312 Mutare
1103 4235 1366 4330 adjudicaverat
1390 4257 1453 4330 pro
1475 4234 1629 4308 remedie

214 4361 330 4435 anime
358 4380 421 4436 sue
446 4371 483 4436 et
507 4372 689 4459 parentum
713 4385 858 4437 suorum
883 4362 998 4438 cidem
1027 4360 1234 4450 monasterie
1257 4359 1371 4434 Sancti
1396 4359 1560 4455 Stephani
1583 4359 1629 4434 de

216 4483 379 4574 Nemore,
398 4508 487 4580 quas
509 4493 669 4561 tenuerat
685 4494 720 4562 et
743 4485 935 4582 possiderat
952 4507 1015 4582 per·
1039 4505 1148 4558 annes
1174 4485 1244 4558 lere
1265 4481 1465 4578 nonaginta.
1493 4481 1628 4568 Quibus

218 4609 380 4682 omnihus
394 4610 577 4707 diligenter
593 4611 756 4710 inspectis
772 4621 808 4685 et
825 4610 1021 4702 intellectis,
1038 4608 1195 4683 diximus
1211 4607 1295 4703 ipsis
1309 4607 1435 4701 bajulis
1452 4608 1483 4680 si
1499 4589 1634 4682 vellent

217 4756 239 4806 e
258 4744 375 4808 contra
394 4757 601 4834 preponer03
619 4739 682 4836 qui
699 4736 880 4834 allegando
899 4736 1063 4810 dixerunt
1081 4735 1176 4830 qued
1201 4745 1354 4830 tempore
1374 4741 1539 4806 retroacto
1559 4733 1628 4806 ha-

319 4859 361 4921 11.
1452 4863 1490 4915 oo
