4292 5894
186 580 284 644 luctu.
302 577 363 657 11.]
634 567 835 636 HISTORIA
859 565 1153 634 clancularius.
1541 565 1602 628 375

202 767 207 774 ·
234 716 346 809 liujus
371 711 479 808 igitur
503 711 706 786 auctoritate
735 707 892 784 mandati
915 705 1071 804 partibus
1100 703 1214 778 citatis
1242 702 1393 799 legitime
1417 710 1453 776 et
1478 701 1529 776 eis
1554 703 1602 778 ad

186 861 327 916 causam
352 845 445 912 carto
463 835 522 911 dia
543 835 701 934 prefixa,
725 844 874 929 utraque
895 853 976 930 pars
997 840 1113 906 nostro
1136 852 1175 904 se
1197 828 1355 926 aspectui
1375 829 1599 926 presentavit.

185 963 342 1039 Predicte
365 962 484 1058 itaque
508 961 672 1036 mulieres
693 959 796 1034 Anna
818 967 854 1032 et
869 956 1032 1032 Adalaaia
1052 965 1088 1030 et
1107 941 1281 1030 lohannes
1306 957 1382 1048 ejus
1403 952 1496 1026 filius
1520 975 1601 1028 cum

186 1089 356 1164 advocato
370 1107 443 1162 sno
466 1095 595 1160 stantes
610 1085 648 1158 in
671 1084 806 1181 judicio
831 1103 948 1158 oar-arn
968 1081 1069 1156 nobis
1087 1103 1168 1154 curn
1185 1079 1349 1153 instantia
1366 1079 1540 1174 petierunt
1563 1087 1603 1152 nt

182 1216 285 1309 juxta
300 1213 444 1286 formam
460 1211 648 1308 imperialis
671 1209 827 1286 mandati
844 1207 946 1284 nobis
966 1207 1185 1284 commissam
1203 1205 1239 1278 in
1255 1205 1377 1280 eadem
1397 1227 1502 1280 musa
1522 1227 1602 1301 prc-

186 1337 311 1412 cedare
333 1337 559 1429 deherumns;
583 1359 664 1432 pars
685 1357 771 1410 veru
795 1333 927 1410 domini
952 1332 1089 1408 abbatis
1110 1339 1228 1406 cuntm
1250 1329 1424 1427 predictas
1440 1329 1602 1404 mulieres

186 1471 222 1536 et
235 1460 367 1534 dictum
384 1461 575 1536 Iohannem
587 1458 798 1557 excipiendo
811 1458 992 1557 proposuit
1003 1456 1169 1553 quoniam
1182 1456 1363 1530 tenebatur
1379 1477 1485 1552 snper
1500 1476 1602 1550 ques·

186 1586 281 1660 tione
306 1584 481 1683 proposita
498 1585 717 1681 aliquatenus
741 1584 968 1683 respondere,
991 1582 1193 1658 mhibcndo
1220 1582 1320 1657 nobis
1343 1581 1520 1678 quoddam
1542 1581 1603 1654 in-

186 1719 416 1785 strumentum
434 1711 530 1807 qnod
547 1708 593 1784 ad
612 1731 676 1784 aue
689 1709 900 1785 delensionia
913 1710 1094 1784 munimen
1107 1707 1270 1782 habebat.
1290 1709 1359 1782 llos
1376 1707 1493 1804 itaque
1508 1706 1603 1781 dicto

89 1873 94 1886 =
187 1834 414 1910 instrumento
439 1834 536 1930 quod
559 1835 769 1912 venerahilis
796 1835 906 1910 abbas
933 1835 1050 1911 Sancti
1078 1832 1244 1932 Stephani
1270 1855 1376 1930 super
1402 1832 1604 1908 venditione

186 1959 306 2053 vinee,
324 1959 450 2034 domus
466 1970 503 2034 et
517 1969 686 2034 termrnm
701 1981 807 2056 qnam
822 1961 998 2057 sepedicta
1017 1959 1179 2034 mulieres
1194 1967 1229 2032 at
1240 1959 1414 2032 lohannes
1429 1961 1600 2046 iecerunt,

186 2085 288 2160 nobis
308 2085 470 2159 exhibuit
493 2085 677 2182 diligenter
698 2084 873 2182 inspecto,
898 2086 954 2158 usi
976 2085 1120 2159 consilio
1146 2084 1300 2178 magistri
1327 2084 1492 2159 Iohannis
1516 2087 1604 2158 Tro-

186 2209 323 2308 peensis
343 2209 466 2284 decani
487 2218 523 2284 et
543 2210 690 2285 aliorum
709 2208 942 2305 quorumdam
965 2209 1170 2305 proborum,
1193 2207 1451 2282 considerantes
1475 2215 1604 2282 attente

186 2333 283 2431 quod
307 2335 367 2408 illa
387 2333 543 2410 venditio
567 2355 637 2430 qne
665 2332 711 2408 de
735 2333 901 2431 predictis
921 2334 1013 2408 iacta
1036 2335 1150 2408 inerat
1177 2342 1248 2407 tam
1275 2333 1462 2408 solenniter
1486 2333 1602 2406 extitit

187 2461 376 2554 celebrata,
393 2459 485 2534 sicut
501 2461 603 2535 nobis
620 2481 684 2558 per
700 2458 940 2557 supradictum
959 2460 1071 2558 patuit
1089 2459 1371 2553 instrumentum,
1392 2458 1487 2554 qrrod
1504 2459 1601 2532 nullo

186 2593 340 2682 tempore
357 2584 450 2660 dicte
466 2585 630 2660 mulieres
640 2586 860 2660 etlohannes
873 2594 992 2659 contra
1007 2584 1161 2682 ipsarum
1177 2605 1294 2658 rernm
1308 2583 1354 2659 de
1365 2585 1446 2678 iure
1461 2592 1603 2680 possent

187 2711 309 2785 venire
336 2710 592 2805 venditionem,
618 2711 665 2785 ab
688 2710 901 2808 impetitione
921 2710 1155 2808 predictarum
1177 2709 1361 2784 mulierum
1380 2718 1415 2784 et
1436 2710 1601 2784 Iohannis

187 2834 251 2910 iiiii
266 2833 367 2910 Anne
388 2837 505 2934 ipsum
524 2836 772 2910 monasterinm
787 2836 1035 2912 sententialiter
1053 2835 1271 2911 decrevimus
1286 2835 1550 2910 absolvendum.
1569 2833 1600 2908 Α

186 2983 258 3058 qna
273 2962 443 3037 senentis
460 2962 621 3037 mules
642 2960 819 3058 sepedicta
838 2971 873 3038 et
890 2963 1062 3037 lohannes
1083 2961 1176 3036 lilius
1196 2960 1297 3034 Anne
1314 2960 1361 3035 ed
1382 2960 1514 3036 domini
1532 2962 1599 3035 im·

185 3087 355 3184 paratoria
380 3085 594 3162 audientiam
620 3086 852 3184 adpellarnnt.
872 3129 922 3142 -
940 3085 1016 3182 ligo
1037 3085 1209 3161 lohannes
1238 3085 1369 3161 domini
1395 3086 1601 3160 venerabilis

186 3211 368 3286 Militenais
383 3211 536 3310 episcopi
550 3212 707 3287 notarius
719 3211 775 3286 lais
789 3212 930 3286 interfui
942 3221 978 3288 et
993 3221 1134 3308 rogatus
1146 3211 1280 3307 scripsi.

241 3885 432 3972 Honorius
458 3913 558 3998 papa
579 3887 754 3998 Philippo
780 3887 1015 3973 Francorum
1041 3889 1124 4000 regi
1153 3889 1305 3974 nuntiat
1334 3888 1668 4028 imperatorem
1653 3918 1769 3977 aean.

186 4019 290 4130 apud
307 4019 571 4132 colloquium'
559 4047 601 4104 ιιι
617 4021 825 4134 Campania
840 4021 1072 4107 celebratum
1090 4048 1132 4105 se
1151 4034 1239 4134 post
1259 4023 1456 4107 biennium
1469 4035 1602 4108 trans-
1658 3975 1752 4083 ”¹⁹¹

185 4151 444 4239 iretaturum
428 4155 634 4265 juravisse,
649 4165 687 4240 et
703 4155 937 4242 ducturum
925 4183 966 4239 ιιι
980 4181 1138 4241 uxorem
1154 4154 1275 4240 filiam
1293 4157 1394 4268 regis
1412 4157 1598 4243 Hieroso·

186 4279 362 4398 lymitani
381 4287 613 4398 promisisse.

270 4500 371 4583 (Edld.
394 4500 722 4580 mmmmmcccl-
740 4500 848 4580 eccm,
862 4504 902 4568 ati
923 4521 1009 4586 anan,
1030 4502 1048 4586 5
1074 4514 1110 4582 ι,
1130 4521 1170 4568 ex
1191 4512 1298 4602 regest.
1312 4507 1439 4583 nonos,
1453 4508 1507 4570 lib.
1522 4509 1598 4583 llll,

206 4665 225 4678 ,,
309 4617 343 4670 n·
358 4617 428 4672 tta.
446 4609 534 4674 llnda
553 4616 673 4674 uatum
694 4613 881 4690 excerpimus
897 4628 973 4692 qnae
985 4611 1025 4674 etl
1038 4627 1101 4674 rma
1114 4621 1245 4676 noscam
1256 4615 1443 4693 peculiariter
1454 4618 1600 4690 attinent;

185 4721 187 4728 '
309 4715 376 4779 coit
392 4732 462 4780 cam
475 4717 590 4784 collect.
605 4717 701 4782 Paria.
718 4717 877 4798 aLapcrte
889 4719 933 4782 ‹lu
945 4718 1030 4782 Theti
1042 4718 1186 4800 munta)
