4436 5870
265 643 365 706 nrm.
380 641 424 722 9.]
723 633 920 702 HISTORIA
946 631 1238 698 nlnnuuarlcn.
1643 634 1684 698 85

266 778 363 854 tibus
369 775 623 852 manumittere
638 794 757 848 servos
770 794 854 848 suos
866 781 902 847 et
915 770 1149 846 subsituendi
1163 770 1350 846 advocatos
1363 769 1518 844 ecclesiis
1530 779 1566 844 et
1578 771 1684 845 cleri-

269 904 320 978 cis
335 913 370 978 et
385 899 494 978 dandi
511 909 641 974 tutores
653 907 688 972 et
704 907 880 973 curatores
892 895 1097 990 minoribus,
1111 895 1248 970 muccis
1261 902 1296 969 et
1306 891 1461 992 prodigis
1472 903 1507 968 et
1517 905 1683 992 perpetuo

269 1028 389 1106 morbo
407 1025 644 1102 laborantibus
661 1033 696 1098 ct
712 1032 827 1097 mente
845 1022 967 1120 captis,
989 1020 1127 1096 faminis
1146 1029 1263 1096 autem
1286 1019 1539 1109 muudualdos,
1563 1029 1598 1094 et
1624 1043 1684 1096 rc·

269 1152 435 1230 maraci
457 1161 635 1250 suspectos
654 1159 690 1224 et
710 1149 797 1224 alios
813 1147 1064 1239 substituendi,
1081 1155 1116 1220 et
1132 1154 1335 1241 potestatem
1357 1145 1549 1242 recipiendi
1569 1156 1684 1222 nostra

270 1275 348 1350 viee
368 1275 407 1348 in
431 1297 535 1351 sunm
554 1273 744 1350 mundium
763 1270 816 1370 (l)
830 1273 965 1370 puellas
979 1280 1014 1346 et
1031 1271 1159 1346 viduae
1182 1293 1330 1366 warum
1357 1270 1543 1344 mundium
1568 1294 1589 1345 a
1612 1275 1686 1348 suis

269 1398 496 1476 mundtialdis
509 1400 589 1492 jure
606 1400 711 1473 tuerit
733 1399 907 1496 perditum
923 1407 959 1471 et
982 1418 1131 1492 quarum
1153 1404 1268 1470 cartus
1284 1395 1521 1469 muudualdus
1541 1417 1611 1469 non
1627 1399 1686 1470 in·

269 1523 423 1599 venitur.
445 1523 591 1620 Insuper
613 1521 832 1598 advocatiam
851 1543 956 1616 quam
976 1543 998 1595 a
1018 1517 1276 1593 marchionibus
1298 1521 1476 1616 possident
1500 1543 1562 1616 per
1580 1531 1683 1595 wtam

269 1647 459 1722 marchiam
481 1658 517 1724 et
535 1647 830 1724 vicedominatum
855 1667 960 1742 quem
982 1646 1113 1720 habent
1136 1646 1182 1719 ab
1202 1646 1363 1742 episcopo
1383 1647 1529 1719 anensi
1554 1649 1686 1741 atejus

269 1771 477 1846 heneficium
498 1773 588 1870 ipsis
610 1773 779 1869 imperiali
805 1772 1005 1846 anctoritate
1029 1769 1225 1868 perenniter
1249 1769 1506 1844 confirmamus.
1529 1773 1685 1846 Preterea

269 1897 386 1972 omnia
400 1899 479 1991 jura
503 1906 540 1971 et
563 1919 685 1970 omnes
703 1897 937 1993 possessiones
957 1905 992 1970 et
1013 1893 1181 1969 beneficia
1202 1915 1272 1989 que
1292 1895 1330 1967 in
1354 1896 1517 1968 comitatu
1539 1898 1684 1972 Lucensi

268 2030 330 2094 unt
348 2022 472 2096 Pisano
497 2023 554 2098 vel
576 2023 612 2096 in
628 2023 746 2118 aliquo
766 2023 842 2096 loco
861 2021 1005 2096 Romani
1031 2021 1167 2117 imperii
1190 2029 1251 2093 aut
1271 2020 1316 2094 ab
1343 2021 1551 2117 imperatore
1578 2033 1638 2097 aut
1663 2047 1684 2100 a

269 2146 468 2220 marchione
488 2156 549 2221 aut
567 2147 613 2221 ab
628 2145 800 2244 episcopis
815 2155 876 2220 aut
894 2146 941 2219 ab
958 2145 1130 2237 ecclesiis,
1155 2154 1222 2218 etc.
1249 2143 1324 2242 (cic)
1349 2146 1547 2242 possident,
1572 2151 1683 2224 nomi·

269 2269 448 2365 nalimque
470 2270 507 2342 in
531 2269 689 2346 districtu
709 2271 795 2344 colle
809 2269 907 2343 Putei
924 2268 989 2367 (2),
1009 2269 1110 2342 castri
1134 2268 1289 2364 ipsorum
1303 2268 1399 2379 quogl
1417 2281 1470 2342 eat
1491 2293 1598 2368 prope
1610 2274 1683 2347 Lu·
1803 2342 1805 2346 .

269 2415 361 2483 cam,
379 2395 416 2466 in
432 2395 532 2492 plebe
548 2394 663 2470 Sancti
681 2394 851 2468 Pancratii
869 2402 906 2468 et
922 2393 959 2466 in
974 2394 1076 2490 plebe
1092 2390 1213 2466 Marlia
1231 2402 1266 2466 at
1281 2393 1318 2464 in
1333 2415 1451 2482 eorum
1468 2398 1631 2493 cappellis
1647 2409 1683 2472 et

269 2517 308 2591 in
322 2519 476 2616 cappella
485 2519 602 2592 Sancti
614 2517 822 2612 Geminiani,
832 2538 969 2590 omnem
975 2515 1144 2610 justitiam
1159 2525 1196 2589 et
1210 2538 1313 2589 usum
1324 2517 1506 2612 antiquum
1520 2541 1590 2614 qua
1605 2543 1682 2616 per·

269 2643 381 2717 tinent
393 2643 440 2720 ad
458 2666 605 2739 regnum
622 2666 687 2718 seu
704 2643 751 2718 ad
763 2642 953 2717 marchiam
971 2664 1034 2739 per
1050 2641 1140 2714 hanc
1157 2643 1387 2737 preceptalem
1409 2645 1572 2737 paginam
1587 2647 1682 2719 omni

268 2769 536 2844 convaliturum
553 2768 605 2843 eie
621 2767 876 2857 confirmamus,
899 2779 935 2842 et
952 2767 989 2840 in
1006 2777 1124 2841 monte
1148 2766 1315 2840 Gromiuii
1334 2767 1427 2841 idem
1446 2769 1532 2865 ipsis
1554 2792 1683 2847 couce-

269 2892 386 2966 dimus
402 2903 572 2989 quantum
590 2917 611 2968 a
629 2893 906 2990 progenitoribus
921 2893 997 2967 sive
1021 2890 1322 2989 predecessoribus
1340 2894 1465 2966 nostris
1487 2896 1533 2970 ad
1556 2918 1616 2971 eos
1637 2899 1683 2972 ab

269 3017 437 3113 imperiali
468 3020 549 3092 aula
571 3017 772 3111 descendit,
801 3019 987 3115 ipsis[que]
1014 3039 1205 3113 eorumque
1228 3017 1414 3093 heredibus
1437 3019 1681 3097 inconcussum

269 3149 304 3214 et
319 3141 488 3216 illibatum
505 3142 716 3239 precipimus
741 3155 908 3239 perpetuo
931 3163 1151 3240 permanere;
1175 3143 1223 3216 ita
1240 3152 1280 3215 ut
1297 3142 1333 3214 in
1351 3145 1507 3240 personis
1521 3156 1557 3219 et
1581 3147 1681 3222 honis

269 3286 388 3339 eorum
417 3287 521 3340 nemo
547 3267 615 3339 nisi
639 3267 735 3362 regia
752 3277 813 3341 aut
837 3266 1025 3364 imperialis
1046 3270 1207 3363 majestas
1228 3267 1379 3362 aliquam
1407 3268 1532 3344 habeat
1560 3283 1680 3367 potcs-

197 3440 200 3444 -
269 3398 385 3464 tatem.
418 3392 586 3466 labemus
613 3390 731 3486 itaque
760 3401 794 3466 et
820 3392 888 3464 sub
914 3402 1030 3465 nostro
1062 3393 1177 3464 banno
1207 3391 1417 3487 precipimus
1445 3394 1535 3468 hanc
1568 3407 1681 3472 nostre

268 3515 454 3590 sanctionis
467 3517 630 3612 paginam
644 3517 690 3590 ab
707 3518 871 3590 omnibus
893 3515 1034 3590 firmiter
1054 3526 1089 3590 et
1102 3516 1347 3591 inviolabiliter
1363 3519 1539 3594 observari
1554 3534 1589 3596 et
1603 3546 1682 3597 cus·

268 3640 384 3733 todiri,
405 3641 583 3736 presertim
602 3663 623 3714 a
642 3640 821 3733 judicibus
836 3642 1066 3732 Lucensibus,
1090 3651 1157 3714 etc.
1178 3640 1263 3739 (ric).
1283 3644 1319 3716 Si
1338 3643 1418 3736 quis
1433 3655 1549 3718 autem
1562 3658 1679 3722 contra

268 3763 358 3836 hanc
379 3773 530 3838 noemam
550 3765 801 3860 preceptionem
822 3765 859 3836 in
882 3765 1044 3860 predictis
1062 3765 1252 3838 honoribus
1272 3776 1307 3840 et
1323 3769 1598 3863 possessionibus
1622 3795 1680 3846 eo·

268 3911 345 3960 rum
363 3888 533 3962 adversus
549 3909 610 3963 cos
630 3899 665 3962 at
687 3911 807 3963 eorum
823 3889 968 3964 heredes
982 3891 1033 3962 ire
1046 3890 1280 3985 temptaverit,
1302 3891 1388 3964 sciat
1409 3913 1448 3965 se
1464 3893 1558 3968 mille
1583 3919 1682 3970 mar-

268 4034 387 4086 carum
410 4013 487 4087 auri
506 4035 632 4109 penam
650 4015 919 4110 compositurum
936 4013 996 4109 (l),
1020 4013 1240 4087 medietatem
1264 4025 1379 4089 nostre
1397 4039 1532 4090 camere
1553 4029 1588 4092 et
1608 4045 1679 4094 me·

269 4137 430 4210 dietatem
454 4137 539 4233 ipsis
562 4137 746 4212 comitibus
763 4139 853 4212 sacri
870 4138 987 4234 palatii
1003 4146 1038 4210 et
1054 4138 1291 4234 imperialibus
1304 4139 1417 4212 missis
1433 4150 1468 4213 et
1486 4141 1676 4218 advocatis.

308 4285 349 4365 (a)
371 4287 407 4350 In
419 4289 560 4365 impresso
571 4293 829 4368 comportatur-um,
844 4288 932 4350 male.
1001 4315 1006 4330 ·

304 4488 340 4562 (t)
358 4489 507 4562 liundiurn,
522 4489 624 4549 scilicet
635 4491 681 4564 jus
694 4490 767 4565 quod
779 4489 863 4548 habet
874 4496 982 4548 curator
994 4489 1038 4549 vel
1051 4495 1123 4548 tutor
1134 4490 1162 4547 iu
1173 4505 1319 4565 personam
1341 4497 1370 4549 ct
1389 4490 1462 4549 bona
1480 4491 1551 4552 illius
1567 4497 1612 4570 qui
1627 4498 1678 4556 sub

268 4587 328 4661 ejus
339 4601 403 4644 cura
414 4586 458 4645 vel
473 4587 555 4646 tutela
566 4588 671 4664 positus
684 4593 735 4647 est.
751 4589 790 4647 De
801 4587 916 4646 diversis
929 4587 1031 4645 mundii
1046 4586 1104 4646 siva
1117 4587 1300 4646 mundiburdii
1314 4588 1464 4662 maenius,
1474 4589 1529 4648 vid.
1539 4591 1676 4668 Cauarum

267 4685 303 4741 ad
315 4684 384 4742 haec
396 4683 490 4744 verba.

304 4783 340 4854 (2)
359 4781 450 4841 ltuiee
471 4781 521 4841 Col
537 4781 569 4840 cli
589 4784 685 4842 Potae.
