4368 5876
545 547 603 609 lte
1043 553 1256 616 rnrnnntcl
1280 554 1456 617 secuntur
1765 555 1846 640 [Ass.
1864 559 1948 622 1221.

545 705 609 758 uos
629 685 720 760 clara
746 687 1024 784 interpretatione
1047 690 1226 764 muniiesta
1252 691 1383 781 secere,
1401 713 1481 764 cnm
1505 691 1551 764 sit
1570 692 1670 766 nobie
1692 691 1814 766 datum
1841 695 1949 790 legam

544 811 693 884 condere
721 821 756 884 et
780 814 995 910 interpretari
1016 825 1052 890 et
1076 817 1230 890 maxime
1253 814 1421 890 beneficia
1448 815 1639 912 imperialis
1663 817 1815 912 legitime
1839 840 1950 915 expo-

542 957 625 1008 nere
643 950 679 1008 et
700 937 926 1032 interpretari.
946 939 1206 1014 concessionem
1228 940 1461 1036 supradictum
1477 940 1528 1012 sic
1547 939 1809 1035 interpretemur
1822 952 1873 1013 ut.
1885 965 1949 1016 ue-

541 1059 625 1131 dum
645 1083 767 1134 verum
783 1063 976 1136 universale
1002 1065 1208 1153 dominium,
1223 1064 1286 1138 sed
1309 1066 1418 1138 bonor
1432 1074 1467 1138 et
1493 1065 1669 1139 distrietm
1688 1067 1893 1141 universalis
1915 1077 1949 1141 ct

540 1187 642 1258 etiam
666 1208 799 1259 merum
825 1189 1006 1284 imperium
1025 1199 1060 1263 et
1077 1190 1277 1286 plenissima
1288 1189 1484 1283 jurisdictio
1502 1211 1665 1263 concessu
1687 1191 1732 1262 sit
1748 1201 1783 1264 et
1799 1213 1875 1264 esse
1895 1192 1948 1264 vi-

538 1311 660 1384 deatur
686 1313 841 1407 predicto
870 1313 1043 1387 Friderico
1072 1315 1215 1408 suisque
1247 1315 1430 1410 nepotibus
1459 1314 1645 1410 Adelpreto
1672 1323 1706 1387 et
1738 1314 1948 1412 iliprandIuo

537 1457 727 1532 eorumque
745 1437 931 1510 heredibus
954 1439 990 1509 in
1008 1440 1148 1534 pretatis
1166 1439 1264 1512 terris
1278 1449 1313 1512 et
1335 1439 1419 1511 loeis
1442 1449 1477 1512 et
1500 1438 1714 1534 pertinentiis
1738 1448 1773 1512 et
1794 1442 1949 1536 personis

534 1562 571 1634 in
588 1563 639 1634 eis
658 1564 949 1657 quandocumque
966 1564 1221 1649 babitantibus,
1248 1574 1283 1636 et
1301 1565 1390 1637 huuc
1411 1565 1725 1659 interpretationem
1746 1573 1782 1636 et
1802 1565 1949 1659 exposi-

537 1687 663 1760 tionem
689 1709 735 1760 ex
763 1696 855 1760 certa
879 1688 1020 1760 scientia
1041 1696 1077 1760 et
1098 1711 1145 1762 ex
1166 1689 1309 1763 consilio
1333 1711 1512 1784 procerum
1539 1689 1701 1781 iacimus,
1731 1689 1948 1783 injungentes

534 1821 569 1884 et
585 1821 773 1884 statuentes
789 1822 824 1884 et
840 1813 944 1884 etiam
960 1814 1188 1887 concedentes
1211 1823 1249 1885 nt
1268 1814 1319 1885 sic
1339 1814 1374 1886 in
1398 1813 1560 1886 omnibns
1577 1812 1811 1909 presentibus,
1830 1821 1946 1908 prete·

533 1937 608 2008 ritis
622 1944 657 2008 et
673 1936 797 2007 futuris
811 1937 1032 2028 observetur,
1050 1946 1237 2011 stetuentes
1249 1948 1285 2011 et
1300 1938 1467 2034 imperiali
1485 1937 1688 2010 auctoritete
1700 1935 1843 2009 tirmiter
1860 1959 1946 2032 pre-

532 2059 700 2154 cipientes
735 2069 775 2131 ut
803 2060 889 2132 nulli
917 2083 1071 2156 unquam
1097 2083 1260 2156 persone,
1286 2062 1355 2134 alte
1382 2063 1438 2134 vel
1464 2060 1603 2153 humili,
1631 2061 1859 2134 ecclesiastice
1889 2065 1943 2135 vel

532 2185 696 2276 seculari,
713 2186 843 2258 licitum
862 2187 906 2258 sit
920 2185 1010 2259 hanc
1030 2196 1144 2260 nostre
1165 2187 1360 2261 donationis
1377 2196 1482 2281 aque
1504 2185 1735 2259 concessionis
1759 2195 1794 2258 et
1815 2186 1944 2259 contir-

530 2311 691 2383 mationis
720 2312 883 2405 peginam
908 2311 1094 2405 iufringere
1117 2311 1173 2385 vel
1190 2312 1224 2385 ei
1246 2311 1446 2384 temeritatis
1470 2332 1559 2383 ausu
1581 2311 1739 2403 obviare3
1764 2311 1843 2384 etsi
1865 2311 1944 2406 quis

529 2445 646 2508 contra
668 2436 824 2532 predicta
845 2437 964 2510 venire
985 2438 1148 2529 tentabit,
1171 2439 1265 2510 millo
1284 2437 1389 2509 libras
1407 2437 1485 2532 puri
1504 2437 1580 2507 auri
1598 2437 1785 2531 persolvet,
1808 2435 1944 2510 medle-

529 2568 632 2632 tatem
654 2582 788 2634 camere
809 2570 944 2648 nostre,
967 2561 1069 2633 uliam
1094 2560 1313 2634 medietatem
1332 2561 1494 2654 injuriam
1518 2559 1643 2655 passis.
1670 2559 1714 2632 Ut
1737 2567 1854 2632 antem
1879 2560 1943 2634 hec

528 2694 643 2759 nostra
671 2685 811 2758 donatio
844 2696 878 2758 et
910 2684 1122 2758 confirmatio
1154 2686 1190 2756 in
1220 2695 1423 2782 perpetuum
1454 2684 1698 2757 inviolabiliter
1723 2683 1938 2771 observetur,

527 2818 719 2904 presentem
736 2811 898 2905 paginam
916 2811 1083 2883 conscribi
1099 2819 1134 2881 et
1153 2819 1269 2881 nostro
1287 2808 1401 2901 sigillo
1414 2808 1581 2901 joselmus
1595 2809 1813 2881 communiri.

575 2933 684 3026 Hujus
709 2934 758 3006 rei
780 2943 882 3006 testes
908 2931 1018 3030 [suut]
1045 2933 1208 3005 Albertus
1235 2932 1542 3027 Magdeburgeusis
1570 2942 1687 3006 sancte
1708 2933 1852 3006 ecclesie
1877 2956 1942 3006 ar·

525 3056 765 3152 chiepiscopus
794 3057 867 3154 (t),
896 3059 1055 3130 Albertus
1081 3057 1305 3130 Tridentinus
1335 3058 1480 3147 electus,
1508 3056 1665 3130 Andreas
1688 3057 1848 3153 Alpinus,
1865 3057 1941 3130 An-

525 3181 655 3252 selmus
673 3179 719 3252 de
743 3182 922 3276 lustIngen
938 3179 1006 3278 (a),
1027 3182 1216 3255 Riccardns
1237 3181 1468 3271 camerarius,
1489 3175 1675 3254 Brixinnus
1695 3180 1826 3275 judex,
1851 3181 1941 3254 Ghe·

526 3304 652 3377 rardus
668 3304 714 3377 de
729 3305 838 3379 Cervo
855 3316 890 3380 et
906 3307 1030 3402 reliqui
1048 3305 1130 3404 (ric).

576 3429 662 3503 Acta
686 3440 768 3502 suut
792 3432 856 3504 hec
883 3453 974 3506 anno
999 3431 1135 3504 Domini
1163 3431 1210 3503 Μ.
1236 3431 1299 3503 CC.
1326 3430 1421 3516 XXI,
1451 3428 1639 3502 indictione
1660 3429 1724 3516 IX,
1750 3429 1942 3525 imperante

528 3555 670 3628 domino
688 3567 804 3629 nostro
820 3556 993 3630 Friderico
1009 3555 1237 3628 invictissimo
1249 3557 1479 3628 Romanorum
1496 3555 1712 3649 imperatore,
1725 3574 1861 3649 semper
1876 3575 1940 3626 uu·

529 3689 632 3771 gusto
648 3688 682 3752 et
698 3701 779 3774 rege
795 3681 923 3763 Sicilie,
941 3703 1032 3755 anno
1049 3681 1195 3753 llomaui
1212 3679 1310 3772 regni
1328 3679 1404 3772 ejus
1419 3698 1524 3769 nouo,
1548 3678 1583 3748 in
1601 3676 1715 3750 SIcilin
1731 3677 1855 3770 XXIII,
1877 3679 1942 3750 im-

528 3803 615 3898 perii
632 3825 715 3877 vero
732 3805 808 3896 ejus
826 3805 981 3878 secundo
997 3806 1058 3903 (b).

569 4006 611 4080 (a)
629 4005 666 4066 In
678 4007 822 4083 impresso
835 4007 968 4081 lautino,
982 4008 1075 4069 male.

573 4111 613 4192 (b)
634 4116 724 4175 Recte
737 4121 837 4176 nnoem
848 4116 954 4195 primo.

568 4404 606 4481 (t)
621 4405 717 4480 Magna
730 4406 800 4464 intsr
811 4405 877 4464 slim
887 4405 961 4464 dubii
974 4421 1062 4478 musa,
1076 4421 1138 4464 cum
1149 4407 1201 4465 iste
1215 4407 1433 4481 archiepiscopus
1446 4407 1474 4464 in
1492 4405 1605 4464 cantens
1624 4405 1705 4478 huius
1722 4403 1785 4462 unni
1798 4403 1943 4478 privilegiis

531 4519 587 4562 non
597 4509 735 4579 appareat,
746 4503 798 4562 ulei
811 4504 840 4560 in
854 4503 1015 4578 quibusdem
1026 4504 1248 4562 concessionibus
1256 4505 1443 4562 communitati
1450 4505 1485 4562 ds
1493 4503 1615 4578 Secrnlo,
1625 4502 1745 4560 llis-ino
1757 4503 1793 4559 de
1803 4500 1940 4570 Hsnsrba,

530 4607 584 4658 eto.
600 4601 763 4660 nFridsrico
776 4603 800 4659 Il
814 4602 938 4673 indultis,
957 4607 988 4659 ut
1001 4602 1107 4677 uterne
1121 4620 1189 4679 quus
1205 4609 1296 4662 lamen
1312 4603 1382 4662 inter
1400 4604 1579 4662 instrumenta
1590 4601 1684 4660 fictitia
1696 4617 1746 4660 seu
1758 4601 1890 4675 rescripta
1906 4599 1942 4656 ad

530 4698 630 4756 calcem
639 4699 719 4772 hujus
729 4699 872 4756 voluminis
885 4700 1029 4774 rejicimus.
