4298 5898
532 525 594 586 496
1038 522 1252 588 ralussalcl
1278 525 1451 588 suctum
1763 527 1844 610 [dra
1862 529 1948 592 1225

535 658 725 734 venerabili
752 657 1011 755 archiepiscopo
1040 656 1134 734 fideli
1160 671 1277 738 nostro
1308 663 1344 736 in
1372 665 1502 760 quibus
1528 687 1617 762 opus
1643 665 1749 738 luerit
1777 665 1952 740 auxilium

535 785 707 857 tribuatiS.

583 913 709 986 Datum
726 911 901 1002 Panormi,
917 911 995 984 XVI
1012 909 1072 987 die
1086 915 1216 990 mensis
1232 915 1360 1008 martii,
1379 915 1577 992 indictionis
1595 917 1654 988 111.

582 1038 652 1109 Nos
668 1037 786 1130 itaque
807 1036 1042 1132 predictorum
1061 1042 1269 1116 venerabilis
1285 1042 1535 1138 archiepiscopi
1553 1051 1588 1114 et
1604 1041 1787 1114 Traueusis
1807 1042 1951 1136 capituli

534 1162 843 1258 supplicationibus
869 1162 1103 1238 favorabiliter
1127 1163 1280 1239 inclinati
1308 1187 1379 1260 que
1410 1167 1573 1261 precipue
1597 1165 1764 1257 justitiam
1790 1166 1952 1240 eontine-

533 1289 634 1373 bant,
655 1285 747 1360 illius
764 1287 890 1359 intuitu
915 1290 1015 1381 cujus
1034 1288 1175 1362 nomine
1197 1289 1341 1364 ecclesio
1363 1300 1446 1364 sunt
1467 1291 1593 1382 dicate,
1615 1289 1661 1362 de
1684 1291 1786 1382 cujus
1807 1311 1952 1362 munera

531 1413 686 1486 vivimus
705 1423 740 1486 et
756 1433 956 1507 regnamus,
975 1413 1171 1510 predictum
1190 1417 1357 1513 scriptum
1380 1415 1535 1512 predicte
1555 1415 1718 1488 Traueusi
1738 1414 1885 1488 ecclesie
1907 1415 1952 1488 ab

532 1538 656 1612 eodem
672 1559 755 1634 rege
773 1538 948 1612 Wilielmo
964 1539 1171 1615 consobrino
1196 1551 1313 1615 nostro
1335 1537 1511 1612 indultum
1537 1540 1582 1613 do
1603 1540 1711 1614 verbo
1733 1539 1779 1613 ad
1803 1539 1950 1612 verbum

533 1661 713 1735 transcribi
732 1670 768 1735 et
784 1662 941 1736 innovari
961 1661 1207 1759 precipientes,
1230 1664 1319 1738 illud
1338 1663 1384 1738 de
1401 1664 1520 1738 innata
1540 1664 1651 1758 meda
1675 1663 1843 1736 dommus
1864 1685 1950 1736 cou-

535 1785 762 1879 firmandum,
782 1788 879 1861 salvo
903 1787 1066 1861 mandato
1081 1796 1117 1862 et
1134 1787 1351 1862 ordinatione
1367 1795 1497 1861 nostra.
1520 1785 1575 1860 Ad
1591 1786 1698 1880 hujus
1716 1787 1837 1882 itaque
1853 1787 1949 1860 iuno-

533 1909 682 1982 vationis
715 1920 753 1982 et
780 1911 1047 1985 confirmationis
1079 1897 1280 1985 memoriam
1309 1921 1344 1986 et
1372 1911 1531 1985 stabilem
1560 1909 1777 2004 firmitatem,
1809 1933 1950 2009 presens

535 2034 702 2128 scriptum
715 2033 790 2107 lieri
810 2036 953 2109 fecimus
966 2045 1001 2110 et
1015 2037 1127 2132 sigillo
1139 2047 1255 2112 nostro
1266 2037 1435 2130 jussimus
1456 2037 1674 2126 communiri,
1690 2060 1797 2128 auno,
1816 2059 1945 2126 meuse,

536 2168 571 2232 et
586 2159 776 2233 indictione
790 2161 1007 2257 subscriptis.

584 2287 706 2358 Datum
724 2285 760 2356 in
775 2285 914 2358 civitate
929 2285 1040 2379 Troia,
1059 2307 1152 2361 anno
1168 2287 1341 2362 dominice
1358 2286 1603 2362 incarnationis
1617 2285 1814 2378 lucum,
1831 2309 1947 2362 mense

531 2411 634 2506 junii,
653 2411 731 2483 Xlll
747 2408 958 2484 indictionis.

583 2997 1148 3108 HearicusdeMorra,magnae
1161 2991 1944 3107 imperialiseuriaemsglsterjusunarius,

529 3130 784 3216 assidentibus
802 3131 875 3215 sibi
893 3132 1047 3216 Simone
1065 3133 1113 3216 de
1131 3132 1273 3240 Toooo,
1294 3131 1489 3216 Guisaudo
1516 3131 1564 3212 de
1587 3128 1698 3213 Rubo
1723 3138 1761 3212 et
1786 3126 1946 3210 Hemioo

528 3267 577 3348 de
594 3264 716 3350 Tooco
729 3265 901 3377 ejusdem
914 3267 1041 3348 curiae
1051 3264 1267 3376 judicibus,
1282 3263 1556 3348 sententialiter
1571 3261 1797 3372 pronuntiat
1814 3257 1946 3345 Oderi-

528 3401 631 3483 sium
657 3400 705 3484 de
733 3400 940 3510 Corropolo
966 3401 1105 3484 debere
1136 3400 1326 3484 abstinere
1349 3397 1590 3508 imponendis
1604 3395 1804 3502 collectis,
1826 3392 1944 3504 adju-

526 3534 633 3617 toriis
665 3542 733 3616 aut
765 3533 849 3616 aliis
882 3534 1042 3616 servitiis
1071 3531 1294 3618 hominibus
1326 3530 1505 3616 ecclesiae
1537 3531 1698 3614 Sanctae
1728 3527 1870 3614 Mariae
1899 3527 1945 3610 de

527 3665 737 3776 Mugilano.

606 3881 704 3963 [Edld.
717 3885 843 3958 Pauus,
859 3883 960 3945 Stulta
972 3879 1065 3944 carica
1082 3879 1192 3944 ocum
1205 3879 1273 3944 dett
1287 3881 1437 3964 Apntzzo,
1451 3888 1477 3943 t.
1492 3883 1547 3956 lv,
1561 3898 1593 3960 p.
1610 3889 1677 3941 257.
1695 3909 1738 3924 -
1756 3879 1856 3953 Quam
1872 3893 1944 3940 scn-

644 3991 768 4052 tentlem
781 3990 821 4051 ob
834 3991 1013 4070 singularem
1032 3993 1097 4068 elus
1116 3989 1243 4052 formam
1264 3997 1294 4052 et
1314 4006 1423 4051 nomeu
1438 3989 1519 4050 Petri
1532 3987 1570 4048 de
1583 3987 1679 4048 Vinea
1690 3985 1885 4046 laterclusum
1897 3983 1945 4044 bic

647 4095 744 4158 denuo
757 4095 901 4178 edimus.)

575 4285 614 4356 ln
634 4285 774 4358 nomine
793 4284 931 4358 Domini
943 4285 1006 4358 Dei
1022 4284 1131 4357 eterni
1149 4293 1184 4356 ot
1199 4282 1386 4358 salvatoris
1401 4283 1509 4356 nostri
1525 4283 1605 4355 Jesu
1624 4279 1771 4367 Christi,
1789 4297 1879 4351 anno
1898 4275 1942 4349 ab

527 4391 762 4483 incarnatione
784 4411 861 4504 ejus
885 4409 1068 4483 millesimo
1094 4407 1332 4484 ducentesimo
1352 4407 1519 4482 vicesimo
1539 4405 1681 4501 quinto,
1707 4425 1827 4476 mense
1845 4401 1939 4494 julii,

526 4533 626 4605 tertie
645 4530 778 4608 decime
793 4532 1009 4627 indictionis,
1029 4535 1220 4631 imperante
1237 4531 1378 4606 domino
1395 4539 1512 4606 nostro
1533 4531 1589 4603 Fr.
1612 4529 1676 4602 Dei
1696 4529 1807 4624 gratia
1830 4525 1939 4598 invic-

528 4657 658 4728 tissimo
671 4659 903 4733 Romanorum
926 4661 1147 4756 imperatore,
1167 4681 1304 4755 semper
1325 4667 1474 4752 augusto
1497 4665 1532 4730 et
1553 4675 1634 4749 rege
1657 4651 1788 4745 Sicilie,
1809 4648 1939 4746 imperii
