4292 5894
511 443 571 506 302
1018 438 1233 506 artearte!
1258 444 1432 514 SEGUMIM
1741 452 1823 532 [tin.
1843 453 1935 518 Μ.

512 603 718 686 Massiliensi
737 615 800 680 ant
820 604 866 679 de
886 603 1027 682 civitate
1049 607 1279 684 vicecomitali
1304 610 1456 688 babeant
1471 611 1646 709 predictas
1664 615 1886 712 bruchium,
1904 628 1940 692 et

514 758 635 812 omnes
652 733 701 808 illi
712 731 774 829 qui
790 753 871 805 cunr
885 730 963 805 aliis
977 733 1134 830 personis
1153 735 1244 809 sicut
1258 759 1338 812 cum
1358 735 1510 812 dominis
1528 736 1601 812 suis
1617 747 1784 837 tunquam
1805 764 1939 818 merce·

514 862 603 938 narii
616 859 774 935 habitant
791 865 853 932 aut
864 855 902 930 in
918 867 1020 934 antea
1032 858 1241 934 habitabunt
1253 860 1371 938 cibum
1387 871 1584 958 sequentes,
1597 863 1749 940 babeant
1763 867 1938 964 predictas

513 986 716 1062 tranchisias
734 985 779 1058 ita
797 991 880 1058 tunc
898 983 996 1080 quod
1015 983 1108 1058 bona
1126 983 1197 1060 lide
1213 996 1249 1060 et
1266 985 1344 1061 sine
1366 988 1488 1062 iraude
1507 988 1624 1063 omnia
1649 991 1716 1066 ista
1743 991 1839 1068 liant.
1865 995 1938 1069 ileu

514 1117 624 1188 torma
637 1112 841 1186 observetur
855 1107 891 1182 iu
909 1108 1050 1184 civitate
1066 1109 1256 1208 episcopali
1271 1111 1416 1188 ecclesie
1431 1113 1654 1189 Massiliensis
1673 1115 1710 1188 in
1726 1117 1938 1215 recipiendis

514 1238 665 1330 civibus,
683 1234 730 1310 ad
750 1235 817 1309 hoc
833 1241 871 1306 ut
882 1231 1034 1307 habeant
1050 1233 1262 1308 iranchesias
1278 1235 1315 1308 in
1330 1234 1471 1310 civitate
1486 1237 1716 1312 vicecomitali
1729 1239 1938 1315 Massiliensi

513 1387 602 1462 quas
631 1362 690 1436 alii
718 1361 814 1434 cives
840 1357 1047 1458 episcopalis
1079 1359 1230 1454 civitatis
1253 1369 1289 1434 et
1319 1361 1463 1436 ecclesie
1488 1362 1714 1438 Massiliensis
1740 1364 1934 1441 habebunt.

514 1492 578 1567 Ast
589 1487 805 1564 consuetudo
816 1484 1183 1582 hactenusappmbatu
1195 1485 1351 1562 similiter
1361 1486 1407 1562 de
1419 1497 1533 1561 cetero
1542 1487 1759 1582 observetur,
1774 1489 1938 1565 videlicet

514 1615 612 1716 quod
629 1615 657 1688 si
673 1611 802 1708 aliquis
820 1609 866 1685 de
884 1609 1025 1684 civitate
1040 1611 1270 1686 vicecomitali
1290 1611 1327 1684 in
1348 1611 1488 1689 civitate
1505 1613 1693 1712 episcopali
1710 1623 1773 1689 aut
1793 1615 1937 1690 eccloeia

516 1737 723 1818 Massiliensi
742 1735 928 1832 deliquerit
944 1744 1005 1808 aut
1026 1735 1146 1832 quasi,
1166 1737 1375 1812 contraxerit
1396 1739 1593 1834 autquasi,
1614 1747 1773 1814 teneatur
1794 1761 1937 1838 respon

518 1869 602 1946 dere
626 1867 663 1939 in
685 1863 781 1938 cuna
799 1870 834 1935 et
857 1859 964 1934 curiis
987 1861 1136 1935 civitatis
1155 1861 1422 1952 vicecomitalis,
1444 1863 1492 1936 ita
1507 1862 1604 1959 quod
1620 1885 1690 1938 non
1711 1865 1938 1962 compellatur

518 1989 730 2090 respondere
747 1989 783 2061 in
801 1987 898 2061 cuma
916 1986 1066 2061 civitatis
1083 1987 1287 2085 episcopalis
1305 1998 1366 2064 aut
1384 1989 1530 2064 ecclesie
1546 1987 1613 2061 nisi
1628 1989 1664 2062 in
1684 1988 1933 2086 spiritualibus.

518 2121 564 2194 lt
589 2120 683 2195 idem
705 2117 910 2191 observetur
935 2113 1085 2208 quodsi
1111 2113 1237 2210 aliquis
1259 2114 1306 2191 de
1331 2115 1472 2190 civitate
1494 2113 1681 2212 episcopali
1704 2124 1768 2189 aut
1793 2117 1936 2190 ecclesia

518 2243 724 2322 Massiliensi
746 2241 783 2314 in
806 2239 945 2314 civitate
966 2239 1196 2317 vicecomitali
1217 2239 1401 2336 deliquerit
1421 2249 1482 2314 aut
1503 2239 1623 2336 quasi,
1649 2242 1862 2315 contraxerit
1878 2250 1937 2316 aut

517 2370 640 2468 quasi,
655 2375 813 2442 teneatur
833 2363 1045 2461 respondere
1061 2363 1098 2436 in
1114 2363 1211 2439 curia
1230 2364 1418 2463 episcopali
1437 2373 1497 2438 aut
1515 2364 1678 2454 ecclesie,
1695 2365 1743 2439 ita
1759 2366 1858 2460 quod
1869 2389 1936 2440 non

519 2494 745 2592 compellatur
773 2487 984 2586 respondere
1002 2489 1038 2560 iu
1057 2487 1155 2563 curia
1171 2497 1233 2562 aut
1251 2489 1288 2562 in
1308 2489 1415 2564 curiis
1433 2489 1681 2564 vicecomitalia
1704 2490 1868 2565 civitatis.
1889 2493 1936 2564 lta

517 2619 683 2720 quodsi,
704 2625 782 2714 post
805 2615 1001 2688 citationem
1024 2613 1181 2708 ejudice
1203 2625 1265 2689 aut
1289 2637 1311 2689 a
1334 2615 1431 2690 cuna
1455 2616 1581 2688 laetam
1603 2623 1664 2689 aut
1686 2615 1936 2711 querimoniam

519 2749 565 2823 de
593 2768 635 2820 eo
661 2743 806 2842 positam
832 2761 947 2814 coram
973 2739 1070 2814 cuna
1090 2747 1152 2813 aut
1172 2740 1312 2835 judice,
1331 2762 1354 2814 a
1371 2741 1600 2816 vicecomitali
1618 2741 1759 2815 civitate
1775 2739 1825 2815 ad
1847 2741 1937 2838 epis·

520 2873 675 2970 cupalem
705 2867 880 2941 civitatem
903 2873 965 2939 aut
987 2865 1167 2940 ecclesiam
1194 2867 1442 2941 Massiliensem
1460 2889 1497 2941 se
1524 2865 1754 2958 transtulerit,
1783 2876 1938 2942 tencatur

519 2997 604 3072 inde
624 2992 833 3092 respondere
855 3001 891 3065 et
913 2993 1138 3088 compellatur
1155 3013 1271 3066 ceram
1285 2991 1406 3086 judice
1432 3001 1494 3067 ant
1512 2991 1610 3066 euna
1629 2990 1696 3066 sub
1716 2991 1848 3088 quibus
1869 2993 1937 3089 pri-

520 3146 618 3197 mum
651 3119 849 3193 morabatur
876 3126 911 3190 et
934 3117 1001 3191 sub
1032 3137 1104 3214 quo
1135 3125 1197 3191 aut
1229 3117 1359 3214 quibus
1392 3117 1573 3191 tenebatur
1601 3115 1829 3214 respondere.
1857 3117 1939 3192 Pre-

521 3249 613 3322 dieta
644 3244 764 3318 omnia
790 3250 825 3316 et
848 3241 985 3337 singula
1012 3249 1087 3315 ruta
1111 3251 1214 3316 erunt
1236 3265 1299 3340 per
1326 3264 1392 3318 nos
1416 3251 1452 3315 et
1480 3262 1542 3338 per
1572 3263 1693 3316 omnes
1726 3263 1937 3316 successores

520 3381 654 3448 nostros
676 3368 857 3442 universos
883 3374 918 3439 et
939 3365 1108 3461 singulos,
1131 3375 1309 3464 presentes
1329 3376 1365 3442 et
1385 3367 1519 3440 futuros
1543 3365 1769 3442 Massiliensis
1795 3365 1936 3442 ecclesie

520 3496 717 3572 canonicos.

568 3623 639 3696 Nos
653 3641 716 3716 per
732 3616 794 3691 Dei
813 3615 960 3711 gratiam
978 3615 1201 3689 Massiliensis
1215 3615 1401 3713 episcopus
1412 3624 1449 3690 et
1461 3638 1525 3692 nos
1539 3613 1769 3714 Raymnndus
1782 3617 1937 3692 Julianus

521 3746 738 3848 prepositus,
755 3741 958 3816 Guillelmus
971 3739 1044 3839 (sic)
1061 3740 1287 3830 mensurius,
1304 3740 1512 3817 adalbertus
1524 3743 1703 3839 operarius
1716 3741 1937 3817 Massiliensis

520 3873 678 3964 ecclesie,
699 3879 810 3944 einos
831 3865 1042 3962 bengarius,
1064 3866 1274 3959 Rainaldus‚
1301 3865 1523 3960 Lambertus,
1548 3866 1773 3941 Massiliensis
1797 3867 1939 3942 aedesio

520 3997 699 4090 canonici,
726 3993 912 4069 observare
940 3989 1097 4088 predicta
1120 3991 1238 4067 omnia
1262 4001 1298 4067 et
1324 3991 1516 4089 adimplere
1541 4002 1576 4067 et
1598 4012 1670 4066 uon
1692 3991 1817 4066 venire
1841 3991 1938 4068 vobis

520 4119 812 4220 supranominatis
825 4116 1029 4209 rectoribus,
1045 4116 1293 4212 recipientibus
1307 4117 1447 4190 nomine
1461 4125 1577 4192 vestro
1592 4125 1628 4190 et
1643 4115 1785 4189 nomine
1801 4116 1939 4189 univer·

521 4250 631 4324 sitatis
646 4244 796 4322 civitatis
813 4240 1060 4316 vicecomitalia
1076 4240 1227 4315 Massilia
1241 4249 1276 4316 et
1287 4241 1504 4336 singolorum
1519 4240 1565 4315 de
1576 4239 1805 4315 universitate
1818 4239 1937 4314 elon

522 4373 734 4473 presentium
757 4379 793 4444 et
812 4371 1028 4462 futurorum,
1055 4367 1300 4467 promittimus.
1330 4367 1368 4440 Si
1392 4376 1508 4442 autem
1529 4367 1611 4460 jure
1634 4367 1762 4464 scripte
1786 4375 1937 4440 autnon

523 4499 665 4595 scripto,
680 4495 782 4592 legali
795 4505 857 4569 aut
870 4493 1036 4569 canonico
1046 4501 1107 4566 aut
1123 4491 1427 4568 consuetudinario
1442 4501 1561 4567 contra
1575 4491 1731 4590 predicta
1744 4513 1849 4587 agere
1861 4511 1936 4588 pca-

524 4625 650 4714 simus,
669 4619 874 4717 generaliter
886 4628 921 4693 et
934 4617 1130 4716 specialiter
1142 4640 1190 4692 ex
1201 4627 1294 4693 certa
1304 4617 1447 4694 scientia
1462 4617 1710 4694 renunciamus
1719 4625 1791 4692 tam
1802 4615 1935 4692 nornine
