4368 5876
528 561 586 622 lta
1028 559 1244 624 Flllllfilllfil
1270 561 1443 624 sactum
1756 569 1837 647 [Aac.
1857 570 1941 632 1221.

526 705 689 791 satagunt
711 697 801 769 inter
827 694 984 768 homines
1012 696 1190 792 ampliare.
1218 701 1324 772 Decet
1345 701 1452 794 igitur
1469 701 1683 798 imperialem
1708 707 1944 780 excellentiam

525 822 622 916 quod
639 821 708 894 ilfis
725 820 887 917 precibus
902 819 1088 914 benignius
1104 821 1287 896 inclinetur
1303 846 1375 920 qne
1391 824 1512 899 divino
1526 827 1635 900 cultui
1651 839 1835 925 precantur
1852 853 1944 927 aug-

526 957 682 1020 mentum
707 953 742 1019 et
759 945 1009 1019 sacro-sanctis
1031 946 1185 1020 ecclesiis
1200 951 1420 1044 protectionis
1439 961 1555 1026 nostre
1575 956 1749 1050 postulant
1771 956 1941 1052 indulgeri

525 1073 693 1146 savorem.
722 1072 848 1145 Notum
874 1071 993 1166 itaque
1018 1069 1092 1144 fieri
1123 1074 1287 1146 volumus
1315 1075 1487 1150 universis
1518 1077 1681 1152 fidelibus
1711 1081 1808 1176 regni
1837 1083 1941 1154 nostri

525 1197 622 1292 qnod
640 1217 704 1270 nos
721 1193 849 1268 intuitu
871 1195 992 1269 divine
1013 1197 1305 1272 retributionis'et
1321 1221 1385 1297 pru
1403 1201 1556 1275 remedio
1575 1203 1771 1276 animarum
1791 1205 1940 1278 ielieium

524 1343 647 1418 regum
664 1322 948 1418 predecessomm
969 1331 1163 1396 nostrornm
1182 1333 1217 1396 et
1232 1325 1343 1397 felicis
1356 1347 1498 1422 quoque
1518 1329 1683 1402 memorie
1702 1328 1777 1402 divi
1795 1330 1945 1426 impera-¹

525 1448 608 1521 toris
626 1448 732 1543 patris
756 1447 881 1539 nostri,
908 1446 1036 1520 intuitu
1054 1447 1158 1521 etiam
1182 1449 1286 1522 Beate
1309 1451 1460 1546 Virginis
1480 1453 1517 1524 iu
1533 1475 1635 1552 culus
1658 1454 1798 1527 nomine
1815 1454 1940 1549 Angla

525 1573 642 1647 nensis
657 1573 802 1646 ecclesia
815 1573 1055 1646 noscituresse
1071 1574 1229 1666 lundata,
1245 1575 1356 1671 ipsam
1371 1578 1551 1650 ecclesiam
1566 1599 1647 1651 cum
1665 1580 1828 1652 omnibns
1841 1581 1940 1652 bonis

523 1698 597 1771 suis
625 1699 692 1770 sub
713 1697 924 1794 protectione
946 1697 1107 1772 culminis
1135 1699 1243 1772 nostri
1271 1702 1476 1796 recipimus,
1503 1703 1732 1778 concedentes
1754 1716 1791 1778 et
1817 1704 1940 1778 confir-

526 1833 658 1898 mantes
681 1823 824 1895 ecclesie
851 1821 1051 1918 supradicte
1073 1821 1109 1893 in
1137 1834 1342 1919 perpetuum
1367 1826 1478 1898 casale
1501 1825 1650 1922 fingluni
1676 1849 1757 1900 cnm
1781 1829 1942 1903 omnibns

526 1947 723 2022 tenimentis
744 1955 779 2019 et
796 1947 1012 2043 pertinentiis
1034 1949 1125 2038 suis,
1147 1971 1297 2044 quorum
1320 1950 1587 2025 tenimentorum
1609 1960 1644 2024 et
1660 1952 1940 2049 pertinentiarum

524 2073 612 2146 fines
634 2081 716 2146 sunt
737 2071 821 2144 isti:
848 2072 967 2168 incipit
987 2095 1008 2146 a
1025 2073 1162 2147 vallone
1184 2073 1229 2146 de
1247 2075 1360 2147 lauro
1383 2085 1418 2148 et
1442 2075 1540 2148 vadit
1560 2099 1623 2173 per
1644 2077 1738 2150 viam
1761 2099 1831 2172 que
1848 2077 1942 2151 ducit

524 2221 585 2296 per
600 2207 705 2294 caput
728 2197 869 2292 Vulgari
884 2207 919 2268 et
936 2196 1033 2270 vadit
1054 2197 1101 2272 ad
1119 2206 1259 2272 stratam
1274 2201 1399 2272 Sancte
1413 2199 1591 2296 Cenapure
1608 2223 1679 2296 que
1695 2200 1824 2275 dicitur
1837 2209 1941 2274 strata

522 2327 640 2398 franca
655 2333 690 2396 et
704 2323 864 2420 perducit
884 2324 931 2397 ad
949 2323 1144 2397 tlnmariam
1160 2323 1261 2420 Argri
1276 2335 1312 2398 et
1326 2347 1389 2422 per
1402 2323 1513 2420 ipsam
1529 2327 1722 2400 llumariam
1743 2327 1883 2399 ducitur
1895 2327 1941 2401 ad

521 2451 647 2526 vallem
666 2450 796 2546 Cupam
818 2457 853 2522 et
873 2471 935 2546 per
954 2451 1093 2523 cristam
1113 2449 1223 2546 ipsius
1240 2450 1341 2524 vallis
1360 2449 1501 2523 ducitur
1517 2472 1579 2546 per
1595 2451 1740 2524 frontem
1765 2451 1810 2525 de
1833 2451 1941 2523 Crnce

521 2573 751 2650 etdescendit
767 2596 829 2672 per
849 2575 1021 2648 vallonem
1041 2574 1086 2648 de
1103 2573 1279 2648 Cuntirato
1297 2574 1343 2649 ad
1359 2584 1584 2670 stratamque
1604 2575 1702 2648 vadit
1720 2575 1938 2648 Colubratum

521 2709 556 2774 et
570 2722 631 2795 per
643 2700 755 2796 ipsam
771 2709 913 2773 stratam
933 2698 1073 2773 ducitur
1088 2721 1151 2796 per
1168 2700 1314 2774 frontem
1334 2701 1379 2774 de
1395 2701 1499 2796 Briga
1519 2701 1566 2774 ad
1583 2701 1714 2774 flumen
1729 2701 1826 2775 Sinni
1843 2711 1879 2774 et
1895 2701 1939 2774 ab

520 2824 597 2921 ipso
613 2824 757 2897 llumine
773 2823 917 2897 ducitur
932 2823 979 2897 ad
995 2824 1168 2897 vallonem
1186 2825 1231 2899 de
1254 2827 1367 2899 Lauro
1383 2827 1443 2899 ubi
1461 2824 1692 2898 concluditur.
1711 2825 1939 2898 Concedimns

521 2949 625 3022 etiam
642 2948 797 3045 predicte
815 2948 960 3021 ecclesie
978 2947 1191 3043 Anglonensi
1206 2948 1361 3023 homines
1373 2971 1461 3044 qnos
1476 2949 1581 3023 habet
1595 2949 1630 3021 in
1646 2949 1766 3022 eastris
1779 2951 1891 3024 Tursii
1906 2960 1939 3022 et

520 3074 637 3148 Sancti
659 3072 865 3168 Archangeli
890 3081 924 3144 et
947 3073 1063 3146 omnia
1085 3095 1156 3167 qne
1177 3074 1213 3144 in
1237 3075 1488 3171 presentiarum
1512 3075 1607 3168 juste
1632 3084 1667 3147 et
1694 3073 1938 3146 rationabiliter

520 3197 673 3294 possidet
692 3199 749 3272 vel
767 3198 890 3292 quein
909 3207 1011 3272 antea
1031 3201 1125 3293 justo
1148 3199 1246 3271 titulo
1264 3201 1386 3296 poterit
1407 3199 1569 3296 adipisci.
1590 3200 1735 3295 Insuper
1752 3199 1937 3272 eximimus

521 3326 632 3422 ipsam
651 3324 832 3398 ecclesiam
853 3334 887 3396 et
906 3325 1055 3420 prelatos
1075 3326 1150 3418 ejus
1178 3376 1389 3396 ......
1417 3325 1575 3417 ejusdem
1598 3324 1722 3397 casalis
1739 3333 1775 3397 et
1791 3323 1938 3397 diocesis

519 3453 614 3546 ejus,
635 3451 793 3525 homines
814 3459 849 3524 et
864 3453 1029 3525 vassallos
1051 3450 1162 3547 ipsius
1176 3450 1223 3524 ab
1238 3450 1400 3524 omnibus
1417 3451 1590 3541 servitiis,
1609 3451 1720 3540 taliis,
1738 3449 1889 3523 collectis
1905 3457 1938 3521 et

520 3577 762 3651 exactionibus
783 3575 880 3649 curie
900 3585 1016 3649 nostre
1037 3585 1072 3649 et
1095 3597 1334 3650 successorum
1355 3586 1567 3668 nostrorum,
1588 3575 1754 3649 comitum
1776 3584 1812 3648 et
1835 3575 1937 3648 bam·

520 3726 620 3793 num,
635 3712 670 3777 et
683 3703 770 3777 nihil
784 3703 885 3777 nubis
896 3711 932 3776 et
947 3702 1206 3776 successoribus
1222 3705 1347 3776 nostris
1362 3702 1397 3774 in
1412 3703 1589 3799 prelibatis
1600 3703 1676 3796 ejus
1691 3699 1892 3774 hominibus
1904 3708 1937 3772 et

518 3829 677 3904 vassallis
701 3828 812 3924 ipsius
835 3827 974 3924 penitus
995 3849 1232 3921 reservamus,
1254 3837 1367 3924 preter
1380 3827 1554 3920 judicium
1580 3825 1760 3921 sanguinis
1786 3834 1821 3898 et
1843 3823 1938 3919 quod

519 3955 641 4051 prelati
657 3953 733 4047 ejus
755 3953 857 4026 nobis
877 3964 911 4026 ct
931 3952 1188 4025 successoribus
1207 3952 1332 4024 nostris
1351 3951 1388 4024 iu
1411 3960 1617 4048 perpetuum
1640 3950 1766 4024 facient
1783 3958 1818 4022 et
1836 3951 1936 4042 jura-

519 4091 674 4156 mentnm
697 4081 902 4177 prestabant
927 4077 1114 4152 fidelitatis.
1144 4077 1352 4151 Mandamns
1378 4076 1485 4168 igitur
1509 4086 1545 4149 et
1569 4074 1738 4172 imperiali
1761 4073 1936 4146 sancimus

519 4209 633 4281 edicto
651 4214 690 4278 nt
711 4205 799 4278 nulli
814 4205 957 4278 omnino
978 4203 1157 4276 hominum
1177 4202 1279 4275 liceat
1294 4201 1386 4276 banc
1407 4212 1523 4275 nostre
1547 4199 1779 4274 concessionis
1797 4209 1833 4270 et
1854 4219 1936 4271 oon·

521 4331 723 4404 firmationis
740 4331 929 4425 iufringere
946 4329 1109 4425 paginam
1132 4326 1188 4402 vel
1206 4328 1239 4400 ci
1257 4349 1347 4400 ausu
1370 4327 1551 4400 temerario
1567 4325 1748 4398 contraire.
1769 4321 1825 4395 Ad
1847 4322 1936 4396 hanc

520 4468 635 4532 autem
653 4456 884 4529 concessionis
902 4463 938 4528 et
957 4453 1227 4528 confirmationis
1248 4461 1363 4526 nostra
1385 4452 1585 4525 memoriam
1605 4459 1640 4525 et
1656 4447 1856 4523 inviolabile
1878 4445 1936 4518 fir·

521 4591 733 4658 mamentum
754 4602 897 4679 presens
918 4577 1140 4678 privilegium
1157 4575 1231 4651 fieri
1247 4585 1282 4651 et
1299 4577 1413 4672 sigillo
1429 4576 1617 4673 majestatis
1633 4583 1749 4648 nostre
1769 4573 1936 4667 jussimus

519 4728 736 4780 communiri.
