4298 5898
189 537 288 598 lrurcr.
308 536 368 620 12]
643 527 839 596 tttsrolt'ttt
862 529 1159 597 blrtottttrlctt.
1551 527 1610 588 tat

192 669 418 756 Mutinensis
433 667 627 750 licentiam
641 666 909 752 reaedificandi
927 663 1041 748 castri
1056 661 1186 746 Pontis
1199 658 1314 744 Ducis
1332 659 1516 768 requirat,
1531 661 1612 770 ipsc

191 812 335 886 statuat
347 802 453 912 quod
469 801 560 884 iude
568 799 672 912 juste
685 801 834 886 nouerit
847 797 1037 910 expedire.

275 1017 381 1096 (Edld.
397 1017 547 1092 namu,
563 1013 632 1080 Ital.
648 1022 785 1096 sacrm
802 1017 851 1096 11,
864 1031 895 1092 p.
914 1023 990 1087 tar,
1005 1019 1036 1076 et
1048 1013 1258 1084 srunmuauur,
1270 1008 1369 1090 Epire.
1386 1007 1508 1088 Mutia,
1518 1025 1545 1088 p.
1559 971 1611 1088 el,

312 1140 351 1185 ex
365 1125 450 1202 coplu
464 1125 591 1204 mdqua
604 1126 636 1186 ln
647 1124 727 1186 arch.
746 1125 832 1202 eaplt.
848 1119 970 1200 lllutlnl

240 1311 437 1386 Fridericus
450 1312 513 1386 Dei
528 1312 668 1385 favente
686 1311 796 1406 gratia
813 1310 997 1406 imperator
1012 1318 1046 1382 et
1070 1327 1132 1381 rex
1154 1306 1286 1397 Sicilie,
1313 1303 1440 1378 dilecto
1462 1305 1610 1404 principi

190 1458 257 1510 suo
274 1435 466 1510 venerabili
482 1435 774 1531 Magdeburgeusi
789 1433 1064 1531 archiepiscopo,
1081 1431 1198 1506 comiti
1215 1429 1437 1525 [Romaniae]
1456 1440 1491 1504 et
1507 1433 1611 1506 totius

189 1561 417 1636 lombardiae
429 1562 555 1657 legato,
572 1562 719 1654 gratiam
733 1569 767 1633 et
781 1580 885 1634 omne
899 1559 1043 1634 bouum.
1057 1556 1271 1630 Venerabilis
1285 1557 1417 1630 Mutine
1428 1557 1611 1654 episcopus

190 1686 306 1759 fidelis
333 1695 449 1761 noster
469 1684 666 1759 celsitudini
693 1696 809 1759 nostre
831 1707 894 1781 per
915 1686 1083 1757 nuncium
1109 1704 1213 1756 suum
1235 1689 1270 1754 et
1294 1683 1423 1756 litteras
1447 1683 1611 1755 attentius

189 1809 401 1907 supplicavit
418 1819 456 1881 ut
471 1811 554 1905 quia
566 1819 717 1883 castrum
733 1809 851 1882 Pontis
865 1811 969 1882 Ducis
982 1807 1019 1880 iu
1036 1806 1166 1882 diocesi
1183 1808 1315 1881 Mutine
1329 1807 1492 1902 positum,
1510 1829 1611 1904 speo-

190 1943 269 2006 taus
280 1931 327 2005 ad
339 1934 398 2028 jus
412 1941 447 2004 ct
461 1932 703 2029 proprietatem
719 1932 848 2030 ipsius,
868 1931 1199 2024 aderrariensibue,
1217 1931 1472 2005 Mutinensibus
1485 1939 1520 2003 ut
1532 1931 1610 2004 aliis

189 2055 328 2129 civibus
353 2053 512 2128 funditus
537 2065 589 2129 est
614 2055 829 2130 destructum
850 2057 886 2128 iu
914 2077 1056 2152 parem
1083 2056 1194 2151 ipsius
1220 2055 1364 2128 ecclesie
1387 2053 1548 2146 iujuriam
1574 2065 1609 2128 et

184 2181 369 2274 jacturam,
388 2180 475 2254 illud
494 2180 721 2256 reedificaudi
736 2192 771 2255 et
791 2191 935 2256 cunctos
951 2181 1110 2254 homines
1129 2180 1319 2255 reducendi
1340 2180 1377 2253 in
1394 2180 1509 2277 ipsum
1525 2201 1609 2278 pre·

189 2314 282 2378 stare
306 2305 477 2378 licentiam
501 2305 738 2399 dignaremur.
765 2307 880 2392 Quare
907 2304 1083 2381 devotioni
1111 2315 1170 2379 tue
1195 2303 1364 2380 duximus
1390 2305 1608 2380 committen-

188 2429 275 2503 dum
302 2427 508 2502 mandantes
533 2441 705 2526 quatenus
732 2453 838 2527 super
860 2431 928 2504 hoo
950 2433 1146 2524 juramento
1171 2427 1222 2528 (a)
1248 2429 1345 2526 quod
1372 2451 1453 2502 cnm
1477 2429 1609 2503 honore

188 2553 325 2649 imperii
340 2562 376 2626 et
388 2552 615 2628 indemnitate
631 2556 743 2652 ipsius
764 2555 909 2630 ecclesie
930 2555 1191 2652 procedendum
1210 2554 1340 2630 videris
1360 2555 1411 2627 sic
1426 2555 1606 2650 procedas,

188 2686 224 2751 et
247 2678 329 2751 iude
348 2686 478 2752 statuas
495 2679 591 2776 quod
604 2683 697 2774 juste
721 2681 860 2754 noveris
882 2679 1067 2778 expedire,
1093 2682 1223 2754 faciens
1244 2680 1341 2776 quod
1361 2680 1523 2754 statueris
1548 2701 1611 2775 per

188 2803 343 2878 bannum
361 2803 539 2901 imperiale
553 2804 756 2879 auctoritate
770 2815 887 2880 nostra
904 2805 1047 2879 firmiter
1062 2806 1252 2881 observari.

237 2930 364 3002 Datum
382 2929 537 3020 Cauuie,
556 2930 614 3005 die
629 2931 710 3006 xlx
726 2933 855 3025 martii,
873 2932 935 3005 llll
952 2930 1161 3006 indictionis.

241 3473 479 3587 Fridericus,
511 3480 774 3566 Romanorum
807 3483 1031 3593 imperator,
1064 3468 1383 3596 Magdebnrgeusi
1419 3483 1635 3599 archiepis
1665 3505 1785 3606 Ἥ,

187 3634 323 3718 scopu,
340 3613 470 3696 comiti
483 3613 692 3698 Romaniae
709 3627 747 3699 et
761 3615 1014 3702 Lcmbardiae
1029 3617 1171 3728 legato,
1191 3618 1351 3702 mandat
1362 3629 1406 3702 ut
1422 3620 1612 3704 coustitu-

187 3739 331 3826 tionem
345 3771 456 3828 snam
470 3745 657 3856 publicari
671 3747 787 3834 faciat
803 3777 882 3862 qua
895 3751 1006 3862 jubet
1022 3751 1231 3835 haereticos
1249 3751 1340 3864 igne
1352 3777 1610 3838 concreman-

186 3875 259 3960 dos
272 3877 355 3984 vcl,
377 3880 409 3962 si
427 3881 531 3964 vitae
539 3895 795 3986 reservantur,
813 3883 969 3996 linguae
981 3886 1126 3996 plectro
1139 3885 1358 3997 privandos.

268 4089 394 4171 (Edlder.
405 4097 578 4175 Burnum,
592 4097 705 4162 douai.
721 4097 830 4177 carim,
848 4107 922 4164 tom
938 4103 1026 4180 xlll,
1045 4105 1085 4166 ud
1098 4119 1170 4166 ann.
1188 4099 1605 4187 trar,§xv111.-Pmrz,

307 4201 440 4267 Menona.
457 4205 532 4268 dist.
550 4209 660 4283 Germ„
672 4207 727 4284 IV,
741 4218 813 4284 ²5²,
825 4226 864 4272 ex
877 4217 985 4292 regest.
998 4211 1120 4291 Grcgor.
1134 4211 1189 4286 IX,
1203 4227 1272 4274 ann.
1288 4211 1342 4287 lv,
1360 4219 1429 4286 1⁰8,
1443 4211 1497 4274 sed
1508 4213 1607 4274 mlum

305 4309 444 4389 uacat

236 4494 438 4570 Fredericus
454 4499 517 4574 Dei
534 4502 644 4595 gratia
666 4503 897 4578 Romanorum
914 4503 1118 4600 imperator,
1140 4525 1277 4601 semper
1292 4514 1465 4601 angustus
1485 4514 1521 4580 et
1540 4527 1604 4578 rex

227 4668 267 4750 (a)
289 4669 378 4735 Deest
391 4675 523 4755 allquld,
538 4677 639 4742 forsan
651 4681 785 4761 [recepta
792 4680 909 4765 jetan}
