<?xml version="1.0" encoding="UTF-8"?>
<!DOCTYPE html PUBLIC "-//W3C//DTD XHTML 1.0 Transitional//EN"
    "http://www.w3.org/TR/xhtml1/DTD/xhtml1-transitional.dtd">
<html xmlns="http://www.w3.org/1999/xhtml" xml:lang="en" lang="en">
 <head>
  <title>
</title>
<meta http-equiv="Content-Type" content="text/html;charset=utf-8" />
  <meta name='ocr-system' content='tesseract 3.04.00' />
  <meta name='ocr-capabilities' content='ocr_page ocr_carea ocr_par ocr_line ocrx_word'/>
</head>
<body>
  <div class='ocr_page' id='page_1' title='image "./historiadiploma08fredgoog_0455.png"; bbox 0 0 4298 5898; ppageno 0'>
   <div class='ocr_carea' id='block_1_1' title="bbox 192 565 1611 655">
    <p class='ocr_par' dir='ltr' id='par_1_1' title="bbox 192 565 1611 655">
     <span class='ocr_line' id='line_1_1' title="bbox 192 565 1611 655; baseline -0.004 -21"><span class='ocrx_word' id='word_1_1' title='bbox 192 571 290 634; x_wconf 72' lang='lat' dir='ltr'>nme.</span> <span class='ocrx_word' id='word_1_2' title='bbox 308 565 369 655; x_wconf 72' lang='grc' dir='ltr'>η]</span> <span class='ocrx_word' id='word_1_3' title='bbox 643 568 842 634; x_wconf 82' lang='lat' dir='ltr'>ursronrn</span> <span class='ocrx_word' id='word_1_4' title='bbox 867 567 1162 632; x_wconf 83' lang='lat' dir='ltr'>nrrnounrrcn</span> <span class='ocrx_word' id='word_1_5' title='bbox 1548 573 1611 638; x_wconf 75' lang='lat' dir='ltr'>aas</span> 
     </span>
    </p>
   </div>
   <div class='ocr_carea' id='block_1_2' title="bbox 193 705 1622 4555">
    <p class='ocr_par' dir='ltr' id='par_1_2' title="bbox 193 705 1622 4555">
     <span class='ocr_line' id='line_1_2' title="bbox 195 705 1609 802; baseline 0 -20"><span class='ocrx_word' id='word_1_6' title='bbox 195 708 374 782; x_wconf 88' lang='lat' dir='ltr'>tendentes</span> <span class='ocrx_word' id='word_1_7' title='bbox 404 706 617 779; x_wconf 74' lang='lat' dir='ltr'><strong>honestatem</strong></span> <span class='ocrx_word' id='word_1_8' title='bbox 645 714 681 780; x_wconf 89' lang='lat' dir='ltr'>et</span> <span class='ocrx_word' id='word_1_9' title='bbox 707 707 908 802; x_wconf 78' lang='lat' dir='ltr'>religionem</span> <span class='ocrx_word' id='word_1_10' title='bbox 941 727 1097 780; x_wconf 90' lang='lat' dir='ltr'>necnon</span> <span class='ocrx_word' id='word_1_11' title='bbox 1122 713 1157 777; x_wconf 89' lang='lat' dir='ltr'>et</span> <span class='ocrx_word' id='word_1_12' title='bbox 1186 711 1283 799; x_wconf 74' lang='lat' dir='ltr'>grata</span> <span class='ocrx_word' id='word_1_13' title='bbox 1310 705 1452 781; x_wconf 82' lang='lat' dir='ltr'>servitia</span> <span class='ocrx_word' id='word_1_14' title='bbox 1476 729 1546 802; x_wconf 90' lang='lat' dir='ltr'>que</span> <span class='ocrx_word' id='word_1_15' title='bbox 1570 718 1609 782; x_wconf 90' lang='lat' dir='ltr'>tu</span> 
     </span>
     <span class='ocr_line' id='line_1_3' title="bbox 194 827 1609 925; baseline -0.003 -17"><span class='ocrx_word' id='word_1_16' title='bbox 194 831 387 923; x_wconf 88' lang='lat' dir='ltr'>loannicie,</span> <span class='ocrx_word' id='word_1_17' title='bbox 400 829 669 904; x_wconf 78' lang='lat' dir='ltr'>archimandrita</span> <span class='ocrx_word' id='word_1_18' title='bbox 680 833 804 906; x_wconf 87' lang='lat' dir='ltr'>Sancte</span> <span class='ocrx_word' id='word_1_19' title='bbox 817 832 925 907; x_wconf 87' lang='lat' dir='ltr'>Maris</span> <span class='ocrx_word' id='word_1_20' title='bbox 941 831 987 904; x_wconf 91' lang='lat' dir='ltr'>de</span> <span class='ocrx_word' id='word_1_21' title='bbox 1001 831 1153 920; x_wconf 86' lang='lat' dir='ltr'>Terreto,</span> <span class='ocrx_word' id='word_1_22' title='bbox 1169 827 1281 902; x_wconf 86' lang='lat' dir='ltr'>fidelis</span> <span class='ocrx_word' id='word_1_23' title='bbox 1296 838 1424 922; x_wconf 86' lang='lat' dir='ltr'>noster,</span> <span class='ocrx_word' id='word_1_24' title='bbox 1439 831 1609 925; x_wconf 88' lang='lat' dir='ltr'>majestati</span> 
     </span>
     <span class='ocr_line' id='line_1_4' title="bbox 194 951 1612 1050; baseline -0.002 -20"><span class='ocrx_word' id='word_1_25' title='bbox 194 967 310 1030; x_wconf 88' lang='lat' dir='ltr'>nostre</span> <span class='ocrx_word' id='word_1_26' title='bbox 331 953 478 1028; x_wconf 88' lang='lat' dir='ltr'>fideliter</span> <span class='ocrx_word' id='word_1_27' title='bbox 500 953 691 1028; x_wconf 77' lang='lat' dir='ltr'>exhibuisti</span> <span class='ocrx_word' id='word_1_28' title='bbox 713 965 749 1028; x_wconf 90' lang='lat' dir='ltr'>ct</span> <span class='ocrx_word' id='word_1_29' title='bbox 766 955 921 1029; x_wconf 85' lang='lat' dir='ltr'>inantea</span> <span class='ocrx_word' id='word_1_30' title='bbox 941 951 1070 1050; x_wconf 90' lang='lat' dir='ltr'>poteris</span> <span class='ocrx_word' id='word_1_31' title='bbox 1087 953 1275 1045; x_wconf 79' lang='lat' dir='ltr'>exhibere,</span> <span class='ocrx_word' id='word_1_32' title='bbox 1295 954 1341 1027; x_wconf 90' lang='lat' dir='ltr'>de</span> <span class='ocrx_word' id='word_1_33' title='bbox 1356 963 1504 1046; x_wconf 74' lang='lat' dir='ltr'>gratam</span> <span class='ocrx_word' id='word_1_34' title='bbox 1520 977 1612 1029; x_wconf 89' lang='lat' dir='ltr'>con-</span> 
     </span>
     <span class='ocr_line' id='line_1_5' title="bbox 193 1078 1612 1177; baseline -0.003 -21"><span class='ocrx_word' id='word_1_35' title='bbox 193 1090 293 1157; x_wconf 84' lang='lat' dir='ltr'>sueta</span> <span class='ocrx_word' id='word_1_36' title='bbox 316 1078 554 1153; x_wconf 88' lang='lat' dir='ltr'>munificentia</span> <span class='ocrx_word' id='word_1_37' title='bbox 580 1089 697 1153; x_wconf 83' lang='lat' dir='ltr'>nostra</span> <span class='ocrx_word' id='word_1_38' title='bbox 724 1089 891 1177; x_wconf 89' lang='lat' dir='ltr'>perpetuo</span> <span class='ocrx_word' id='word_1_39' title='bbox 915 1079 1139 1154; x_wconf 77' lang='lat' dir='ltr'>concedimus</span> <span class='ocrx_word' id='word_1_40' title='bbox 1162 1087 1197 1152; x_wconf 94' lang='lat' dir='ltr'>et</span> <span class='ocrx_word' id='word_1_41' title='bbox 1219 1078 1465 1154; x_wconf 86' lang='lat' dir='ltr'>confirmamus</span> <span class='ocrx_word' id='word_1_42' title='bbox 1490 1081 1612 1155; x_wconf 86' lang='lat' dir='ltr'>tibist</span> 
     </span>
     <span class='ocr_line' id='line_1_6' title="bbox 194 1203 1613 1301; baseline -0.001 -21"><span class='ocrx_word' id='word_1_43' title='bbox 194 1205 338 1280; x_wconf 89' lang='lat' dir='ltr'>ecclesie</span> <span class='ocrx_word' id='word_1_44' title='bbox 351 1213 411 1278; x_wconf 89' lang='lat' dir='ltr'>tue</span> <span class='ocrx_word' id='word_1_45' title='bbox 426 1204 580 1301; x_wconf 90' lang='lat' dir='ltr'>predicte</span> <span class='ocrx_word' id='word_1_46' title='bbox 595 1206 718 1280; x_wconf 85' lang='lat' dir='ltr'>Sancte</span> <span class='ocrx_word' id='word_1_47' title='bbox 733 1205 841 1279; x_wconf 86' lang='lat' dir='ltr'>llario</span> <span class='ocrx_word' id='word_1_48' title='bbox 862 1206 908 1280; x_wconf 91' lang='lat' dir='ltr'>de</span> <span class='ocrx_word' id='word_1_49' title='bbox 924 1207 1063 1278; x_wconf 84' lang='lat' dir='ltr'>Terreto</span> <span class='ocrx_word' id='word_1_50' title='bbox 1083 1203 1200 1278; x_wconf 89' lang='lat' dir='ltr'>omnia</span> <span class='ocrx_word' id='word_1_51' title='bbox 1217 1203 1400 1300; x_wconf 78' lang='lat' dir='ltr'>privilegia</span> <span class='ocrx_word' id='word_1_52' title='bbox 1418 1226 1488 1300; x_wconf 88' lang='lat' dir='ltr'>que</span> <span class='ocrx_word' id='word_1_53' title='bbox 1506 1209 1613 1278; x_wconf 55' lang='lat' dir='ltr'>anm</span> 
     </span>
     <span class='ocr_line' id='line_1_7' title="bbox 195 1327 1613 1406; baseline 0.001 -1"><span class='ocrx_word' id='word_1_54' title='bbox 195 1351 348 1406; x_wconf 78' lang='lat' dir='ltr'>sessores</span> <span class='ocrx_word' id='word_1_55' title='bbox 366 1331 475 1404; x_wconf 85' lang='lat' dir='ltr'>nostri</span> <span class='ocrx_word' id='word_1_56' title='bbox 498 1330 613 1403; x_wconf 92' lang='lat' dir='ltr'>eidem</span> <span class='ocrx_word' id='word_1_57' title='bbox 630 1331 775 1404; x_wconf 90' lang='lat' dir='ltr'>ecclesie</span> <span class='ocrx_word' id='word_1_58' title='bbox 797 1336 1051 1404; x_wconf 88' lang='lat' dir='ltr'>concesserunt.</span> <span class='ocrx_word' id='word_1_59' title='bbox 1073 1327 1323 1402; x_wconf 84' lang='lat' dir='ltr'>Confirmamus</span> <span class='ocrx_word' id='word_1_60' title='bbox 1340 1339 1374 1402; x_wconf 91' lang='lat' dir='ltr'>et</span> <span class='ocrx_word' id='word_1_61' title='bbox 1396 1329 1613 1406; x_wconf 82' lang='lat' dir='ltr'>obedientias</span> 
     </span>
     <span class='ocr_line' id='line_1_8' title="bbox 195 1453 1612 1551; baseline 0.001 -22"><span class='ocrx_word' id='word_1_62' title='bbox 195 1479 285 1551; x_wconf 90' lang='lat' dir='ltr'>quas</span> <span class='ocrx_word' id='word_1_63' title='bbox 302 1455 447 1529; x_wconf 86' lang='lat' dir='ltr'>ecclesia</span> <span class='ocrx_word' id='word_1_64' title='bbox 470 1455 545 1551; x_wconf 89' lang='lat' dir='ltr'>ipsa</span> <span class='ocrx_word' id='word_1_65' title='bbox 564 1455 670 1528; x_wconf 89' lang='lat' dir='ltr'>habet</span> <span class='ocrx_word' id='word_1_66' title='bbox 693 1465 764 1528; x_wconf 91' lang='lat' dir='ltr'>tam</span> <span class='ocrx_word' id='word_1_67' title='bbox 793 1456 830 1528; x_wconf 92' lang='lat' dir='ltr'>in</span> <span class='ocrx_word' id='word_1_68' title='bbox 860 1453 1058 1528; x_wconf 83' lang='lat' dir='ltr'>tenimentis</span> <span class='ocrx_word' id='word_1_69' title='bbox 1086 1453 1184 1548; x_wconf 78' lang='lat' dir='ltr'>liegii</span> <span class='ocrx_word' id='word_1_70' title='bbox 1209 1475 1316 1548; x_wconf 82' lang='lat' dir='ltr'>quem</span> <span class='ocrx_word' id='word_1_71' title='bbox 1343 1455 1457 1542; x_wconf 87' lang='lat' dir='ltr'>bleso,</span> <span class='ocrx_word' id='word_1_72' title='bbox 1488 1457 1612 1530; x_wconf 89' lang='lat' dir='ltr'>Sancte</span> 
     </span>
     <span class='ocr_line' id='line_1_9' title="bbox 195 1577 1612 1676; baseline 0.001 -23"><span class='ocrx_word' id='word_1_73' title='bbox 195 1579 347 1676; x_wconf 78' lang='lat' dir='ltr'>Agathes</span> <span class='ocrx_word' id='word_1_74' title='bbox 367 1591 403 1654; x_wconf 86' lang='lat' dir='ltr'>et</span> <span class='ocrx_word' id='word_1_75' title='bbox 418 1581 534 1655; x_wconf 86' lang='lat' dir='ltr'>Sancti</span> <span class='ocrx_word' id='word_1_76' title='bbox 551 1580 661 1654; x_wconf 88' lang='lat' dir='ltr'>Niceti</span> <span class='ocrx_word' id='word_1_77' title='bbox 682 1603 763 1654; x_wconf 90' lang='lat' dir='ltr'>cum</span> <span class='ocrx_word' id='word_1_78' title='bbox 778 1577 964 1656; x_wconf 88' lang='lat' dir='ltr'>medietate</span> <span class='ocrx_word' id='word_1_79' title='bbox 986 1579 1095 1653; x_wconf 90' lang='lat' dir='ltr'>saline</span> <span class='ocrx_word' id='word_1_80' title='bbox 1116 1587 1151 1652; x_wconf 92' lang='lat' dir='ltr'>et</span> <span class='ocrx_word' id='word_1_81' title='bbox 1167 1579 1373 1653; x_wconf 87' lang='lat' dir='ltr'>obedientiis</span> <span class='ocrx_word' id='word_1_82' title='bbox 1394 1579 1516 1654; x_wconf 90' lang='lat' dir='ltr'>Tnchii</span> <span class='ocrx_word' id='word_1_83' title='bbox 1532 1603 1612 1654; x_wconf 92' lang='lat' dir='ltr'>cum</span> 
     </span>
     <span class='ocr_line' id='line_1_10' title="bbox 195 1704 1612 1803; baseline 0 -22"><span class='ocrx_word' id='word_1_84' title='bbox 195 1706 406 1781; x_wconf 80' lang='lat' dir='ltr'>molendinis</span> <span class='ocrx_word' id='word_1_85' title='bbox 424 1714 459 1778; x_wconf 91' lang='lat' dir='ltr'>et</span> <span class='ocrx_word' id='word_1_86' title='bbox 474 1705 636 1780; x_wconf 88' lang='lat' dir='ltr'>villianos</span> <span class='ocrx_word' id='word_1_87' title='bbox 651 1704 702 1803; x_wconf 81' lang='lat' dir='ltr'>(a)</span> <span class='ocrx_word' id='word_1_88' title='bbox 719 1706 863 1780; x_wconf 87' lang='lat' dir='ltr'>ecclesie</span> <span class='ocrx_word' id='word_1_89' title='bbox 877 1705 1092 1800; x_wconf 87' lang='lat' dir='ltr'>ubicumque</span> <span class='ocrx_word' id='word_1_90' title='bbox 1110 1713 1252 1778; x_wconf 86' lang='lat' dir='ltr'>manent</span> <span class='ocrx_word' id='word_1_91' title='bbox 1267 1724 1348 1777; x_wconf 92' lang='lat' dir='ltr'>oum</span> <span class='ocrx_word' id='word_1_92' title='bbox 1369 1706 1532 1780; x_wconf 90' lang='lat' dir='ltr'>omnibus</span> <span class='ocrx_word' id='word_1_93' title='bbox 1552 1730 1612 1781; x_wconf 88' lang='lat' dir='ltr'>ra·</span> 
     </span>
     <span class='ocr_line' id='line_1_11' title="bbox 196 1827 1614 1926; baseline 0 -22"><span class='ocrx_word' id='word_1_94' title='bbox 196 1831 350 1904; x_wconf 91' lang='lat' dir='ltr'>tionibus</span> <span class='ocrx_word' id='word_1_95' title='bbox 365 1830 453 1914; x_wconf 91' lang='lat' dir='ltr'>suis,</span> <span class='ocrx_word' id='word_1_96' title='bbox 469 1829 576 1904; x_wconf 91' lang='lat' dir='ltr'>libere</span> <span class='ocrx_word' id='word_1_97' title='bbox 592 1830 638 1903; x_wconf 85' lang='lat' dir='ltr'>ab</span> <span class='ocrx_word' id='word_1_98' title='bbox 655 1831 750 1904; x_wconf 92' lang='lat' dir='ltr'>omni</span> <span class='ocrx_word' id='word_1_99' title='bbox 765 1831 943 1926; x_wconf 79' lang='lat' dir='ltr'>anggaria.</span> <span class='ocrx_word' id='word_1_100' title='bbox 959 1827 1131 1902; x_wconf 81' lang='lat' dir='ltr'>Animalia</span> <span class='ocrx_word' id='word_1_101' title='bbox 1146 1849 1288 1924; x_wconf 83' lang='lat' dir='ltr'>qnoque</span> <span class='ocrx_word' id='word_1_102' title='bbox 1303 1829 1448 1902; x_wconf 90' lang='lat' dir='ltr'>ecclesie</span> <span class='ocrx_word' id='word_1_103' title='bbox 1464 1830 1501 1902; x_wconf 89' lang='lat' dir='ltr'>in</span> <span class='ocrx_word' id='word_1_104' title='bbox 1517 1852 1614 1925; x_wconf 91' lang='lat' dir='ltr'>quo-</span> 
     </span>
     <span class='ocr_line' id='line_1_12' title="bbox 196 1954 1615 2050; baseline 0.002 -22"><span class='ocrx_word' id='word_1_105' title='bbox 196 1976 349 2050; x_wconf 88' lang='lat' dir='ltr'>cumque</span> <span class='ocrx_word' id='word_1_106' title='bbox 373 1955 450 2028; x_wconf 88' lang='lat' dir='ltr'>loco</span> <span class='ocrx_word' id='word_1_107' title='bbox 473 1955 601 2028; x_wconf 88' lang='lat' dir='ltr'>luerint</span> <span class='ocrx_word' id='word_1_108' title='bbox 629 1955 736 2029; x_wconf 87' lang='lat' dir='ltr'>libere</span> <span class='ocrx_word' id='word_1_109' title='bbox 757 1957 804 2030; x_wconf 87' lang='lat' dir='ltr'>cb</span> <span class='ocrx_word' id='word_1_110' title='bbox 823 1957 1001 2031; x_wconf 90' lang='lat' dir='ltr'>herbatico</span> <span class='ocrx_word' id='word_1_111' title='bbox 1017 1965 1052 2029; x_wconf 89' lang='lat' dir='ltr'>et</span> <span class='ocrx_word' id='word_1_112' title='bbox 1073 1954 1272 2048; x_wconf 77' lang='lat' dir='ltr'>glandatico</span> <span class='ocrx_word' id='word_1_113' title='bbox 1294 1954 1384 2046; x_wconf 87' lang='lat' dir='ltr'>sint;</span> <span class='ocrx_word' id='word_1_114' title='bbox 1406 1956 1562 2030; x_wconf 91' lang='lat' dir='ltr'>similiter</span> <span class='ocrx_word' id='word_1_115' title='bbox 1580 1967 1615 2032; x_wconf 91' lang='lat' dir='ltr'>et</span> 
     </span>
     <span class='ocr_line' id='line_1_13' title="bbox 196 2078 1615 2177; baseline -0.001 -22"><span class='ocrx_word' id='word_1_116' title='bbox 196 2080 362 2155; x_wconf 86' lang='lat' dir='ltr'>animalia</span> <span class='ocrx_word' id='word_1_117' title='bbox 382 2081 590 2154; x_wconf 77' lang='lat' dir='ltr'>villanorum</span> <span class='ocrx_word' id='word_1_118' title='bbox 614 2080 775 2174; x_wconf 88' lang='lat' dir='ltr'>ecclesie;</span> <span class='ocrx_word' id='word_1_119' title='bbox 797 2081 863 2155; x_wconf 90' lang='lat' dir='ltr'>hec</span> <span class='ocrx_word' id='word_1_120' title='bbox 878 2082 993 2154; x_wconf 92' lang='lat' dir='ltr'>omnia</span> <span class='ocrx_word' id='word_1_121' title='bbox 1017 2080 1173 2177; x_wconf 89' lang='lat' dir='ltr'>predicto</span> <span class='ocrx_word' id='word_1_122' title='bbox 1192 2078 1461 2154; x_wconf 80' lang='lat' dir='ltr'>archimandrite</span> <span class='ocrx_word' id='word_1_123' title='bbox 1479 2091 1515 2154; x_wconf 88' lang='lat' dir='ltr'>st</span> <span class='ocrx_word' id='word_1_124' title='bbox 1529 2105 1615 2154; x_wconf 92' lang='lat' dir='ltr'>suc-</span> 
     </span>
     <span class='ocr_line' id='line_1_14' title="bbox 198 2205 1615 2303; baseline 0.001 -24"><span class='ocrx_word' id='word_1_125' title='bbox 198 2205 394 2279; x_wconf 88' lang='lat' dir='ltr'>cessoribus</span> <span class='ocrx_word' id='word_1_126' title='bbox 409 2215 445 2278; x_wconf 90' lang='lat' dir='ltr'>et</span> <span class='ocrx_word' id='word_1_127' title='bbox 460 2207 604 2280; x_wconf 85' lang='lat' dir='ltr'>ecclesie</span> <span class='ocrx_word' id='word_1_128' title='bbox 617 2205 773 2303; x_wconf 88' lang='lat' dir='ltr'>predicte</span> <span class='ocrx_word' id='word_1_129' title='bbox 788 2209 913 2280; x_wconf 87' lang='lat' dir='ltr'>Sancte</span> <span class='ocrx_word' id='word_1_130' title='bbox 927 2207 1036 2281; x_wconf 83' lang='lat' dir='ltr'>Maris</span> <span class='ocrx_word' id='word_1_131' title='bbox 1049 2208 1094 2281; x_wconf 86' lang='lat' dir='ltr'>de</span> <span class='ocrx_word' id='word_1_132' title='bbox 1115 2208 1252 2278; x_wconf 86' lang='lat' dir='ltr'>Terreto</span> <span class='ocrx_word' id='word_1_133' title='bbox 1271 2205 1379 2279; x_wconf 88' lang='lat' dir='ltr'>libere</span> <span class='ocrx_word' id='word_1_134' title='bbox 1395 2216 1430 2278; x_wconf 91' lang='lat' dir='ltr'>et</span> <span class='ocrx_word' id='word_1_135' title='bbox 1446 2217 1615 2303; x_wconf 85' lang='lat' dir='ltr'>perpetuo</span> 
     </span>
     <span class='ocr_line' id='line_1_15' title="bbox 199 2328 1616 2427; baseline 0.003 -25"><span class='ocrx_word' id='word_1_136' title='bbox 199 2328 463 2422; x_wconf 88' lang='lat' dir='ltr'>confirmamus,</span> <span class='ocrx_word' id='word_1_137' title='bbox 484 2329 574 2403; x_wconf 92' lang='lat' dir='ltr'>sicut</span> <span class='ocrx_word' id='word_1_138' title='bbox 590 2330 674 2426; x_wconf 89' lang='lat' dir='ltr'>ipsis</span> <span class='ocrx_word' id='word_1_139' title='bbox 688 2331 902 2426; x_wconf 85' lang='lat' dir='ltr'>temporibus</span> <span class='ocrx_word' id='word_1_140' title='bbox 918 2333 1011 2424; x_wconf 77' lang='lat' dir='ltr'>regis</span> <span class='ocrx_word' id='word_1_141' title='bbox 1026 2330 1165 2426; x_wconf 78' lang='lat' dir='ltr'>llogerii</span> <span class='ocrx_word' id='word_1_142' title='bbox 1179 2339 1214 2404; x_wconf 88' lang='lat' dir='ltr'>et</span> <span class='ocrx_word' id='word_1_143' title='bbox 1229 2335 1418 2403; x_wconf 91' lang='lat' dir='ltr'>ceterorum</span> <span class='ocrx_word' id='word_1_144' title='bbox 1433 2331 1616 2427; x_wconf 88' lang='lat' dir='ltr'>predeces-</span> 
     </span>
     <span class='ocr_line' id='line_1_16' title="bbox 200 2455 1617 2552; baseline 0.003 -25"><span class='ocrx_word' id='word_1_145' title='bbox 200 2473 315 2527; x_wconf 87' lang='lat' dir='ltr'>sorum</span> <span class='ocrx_word' id='word_1_146' title='bbox 336 2463 530 2528; x_wconf 91' lang='lat' dir='ltr'>nostrorum</span> <span class='ocrx_word' id='word_1_147' title='bbox 548 2455 639 2528; x_wconf 88' lang='lat' dir='ltr'>bone</span> <span class='ocrx_word' id='word_1_148' title='bbox 659 2457 824 2530; x_wconf 90' lang='lat' dir='ltr'>memorie</span> <span class='ocrx_word' id='word_1_149' title='bbox 846 2457 971 2530; x_wconf 90' lang='lat' dir='ltr'>melius</span> <span class='ocrx_word' id='word_1_150' title='bbox 988 2477 1143 2552; x_wconf 91' lang='lat' dir='ltr'>unquam</span> <span class='ocrx_word' id='word_1_151' title='bbox 1162 2455 1307 2528; x_wconf 88' lang='lat' dir='ltr'>ecclesia</span> <span class='ocrx_word' id='word_1_152' title='bbox 1327 2456 1401 2551; x_wconf 92' lang='lat' dir='ltr'>ipsa</span> <span class='ocrx_word' id='word_1_153' title='bbox 1416 2477 1480 2529; x_wconf 90' lang='lat' dir='ltr'>usa</span> <span class='ocrx_word' id='word_1_154' title='bbox 1493 2467 1561 2549; x_wconf 88' lang='lat' dir='ltr'>est,</span> <span class='ocrx_word' id='word_1_155' title='bbox 1581 2469 1617 2532; x_wconf 92' lang='lat' dir='ltr'>et</span> 
     </span>
     <span class='ocr_line' id='line_1_17' title="bbox 199 2578 1611 2678; baseline 0.004 -28"><span class='ocrx_word' id='word_1_156' title='bbox 199 2578 236 2650; x_wconf 95' lang='lat' dir='ltr'>in</span> <span class='ocrx_word' id='word_1_157' title='bbox 260 2579 453 2675; x_wconf 81' lang='lat' dir='ltr'>privilegiis</span> <span class='ocrx_word' id='word_1_158' title='bbox 471 2579 704 2676; x_wconf 90' lang='lat' dir='ltr'>predictorum</span> <span class='ocrx_word' id='word_1_159' title='bbox 727 2590 924 2654; x_wconf 89' lang='lat' dir='ltr'>nostrorum</span> <span class='ocrx_word' id='word_1_160' title='bbox 944 2581 1227 2678; x_wconf 86' lang='lat' dir='ltr'>predecessorum</span> <span class='ocrx_word' id='word_1_161' title='bbox 1245 2581 1383 2676; x_wconf 85' lang='lat' dir='ltr'>plenius</span> <span class='ocrx_word' id='word_1_162' title='bbox 1405 2583 1611 2656; x_wconf 88' lang='lat' dir='ltr'>continetur.</span> 
     </span>
     <span class='ocr_line' id='line_1_18' title="bbox 198 2705 1615 2782; baseline 0.003 -4"><span class='ocrx_word' id='word_1_163' title='bbox 198 2705 370 2778; x_wconf 85' lang='lat' dir='ltr'>Volumus</span> <span class='ocrx_word' id='word_1_164' title='bbox 390 2705 493 2778; x_wconf 90' lang='lat' dir='ltr'>etiam</span> <span class='ocrx_word' id='word_1_165' title='bbox 515 2715 552 2778; x_wconf 89' lang='lat' dir='ltr'>et</span> <span class='ocrx_word' id='word_1_166' title='bbox 569 2707 776 2780; x_wconf 90' lang='lat' dir='ltr'>mandamus</span> <span class='ocrx_word' id='word_1_167' title='bbox 798 2707 926 2782; x_wconf 91' lang='lat' dir='ltr'>dictam</span> <span class='ocrx_word' id='word_1_168' title='bbox 948 2707 1129 2780; x_wconf 88' lang='lat' dir='ltr'>ecclesiam</span> <span class='ocrx_word' id='word_1_169' title='bbox 1152 2708 1198 2780; x_wconf 91' lang='lat' dir='ltr'>ab</span> <span class='ocrx_word' id='word_1_170' title='bbox 1215 2707 1310 2779; x_wconf 93' lang='lat' dir='ltr'>omni</span> <span class='ocrx_word' id='word_1_171' title='bbox 1334 2707 1516 2780; x_wconf 84' lang='lat' dir='ltr'>exactione</span> <span class='ocrx_word' id='word_1_172' title='bbox 1539 2729 1615 2782; x_wconf 88' lang='lat' dir='ltr'>esso</span> 
     </span>
     <span class='ocr_line' id='line_1_19' title="bbox 200 2827 1616 2933; baseline 0.005 -34"><span class='ocrx_word' id='word_1_173' title='bbox 200 2827 344 2902; x_wconf 90' lang='lat' dir='ltr'>liberam</span> <span class='ocrx_word' id='word_1_174' title='bbox 363 2839 398 2902; x_wconf 91' lang='lat' dir='ltr'>et</span> <span class='ocrx_word' id='word_1_175' title='bbox 414 2831 482 2902; x_wconf 91' lang='lat' dir='ltr'>sub</span> <span class='ocrx_word' id='word_1_176' title='bbox 495 2830 592 2926; x_wconf 79' lang='lat' dir='ltr'>regio</span> <span class='ocrx_word' id='word_1_177' title='bbox 609 2841 679 2904; x_wconf 87' lang='lat' dir='ltr'>tam</span> <span class='ocrx_word' id='word_1_178' title='bbox 696 2832 851 2906; x_wconf 91' lang='lat' dir='ltr'>dominio</span> <span class='ocrx_word' id='word_1_179' title='bbox 866 2854 972 2933; x_wconf 89' lang='lat' dir='ltr'>quum</span> <span class='ocrx_word' id='word_1_180' title='bbox 993 2833 1205 2928; x_wconf 91' lang='lat' dir='ltr'>protectione</span> <span class='ocrx_word' id='word_1_181' title='bbox 1221 2851 1397 2924; x_wconf 90' lang='lat' dir='ltr'>securam,</span> <span class='ocrx_word' id='word_1_182' title='bbox 1415 2839 1451 2906; x_wconf 91' lang='lat' dir='ltr'>et</span> <span class='ocrx_word' id='word_1_183' title='bbox 1465 2841 1505 2904; x_wconf 90' lang='lat' dir='ltr'>nt</span> <span class='ocrx_word' id='word_1_184' title='bbox 1520 2834 1616 2907; x_wconf 89' lang='lat' dir='ltr'>nulla</span> 
     </span>
     <span class='ocr_line' id='line_1_20' title="bbox 199 2953 1615 3053; baseline 0.004 -27"><span class='ocrx_word' id='word_1_185' title='bbox 199 2953 430 3028; x_wconf 88' lang='lat' dir='ltr'>ecclesiastica</span> <span class='ocrx_word' id='word_1_186' title='bbox 457 2955 534 3029; x_wconf 86' lang='lat' dir='ltr'>sive</span> <span class='ocrx_word' id='word_1_187' title='bbox 562 2957 694 3031; x_wconf 87' lang='lat' dir='ltr'>laicalis</span> <span class='ocrx_word' id='word_1_188' title='bbox 718 2979 864 3053; x_wconf 86' lang='lat' dir='ltr'>persona</span> <span class='ocrx_word' id='word_1_189' title='bbox 891 2957 1019 3032; x_wconf 88' lang='lat' dir='ltr'>audeat</span> <span class='ocrx_word' id='word_1_190' title='bbox 1046 2957 1158 3053; x_wconf 88' lang='lat' dir='ltr'>ipsam</span> <span class='ocrx_word' id='word_1_191' title='bbox 1186 2957 1370 3030; x_wconf 87' lang='lat' dir='ltr'>ecclesiam</span> <span class='ocrx_word' id='word_1_192' title='bbox 1396 2956 1615 3052; x_wconf 87' lang='lat' dir='ltr'>aliquatenus</span> 
     </span>
     <span class='ocr_line' id='line_1_21' title="bbox 200 3079 1617 3179; baseline 0.004 -29"><span class='ocrx_word' id='word_1_193' title='bbox 200 3079 399 3168; x_wconf 87' lang='lat' dir='ltr'>molestare,</span> <span class='ocrx_word' id='word_1_194' title='bbox 427 3079 492 3154; x_wconf 89' lang='lat' dir='ltr'>sed</span> <span class='ocrx_word' id='word_1_195' title='bbox 515 3082 676 3156; x_wconf 91' lang='lat' dir='ltr'>monachi</span> <span class='ocrx_word' id='word_1_196' title='bbox 703 3091 738 3155; x_wconf 91' lang='lat' dir='ltr'>et</span> <span class='ocrx_word' id='word_1_197' title='bbox 761 3083 882 3158; x_wconf 88' lang='lat' dir='ltr'>villani</span> <span class='ocrx_word' id='word_1_198' title='bbox 906 3083 1018 3179; x_wconf 89' lang='lat' dir='ltr'>ipsius</span> <span class='ocrx_word' id='word_1_199' title='bbox 1042 3081 1187 3156; x_wconf 89' lang='lat' dir='ltr'>ecclesie</span> <span class='ocrx_word' id='word_1_200' title='bbox 1211 3083 1248 3153; x_wconf 94' lang='lat' dir='ltr'>in</span> <span class='ocrx_word' id='word_1_201' title='bbox 1274 3083 1446 3179; x_wconf 86' lang='lat' dir='ltr'>presentie</span> <span class='ocrx_word' id='word_1_202' title='bbox 1469 3083 1617 3179; x_wconf 86' lang='lat' dir='ltr'>pastoris</span> 
     </span>
     <span class='ocr_line' id='line_1_22' title="bbox 196 3201 1618 3304; baseline 0.006 -30"><span class='ocrx_word' id='word_1_203' title='bbox 196 3201 416 3296; x_wconf 81' lang='lat' dir='ltr'>judicentur3</span> <span class='ocrx_word' id='word_1_204' title='bbox 437 3205 706 3281; x_wconf 88' lang='lat' dir='ltr'>archimandrita</span> <span class='ocrx_word' id='word_1_205' title='bbox 721 3229 861 3304; x_wconf 86' lang='lat' dir='ltr'>quoque</span> <span class='ocrx_word' id='word_1_206' title='bbox 876 3209 912 3280; x_wconf 93' lang='lat' dir='ltr'>in</span> <span class='ocrx_word' id='word_1_207' title='bbox 931 3217 1047 3281; x_wconf 92' lang='lat' dir='ltr'>nostra</span> <span class='ocrx_word' id='word_1_208' title='bbox 1064 3216 1198 3280; x_wconf 90' lang='lat' dir='ltr'>tantum</span> <span class='ocrx_word' id='word_1_209' title='bbox 1217 3209 1313 3282; x_wconf 88' lang='lat' dir='ltr'>curia</span> <span class='ocrx_word' id='word_1_210' title='bbox 1331 3218 1367 3280; x_wconf 90' lang='lat' dir='ltr'>et</span> <span class='ocrx_word' id='word_1_211' title='bbox 1381 3229 1452 3281; x_wconf 95' lang='lat' dir='ltr'>non</span> <span class='ocrx_word' id='word_1_212' title='bbox 1470 3210 1551 3281; x_wconf 88' lang='lat' dir='ltr'>alibi</span> <span class='ocrx_word' id='word_1_213' title='bbox 1573 3210 1618 3283; x_wconf 92' lang='lat' dir='ltr'>dc</span> 
     </span>
     <span class='ocr_line' id='line_1_23' title="bbox 200 3329 1615 3430; baseline 0.004 -30"><span class='ocrx_word' id='word_1_214' title='bbox 200 3329 362 3402; x_wconf 87' lang='lat' dir='ltr'>omnibus</span> <span class='ocrx_word' id='word_1_215' title='bbox 390 3333 632 3406; x_wconf 88' lang='lat' dir='ltr'>controversiis</span> <span class='ocrx_word' id='word_1_216' title='bbox 658 3333 784 3407; x_wconf 89' lang='lat' dir='ltr'>debeat</span> <span class='ocrx_word' id='word_1_217' title='bbox 799 3333 963 3430; x_wconf 87' lang='lat' dir='ltr'>judicari.</span> <span class='ocrx_word' id='word_1_218' title='bbox 982 3334 1052 3408; x_wconf 92' lang='lat' dir='ltr'>llos</span> <span class='ocrx_word' id='word_1_219' title='bbox 1066 3355 1207 3429; x_wconf 86' lang='lat' dir='ltr'>quoque</span> <span class='ocrx_word' id='word_1_220' title='bbox 1228 3335 1351 3428; x_wconf 91' lang='lat' dir='ltr'>prelati</span> <span class='ocrx_word' id='word_1_221' title='bbox 1373 3333 1615 3424; x_wconf 88' lang='lat' dir='ltr'>ecclesiarum,</span> 
     </span>
     <span class='ocr_line' id='line_1_24' title="bbox 201 3453 1619 3556; baseline 0.004 -30"><span class='ocrx_word' id='word_1_222' title='bbox 201 3453 357 3545; x_wconf 79' lang='lat' dir='ltr'>comites,</span> <span class='ocrx_word' id='word_1_223' title='bbox 375 3455 543 3547; x_wconf 86' lang='lat' dir='ltr'>barones,</span> <span class='ocrx_word' id='word_1_224' title='bbox 561 3458 700 3550; x_wconf 87' lang='lat' dir='ltr'>secreti,</span> <span class='ocrx_word' id='word_1_225' title='bbox 716 3459 875 3554; x_wconf 88' lang='lat' dir='ltr'>judices,</span> <span class='ocrx_word' id='word_1_226' title='bbox 895 3459 1088 3549; x_wconf 88' lang='lat' dir='ltr'>castellani,</span> <span class='ocrx_word' id='word_1_227' title='bbox 1108 3457 1217 3551; x_wconf 88' lang='lat' dir='ltr'>bajuli</span> <span class='ocrx_word' id='word_1_228' title='bbox 1234 3468 1304 3532; x_wconf 88' lang='lat' dir='ltr'>tam</span> <span class='ocrx_word' id='word_1_229' title='bbox 1318 3467 1494 3556; x_wconf 82' lang='lat' dir='ltr'>presentes</span> <span class='ocrx_word' id='word_1_230' title='bbox 1512 3481 1619 3554; x_wconf 89' lang='lat' dir='ltr'>quam</span> 
     </span>
     <span class='ocr_line' id='line_1_25' title="bbox 201 3578 1620 3678; baseline 0.006 -30"><span class='ocrx_word' id='word_1_231' title='bbox 201 3578 309 3650; x_wconf 85' lang='lat' dir='ltr'>luturi</span> <span class='ocrx_word' id='word_1_232' title='bbox 334 3579 489 3675; x_wconf 90' lang='lat' dir='ltr'>predicto</span> <span class='ocrx_word' id='word_1_233' title='bbox 511 3583 656 3656; x_wconf 88' lang='lat' dir='ltr'>ecclesie</span> <span class='ocrx_word' id='word_1_234' title='bbox 678 3585 809 3657; x_wconf 91' lang='lat' dir='ltr'>nullam</span> <span class='ocrx_word' id='word_1_235' title='bbox 830 3585 992 3678; x_wconf 87' lang='lat' dir='ltr'>injuriam</span> <span class='ocrx_word' id='word_1_236' title='bbox 1017 3585 1074 3656; x_wconf 90' lang='lat' dir='ltr'>vel</span> <span class='ocrx_word' id='word_1_237' title='bbox 1099 3583 1292 3657; x_wconf 89' lang='lat' dir='ltr'>molestiam</span> <span class='ocrx_word' id='word_1_238' title='bbox 1317 3584 1472 3658; x_wconf 83' lang='lat' dir='ltr'>inieratis</span> <span class='ocrx_word' id='word_1_239' title='bbox 1494 3585 1551 3658; x_wconf 80' lang='lat' dir='ltr'>vel</span> <span class='ocrx_word' id='word_1_240' title='bbox 1574 3585 1620 3657; x_wconf 89' lang='lat' dir='ltr'>ab</span> 
     </span>
     <span class='ocr_line' id='line_1_26' title="bbox 202 3703 1620 3802; baseline 0.004 -28"><span class='ocrx_word' id='word_1_241' title='bbox 202 3703 319 3796; x_wconf 87' lang='lat' dir='ltr'>aliquo</span> <span class='ocrx_word' id='word_1_242' title='bbox 344 3706 547 3800; x_wconf 89' lang='lat' dir='ltr'>permittatis</span> <span class='ocrx_word' id='word_1_243' title='bbox 577 3708 719 3798; x_wconf 83' lang='lat' dir='ltr'>inferri,</span> <span class='ocrx_word' id='word_1_244' title='bbox 749 3711 812 3784; x_wconf 91' lang='lat' dir='ltr'>sed</span> <span class='ocrx_word' id='word_1_245' title='bbox 836 3709 939 3783; x_wconf 89' lang='lat' dir='ltr'>etiam</span> <span class='ocrx_word' id='word_1_246' title='bbox 967 3707 1219 3783; x_wconf 88' lang='lat' dir='ltr'>manuteneatis</span> <span class='ocrx_word' id='word_1_247' title='bbox 1243 3718 1277 3780; x_wconf 89' lang='lat' dir='ltr'>et</span> <span class='ocrx_word' id='word_1_248' title='bbox 1301 3707 1475 3802; x_wconf 87' lang='lat' dir='ltr'>adjuvetis</span> <span class='ocrx_word' id='word_1_249' title='bbox 1497 3731 1557 3784; x_wconf 94' lang='lat' dir='ltr'>eos</span> <span class='ocrx_word' id='word_1_250' title='bbox 1583 3710 1620 3782; x_wconf 92' lang='lat' dir='ltr'>in</span> 
     </span>
     <span class='ocr_line' id='line_1_27' title="bbox 201 3828 1622 3928; baseline 0.007 -30"><span class='ocrx_word' id='word_1_251' title='bbox 201 3828 364 3902; x_wconf 89' lang='lat' dir='ltr'>omnibus</span> <span class='ocrx_word' id='word_1_252' title='bbox 376 3831 568 3905; x_wconf 87' lang='lat' dir='ltr'>rationibus</span> <span class='ocrx_word' id='word_1_253' title='bbox 583 3842 619 3906; x_wconf 94' lang='lat' dir='ltr'>et</span> <span class='ocrx_word' id='word_1_254' title='bbox 626 3834 775 3927; x_wconf 77' lang='lat' dir='ltr'>Justiciis</span> <span class='ocrx_word' id='word_1_255' title='bbox 791 3834 884 3926; x_wconf 69' lang='lat' dir='ltr'>suis,</span> <span class='ocrx_word' id='word_1_256' title='bbox 902 3833 1022 3907; x_wconf 87' lang='lat' dir='ltr'>scituri</span> <span class='ocrx_word' id='word_1_257' title='bbox 1037 3834 1134 3928; x_wconf 89' lang='lat' dir='ltr'>qnod</span> <span class='ocrx_word' id='word_1_258' title='bbox 1149 3834 1179 3906; x_wconf 90' lang='lat' dir='ltr'>si</span> <span class='ocrx_word' id='word_1_259' title='bbox 1194 3835 1320 3928; x_wconf 90' lang='lat' dir='ltr'>aliquis</span> <span class='ocrx_word' id='word_1_260' title='bbox 1336 3843 1488 3907; x_wconf 88' lang='lat' dir='ltr'>vestrum</span> <span class='ocrx_word' id='word_1_261' title='bbox 1503 3845 1622 3908; x_wconf 87' lang='lat' dir='ltr'>contra</span> 
     </span>
     <span class='ocr_line' id='line_1_28' title="bbox 201 3953 1620 4054; baseline 0.006 -31"><span class='ocrx_word' id='word_1_262' title='bbox 201 3953 406 4026; x_wconf 91' lang='lat' dir='ltr'>mandatum</span> <span class='ocrx_word' id='word_1_263' title='bbox 424 3965 581 4029; x_wconf 89' lang='lat' dir='ltr'>nostrum</span> <span class='ocrx_word' id='word_1_264' title='bbox 602 3958 715 4054; x_wconf 85' lang='lat' dir='ltr'>ipsam</span> <span class='ocrx_word' id='word_1_265' title='bbox 734 3958 915 4032; x_wconf 83' lang='lat' dir='ltr'>ecclesiam</span> <span class='ocrx_word' id='word_1_266' title='bbox 934 3958 970 4030; x_wconf 93' lang='lat' dir='ltr'>in</span> <span class='ocrx_word' id='word_1_267' title='bbox 986 3958 1142 4053; x_wconf 90' lang='lat' dir='ltr'>quolibet</span> <span class='ocrx_word' id='word_1_268' title='bbox 1158 3959 1337 4030; x_wconf 85' lang='lat' dir='ltr'>molestare</span> <span class='ocrx_word' id='word_1_269' title='bbox 1354 3959 1620 4054; x_wconf 88' lang='lat' dir='ltr'>presumpserit,</span> 
     </span>
     <span class='ocr_line' id='line_1_29' title="bbox 201 4076 1622 4175; baseline 0.005 -27"><span class='ocrx_word' id='word_1_270' title='bbox 201 4076 480 4172; x_wconf 79' lang='lat' dir='ltr'>indignationem</span> <span class='ocrx_word' id='word_1_271' title='bbox 509 4091 626 4156; x_wconf 82' lang='lat' dir='ltr'>nostre</span> <span class='ocrx_word' id='word_1_272' title='bbox 653 4083 841 4175; x_wconf 91' lang='lat' dir='ltr'>majestatis</span> <span class='ocrx_word' id='word_1_273' title='bbox 868 4084 1032 4156; x_wconf 91' lang='lat' dir='ltr'>incurret.</span> <span class='ocrx_word' id='word_1_274' title='bbox 1054 4081 1109 4155; x_wconf 82' lang='lat' dir='ltr'>Ad</span> <span class='ocrx_word' id='word_1_275' title='bbox 1131 4081 1238 4173; x_wconf 88' lang='lat' dir='ltr'>hujus</span> <span class='ocrx_word' id='word_1_276' title='bbox 1257 4089 1372 4155; x_wconf 87' lang='lat' dir='ltr'>autem</span> <span class='ocrx_word' id='word_1_277' title='bbox 1396 4090 1512 4155; x_wconf 74' lang='lat' dir='ltr'>nosue</span> <span class='ocrx_word' id='word_1_278' title='bbox 1538 4103 1622 4155; x_wconf 91' lang='lat' dir='ltr'>con·</span> 
     </span>
     <span class='ocr_line' id='line_1_30' title="bbox 199 4202 1622 4304; baseline 0.005 -30"><span class='ocrx_word' id='word_1_279' title='bbox 199 4202 367 4276; x_wconf 73' lang='lat' dir='ltr'>cessionis</span> <span class='ocrx_word' id='word_1_280' title='bbox 389 4214 424 4278; x_wconf 90' lang='lat' dir='ltr'>et</span> <span class='ocrx_word' id='word_1_281' title='bbox 447 4205 717 4281; x_wconf 86' lang='lat' dir='ltr'>confirmationis</span> <span class='ocrx_word' id='word_1_282' title='bbox 741 4207 943 4282; x_wconf 87' lang='lat' dir='ltr'>memorium</span> <span class='ocrx_word' id='word_1_283' title='bbox 967 4217 1002 4281; x_wconf 90' lang='lat' dir='ltr'>st</span> <span class='ocrx_word' id='word_1_284' title='bbox 1018 4206 1220 4279; x_wconf 86' lang='lat' dir='ltr'>inviolabile</span> <span class='ocrx_word' id='word_1_285' title='bbox 1239 4205 1514 4295; x_wconf 87' lang='lat' dir='ltr'>firmamentum,</span> <span class='ocrx_word' id='word_1_286' title='bbox 1540 4227 1622 4304; x_wconf 84' lang='lat' dir='ltr'>pre-</span> 
     </span>
     <span class='ocr_line' id='line_1_31' title="bbox 199 4327 1621 4426; baseline 0.006 -30"><span class='ocrx_word' id='word_1_287' title='bbox 199 4345 281 4397; x_wconf 87' lang='lat' dir='ltr'>sens</span> <span class='ocrx_word' id='word_1_288' title='bbox 301 4327 526 4423; x_wconf 79' lang='lat' dir='ltr'>privilegium</span> <span class='ocrx_word' id='word_1_289' title='bbox 540 4351 602 4426; x_wconf 90' lang='lat' dir='ltr'>per</span> <span class='ocrx_word' id='word_1_290' title='bbox 619 4353 745 4406; x_wconf 90' lang='lat' dir='ltr'>manus</span> <span class='ocrx_word' id='word_1_291' title='bbox 757 4331 997 4406; x_wconf 82' lang='lat' dir='ltr'>lionihominis</span> <span class='ocrx_word' id='word_1_292' title='bbox 1010 4331 1056 4405; x_wconf 88' lang='lat' dir='ltr'>dc</span> <span class='ocrx_word' id='word_1_293' title='bbox 1068 4329 1187 4404; x_wconf 86' lang='lat' dir='ltr'>Gaieta</span> <span class='ocrx_word' id='word_1_294' title='bbox 1200 4329 1325 4404; x_wconf 91' lang='lat' dir='ltr'>notarii</span> <span class='ocrx_word' id='word_1_295' title='bbox 1336 4341 1372 4403; x_wconf 89' lang='lat' dir='ltr'>et</span> <span class='ocrx_word' id='word_1_296' title='bbox 1389 4328 1504 4404; x_wconf 86' lang='lat' dir='ltr'>fidelis</span> <span class='ocrx_word' id='word_1_297' title='bbox 1513 4331 1621 4404; x_wconf 92' lang='lat' dir='ltr'>nostri</span> 
     </span>
     <span class='ocr_line' id='line_1_32' title="bbox 206 4448 1621 4555; baseline 0.004 -33"><span class='ocrx_word' id='word_1_298' title='bbox 206 4448 351 4548; x_wconf 88' lang='lat' dir='ltr'>[scribi]</span> <span class='ocrx_word' id='word_1_299' title='bbox 371 4460 405 4527; x_wconf 89' lang='lat' dir='ltr'>et</span> <span class='ocrx_word' id='word_1_300' title='bbox 422 4455 609 4548; x_wconf 81' lang='lat' dir='ltr'>majestatis</span> <span class='ocrx_word' id='word_1_301' title='bbox 625 4467 742 4532; x_wconf 91' lang='lat' dir='ltr'>nostre</span> <span class='ocrx_word' id='word_1_302' title='bbox 760 4459 874 4553; x_wconf 78' lang='lat' dir='ltr'>sigillo</span> <span class='ocrx_word' id='word_1_303' title='bbox 894 4457 1111 4555; x_wconf 86' lang='lat' dir='ltr'>precepimus</span> <span class='ocrx_word' id='word_1_304' title='bbox 1132 4455 1354 4547; x_wconf 90' lang='lat' dir='ltr'>communiri,</span> <span class='ocrx_word' id='word_1_305' title='bbox 1374 4476 1479 4544; x_wconf 91' lang='lat' dir='ltr'>anno,</span> <span class='ocrx_word' id='word_1_306' title='bbox 1502 4475 1621 4529; x_wconf 90' lang='lat' dir='ltr'>mense</span> 
     </span>
    </p>
   </div>
   <div class='ocr_carea' id='block_1_3' title="bbox 242 4712 698 4797">
    <p class='ocr_par' dir='ltr' id='par_1_3' title="bbox 242 4712 698 4797">
     <span class='ocr_line' id='line_1_33' title="bbox 242 4712 698 4797; baseline 0.018 -23"><span class='ocrx_word' id='word_1_307' title='bbox 242 4712 282 4796; x_wconf 83' lang='lat' dir='ltr'>(a)</span> <span class='ocrx_word' id='word_1_308' title='bbox 304 4717 353 4779; x_wconf 87' lang='lat' dir='ltr'>Slc</span> <span class='ocrx_word' id='word_1_309' title='bbox 366 4737 373 4774; x_wconf 93' lang='lat'><strong>:</strong></span> <span class='ocrx_word' id='word_1_310' title='bbox 387 4715 487 4780; x_wconf 77' lang='lat' dir='ltr'>iorstn</span> <span class='ocrx_word' id='word_1_311' title='bbox 500 4733 553 4797; x_wconf 80' lang='lat' dir='ltr'>pro</span> <span class='ocrx_word' id='word_1_312' title='bbox 566 4715 698 4782; x_wconf 73' lang='lat' dir='ltr'>villam.</span> 
     </span>
    </p>
   </div>
   <div class='ocr_carea' id='block_1_4' title="bbox 0 0 2168 5892">
    <p class='ocr_par' dir='ltr' id='par_1_4' title="bbox 0 0 2168 5892">
     <span class='ocr_line' id='line_1_34' title="bbox 0 0 2168 5892; baseline 0 0"><span class='ocrx_word' id='word_1_313' title='bbox 0 0 2168 5892; x_wconf 95' lang='lat' dir='ltr'> </span> 
     </span>
    </p>
   </div>
  </div>
 </body>
</html>
