4368 5876
555 522 612 582 rao
1049 522 1264 587 rurnnnrcr
1289 525 1461 588 sncnunr
1773 529 1853 606 [ab.
1874 527 1957 589 1221.

552 653 602 734 ad
621 659 763 736 statum
788 678 866 763 quo
891 651 1047 737 fuerunt
1069 655 1272 740 oblationis
1289 668 1477 770 tempore,
1497 657 1727 741 confirmans
1745 659 1868 741 eidem
1889 685 1959 740 ar·-

552 784 791 894 cbiepiscopo
818 784 884 895 jus
916 787 1042 870 curiae
1074 797 1111 870 et
1136 789 1357 873 hominibus
1384 789 1467 899 ejus
1493 791 1739 900 angariarum
1775 790 1962 873 immuni-

551 928 660 1002 lates.

633 1145 724 1224 (Edlt.
741 1160 791 1222 ap.
805 1145 917 1217 Lnnno,
931 1145 1057 1206 baeu.
1072 1141 1121 1206 del
1132 1143 1197 1206 roal
1209 1145 1314 1227 tempto
1326 1165 1341 1208 c
1354 1153 1478 1210 munst.
1497 1144 1530 1206 di
1546 1143 1691 1208 blcncnlc
1704 1163 1760 1208 oon
1773 1147 1801 1208 le
1813 1163 1959 1208 osoervm.

672 1251 702 1312 dl
717 1250 859 1324 Grunrcu,
876 1250 989 1324 Notio,
1004 1269 1034 1330 p.
1051 1261 1100 1324 tl,
1120 1262 1154 1314 n·
1167 1255 1221 1327 xl,
1234 1271 1271 1314 ex
1289 1255 1358 1315 coll.
1369 1255 1451 1316 areb.
1467 1253 1603 1328 Amald„
1615 1255 1650 1316 P.
1662 1254 1687 1326 l,
1699 1253 1831 1331 prlvlleg
1849 1254 1959 1328 XXVI,

671 1374 701 1434 p.
719 1366 756 1418 49
772 1363 861 1428 retro,
877 1363 956 1418 etex
969 1358 1031 1418 dut.
1052 1359 1151 1436 prlvll.
1167 1359 1264 1432 xv11‚
1279 1377 1309 1438 p.
1327 1369 1363 1420 tu
1375 1367 1463 1421 retro.
1479 1360 1569 1420 Extat
1583 1376 1701 1437 quoque
1714 1362 1745 1420 ln
1758 1376 1845 1437 opere
1858 1361 1907 1420 cul
1920 1362 1960 1420 tl·

674 1463 755 1524 tulus
771 1480 779 1521 ι
795 1463 921 1544 Rapicui
928 1481 985 1543 per
997 1465 1045 1522 cui
1062 1462 1228 1526 dimostrari
1247 1463 1433 1528 taratrum
1451 1474 1599 1547 stampato
1620 1468 1654 1526 iu
1672 1473 1770 1547 questo
1785 1483 1865 1526 anuo
1885 1475 1959 1528 1759

670 1586 759 1629 arere
775 1567 915 1649 apom'so,
931 1577 989 1631 etc.
1003 1570 1143 1645 Docum„
1154 1579 1188 1631 n⁰
1202 1575 1264 1648 8².)
1757 1601 1760 1607 ·

597 1777 800 1852 Fredericns
825 1777 885 1847 Dei
912 1776 1021 1868 gratia
1044 1777 1274 1848 Romanorum
1301 1775 1487 1872 imperator
1513 1786 1547 1849 et
1571 1799 1707 1872 semper
1730 1785 1901 1871 angustus
1927 1785 1961 1848 et

551 1925 614 1976 rex
626 1901 753 1992 Sicilie,
770 1899 909 1995 prelatis
924 1899 1158 1990 ecclesiarum,
1180 1899 1379 1993 comitibus,
1397 1900 1604 1993 baronibus,
1618 1901 1834 1994 justiciariis,
1851 1923 1961 1974 came·

550 2025 666 2116 uariis,
687 2023 895 2112 castellanis,
918 2023 1044 2117 bajulis
1062 2033 1097 2096 et
1116 2023 1288 2097 universis
1306 2047 1367 2120 per
1381 2045 1527 2116 regnum
1544 2025 1659 2099 Sicilie
1673 2025 1866 2097 constitutis
1882 2045 1960 2118 gra·

550 2151 631 2225 tiam
647 2171 745 2222 suam
764 2157 799 2220 et
812 2148 940 2222 bonam
954 2149 1178 2222 voluntatem.
1196 2148 1304 2221 Carus
1321 2149 1529 2222 venerabilis
1543 2150 1668 2222 Montis
1680 2150 1817 2240 Regalis
1830 2149 1962 2222 arcbie·

549 2276 713 2373 piscopns
735 2271 882 2346 dilectus
903 2273 1080 2345 familiaris
1105 2283 1140 2345 et
1162 2271 1272 2346 fidelis
1297 2283 1413 2347 noster
1434 2274 1637 2348 excellentie
1657 2281 1773 2346 nostre
1795 2293 1857 2368 per
1881 2293 1962 2345 snas

548 2401 678 2472 litteras
700 2407 735 2471 et
756 2398 918 2470 nuntium
938 2397 1128 2470 declaravit
1149 2397 1246 2492 qnod
1267 2419 1347 2470 cnm
1376 2399 1531 2471 nonnulli
1558 2397 1714 2470 homines
1736 2397 1834 2491 regni
1856 2395 1961 2469 nostri

550 2537 701 2621 tempore
721 2524 811 2618 regis
826 2522 998 2594 Gnillelmi
1015 2521 1196 2596 recolende
1213 2522 1378 2596 memorie
1392 2533 1427 2596 et
1443 2523 1546 2596 etiam
1564 2531 1643 2616 post
1656 2522 1835 2595 decessum
1853 2521 1962 2614 ipsius

548 2649 735 2723 obtulerint
753 2670 791 2720 se
811 2647 954 2720 ecclesie
975 2669 1037 2719 sne
1059 2646 1185 2720 Montis
1200 2646 1339 2737 Regalis
1356 2668 1436 2719 cum
1454 2646 1617 2718 omnibus
1638 2646 1742 2719 rebus
1764 2654 1799 2718 et
1819 2665 1962 2740 pusses-

549 2771 705 2846 siouibus
728 2771 820 2864 suis,
851 2771 917 2866 ipsi
944 2779 1062 2844 contra
1084 2771 1292 2844 oblationem
1315 2772 1439 2844 factam
1464 2771 1607 2844 ecclesie
1630 2770 1828 2866 supradicte
1854 2777 1961 2842 retra·

549 2899 670 2970 beutes
696 2916 734 2968 se
758 2917 839 2999 cum
868 2895 972 2966 rebus
999 2903 1033 2968 et
1059 2895 1334 2990 possessionibus
1362 2895 1435 2968 suis
1462 2895 1508 2969 ad
1537 2895 1678 2967 ulterius
1703 2916 1742 2967 se
1768 2894 1961 2966 dominium

551 3020 787 3109 contulerunt,
809 3027 948 3113 propter
968 3018 1066 3114 quod
1081 3021 1160 3114 jura
1181 3030 1216 3092 et
1237 3020 1386 3093 rationes
1409 3019 1520 3116 ipsius
1543 3019 1686 3092 ecclesie
1711 3027 1904 3092 noscuntur
1925 3018 1960 3089 in

550 3144 708 3242 pluribus
725 3141 914 3232 diminute3
935 3141 1033 3212 multi
1051 3142 1153 3215 etiam
1168 3141 1213 3214 de
1230 3143 1366 3214 villanis
1383 3144 1545 3216 casalium
1560 3163 1631 3238 que
1644 3141 1839 3216 obedientie
1853 3142 1962 3239 ipsine

550 3268 693 3344 ecclesie
707 3288 769 3361 per
786 3287 932 3360 regnum
950 3275 1103 3338 nostrum
1123 3267 1250 3340 babere
1268 3277 1456 3340 noscuntur
1470 3275 1609 3363 propter
1627 3268 1854 3340 turbationem
1875 3277 1962 3339 tem-

551 3393 644 3490 poris
667 3390 715 3464 ad
735 3391 880 3462 aliorum
904 3389 1097 3462 dominium
1123 3391 1368 3484 convolarunt;
1396 3391 1471 3486 ipse
1492 3413 1634 3486 quoque
1655 3391 1869 3482 obedientie,
1898 3390 1960 3462 bo·

550 3518 661 3590 mines
684 3525 718 3589 et
739 3515 830 3586 bona
852 3535 971 3586 eorum
996 3524 1113 3587 eontra
1133 3515 1354 3610 privilegium
1376 3516 1500 3587 llontis
1517 3517 1653 3610 Regalis
1672 3516 1815 3589 ecclesie
1833 3516 1961 3588 moles-

549 3651 664 3714 tantur
688 3639 723 3710 in
742 3637 878 3728 multis3
899 3638 1098 3733 supplicans
1121 3640 1284 3710 attentius
1307 3639 1476 3741 majestati
1497 3649 1612 3712 nostre
1632 3650 1671 3712 nt
1688 3640 1799 3713 bonos
1821 3661 1906 3712 usus
1927 3648 1962 3712 et

549 3760 817 3838 consuetudines
838 3783 926 3856 quas
945 3770 1095 3857 tempore
1116 3763 1262 3858 predicti
1278 3763 1370 3856 regis
1389 3763 1561 3836 Gnilielmi
1575 3765 1696 3838 eadem
1712 3764 1855 3837 ecclesia
1878 3785 1961 3837 con·

549 3888 662 3962 suevit
682 3885 827 3977 babere,
851 3885 1016 3980 predictis
1036 3885 1243 3960 obedientiis
1262 3887 1334 3960 suis
1355 3884 1579 3982 dignaremur
1597 3887 1776 3965 observari
1797 3896 1962 3984 perpetue

449 4069 450 4072 ,
549 4023 584 4088 et
598 4012 694 4108 quod
716 4009 835 4083 villani
853 4009 909 4081 sui
926 4019 961 4083 et
976 4009 1079 4086 oblati
1095 4011 1166 4104 jam
1186 4011 1270 4084 dicti
1289 4011 1336 4084 ad
1354 4033 1458 4088 suum
1474 4021 1510 4084 et
1523 4013 1668 4086 ecclesie
1687 4033 1752 4085 sue
1768 4010 1961 4085 dominium

549 4137 595 4210 de
622 4143 738 4208 nostra
762 4132 902 4206 licentia
930 4136 1216 4224 revoc[ur]entur.
1244 4135 1314 4206 Nos
1340 4144 1454 4208 antem
1480 4136 1661 4232 petitiones
1689 4136 1800 4232 ipsius
1823 4135 1961 4208 archie-

549 4259 682 4356 piscopi
711 4256 896 4352 benignius
924 4256 1144 4330 admittentes
1171 4267 1205 4331 et
1231 4258 1315 4353 quia
1339 4259 1419 4351 jura
1447 4262 1591 4334 ecclesie
1615 4241 1814 4356 supradicte
1841 4259 1960 4355 augeri

549 4383 790 4480 potiusquam
814 4379 924 4452 minui
947 4391 1189 4477 peroptamus,
1209 4367 1365 4455 fidelitati
1390 4393 1503 4457 vestre
1523 4387 1729 4459 mandamus
1752 4393 1787 4457 et
1807 4384 1962 4457 districte

549 4505 758 4602 precipimus
775 4513 946 4597 quatenus
973 4504 1185 4599 ubicumque
1206 4528 1268 4601 per
1296 4529 1441 4600 regnum
1465 4499 1619 4582 nostru'm
1641 4509 1774 4605 priores
1798 4507 1961 4581 obedien·

552 4631 676 4702 tiarum
690 4627 815 4701 Montis
830 4625 967 4719 Regalis
984 4629 1041 4701 vel
1063 4650 1183 4702 eorum
1202 4629 1313 4702 nuntii
1333 4631 1394 4725 qui
1410 4633 1455 4704 ab
1468 4633 1520 4705 eis
1534 4633 1728 4730 specialiter
1742 4641 1882 4729 propter
1895 4631 1961 4706 boc
