4436 5870
302 495 400 556 horor.
417 494 461 574 9.]
752 493 950 555 HISTORIA
975 491 1267 554 banottttttctt.
1696 491 1718 550 5

302 639 417 704 sentes
444 639 483 701 nt
508 629 601 702 bona
627 628 749 700 talium
769 627 999 702 confiscentur
1020 651 1086 702 nec
1099 627 1146 701 ad
1168 649 1227 700 eos
1247 626 1391 698 ulterius
1407 635 1642 716 revertantur,
1669 627 1715 698 ita

302 753 400 850 qnod
424 751 487 826 lilii
504 753 550 826 ad
573 754 827 827 successionem
847 775 968 827 corum
990 753 1171 850 pervenire
1193 773 1262 824 non
1284 751 1433 847 possint,
1453 771 1534 822 cum
1551 752 1654 844 longe
1671 751 1715 822 sit

303 877 447 974 gravius
474 885 628 950 sternam
655 900 759 972 qnam
790 880 1012 974 temporalem
1041 877 1216 950 offendere
1245 877 1470 968 majestatem.
1501 875 1568 959 Qui
1600 884 1715 948 antem

305 1001 438 1077 inventi
451 1001 579 1076 suerint
597 1003 669 1076 sola
684 1003 882 1099 suspicione
895 1003 1077 1093 notabiles,
1095 1001 1161 1073 nisi
1179 1000 1225 1073 ad
1236 1002 1439 1075 mandatnm
1452 1000 1714 1092 Ecclesiejuxta

304 1126 613 1200 considerationem
644 1127 852 1223 suspicionis
876 1127 1147 1221 qualitatemque
1174 1147 1320 1220 persone
1350 1127 1523 1220 propriam
1550 1125 1713 1199 innocen·

303 1251 383 1324 tiam
406 1271 559 1345 congrua
584 1251 791 1348 purgatione
814 1253 1100 1338 monstraverint,
1126 1261 1292 1347 tanquam
1316 1252 1462 1324 infames
1473 1261 1508 1322 et
1520 1251 1653 1324 banniti
1670 1251 1715 1323 ab

302 1375 465 1447 omnibns
481 1376 686 1449 habeantur.
707 1376 756 1448 lta
769 1375 867 1470 quod
881 1377 911 1449 si
925 1376 975 1448 sic
992 1397 1055 1471 por
1074 1397 1204 1449 annum
1222 1374 1486 1472 permanserint,
1502 1396 1550 1445 ex
1561 1383 1645 1446 tunc
1656 1395 1715 1447 cos

302 1496 393 1570 sicut
405 1497 573 1570 hereticos
588 1499 895 1595 condempnemus.

354 1622 389 1692 6.
418 1621 608 1694 Statuimus
624 1622 730 1697 etiam
753 1624 820 1695 hoc
836 1622 950 1696 edicto
967 1623 1004 1694 in
1023 1631 1231 1718 perpetuum
1251 1621 1399 1693 valituro
1416 1629 1456 1692 nt
1481 1629 1665 1716 potestates
1682 1631 1717 1694 et

305 1747 464 1818 consules
474 1769 537 1818 seu
549 1755 697 1820 rectores
707 1747 987 1842 quibuscumque
1000 1748 1188 1840 longantur
1202 1744 1324 1819 officiis
1337 1767 1400 1841 pro
1414 1744 1614 1819 defensione
1632 1745 1715 1819 fidei

305 1878 457 1964 prestent
475 1871 613 1966 publice
635 1873 870 1964 juramentum
894 1871 990 1966 quod
1014 1870 1059 1943 de
1082 1872 1181 1942 terris
1211 1891 1274 1941 sue
1297 1867 1528 1962 jurisdictioni
1551 1869 1716 1961 subjectis

305 1994 487 2068 universos
505 1995 673 2070 hereticos
694 1996 740 2068 ab
760 1995 904 2068 ecclesia
925 1995 1104 2068 denotatos
1122 1993 1215 2068 bona
1234 1992 1305 2065 tide
1322 2015 1385 2088 pro
1403 1993 1539 2066 viribus
1554 1995 1717 2067 extermi-

305 2138 389 2192 nare
404 2119 612 2212 studebunt,
627 2119 677 2192 ita
688 2117 926 2214 qnod-amodo
939 2117 1231 2212 quandocumque
1248 2117 1329 2212 quis
1343 2119 1446 2190 luent
1461 2119 1496 2189 in
1514 2127 1716 2213 potestatem

305 2251 508 2339 perpetuam
523 2245 581 2318 vel
602 2245 823 2340 temporalem
840 2252 1039 2339 assumptos
1057 2243 1123 2315 hoc
1139 2251 1296 2314 teneatur
1315 2243 1506 2337 capitulum
1521 2244 1716 2336 juramento

303 2363 452 2440 firmare.
469 2367 632 2463 Alioquin
650 2389 764 2463 neque
781 2390 844 2463 pro
860 2367 1087 2464 potestatibus
1102 2389 1216 2461 nequa
1228 2388 1292 2463 pro
1307 2367 1507 2440 oonsulibus
1522 2368 1716 2470 habeantur

304 2511 495 2587 eorumque
516 2492 702 2566 sententias
719 2515 766 2566 ex
789 2502 871 2566 tunc
890 2493 1109 2568 decernimus
1135 2492 1248 2564 irritas
1272 2501 1306 2563 et
1330 2491 1462 2564 inanes.
1486 2493 1521 2565 Si
1544 2514 1626 2566 vero
1651 2494 1715 2568 do-

304 2616 421 2688 minus
439 2618 635 2713 temporalis
648 2616 834 2712 requisitus
848 2628 883 2690 et
901 2616 1053 2690 monitus
1068 2618 1113 2690 ab
1128 2616 1281 2689 Ecclesia
1298 2627 1423 2688 terram
1443 2637 1541 2688 suam
1564 2641 1714 2713 purgare

305 2741 496 2834 neglexerit
505 2739 551 2814 ab
561 2741 712 2815 heretica
722 2743 903 2837 pravitate,
915 2751 993 2838 post
1005 2763 1135 2815 annum
1149 2765 1169 2814 a
1184 2751 1337 2837 tempore
1348 2741 1545 2815 monitionis
1557 2743 1712 2839 elapsum

303 2874 428 2937 terram
454 2866 565 2961 ipsius
590 2868 799 2963 exponimus
828 2868 1006 2941 catholicis
1022 2865 1261 2962 occupandam
1285 2865 1346 2960 qui
1375 2887 1452 2938 eam
1477 2869 1714 2941 exterminatis

303 2987 462 3062 hereticis
486 2989 619 3084 absque
643 2991 712 3062 ulla
733 2992 1003 3065 contradictione
1029 2991 1227 3086 possideant
1246 3000 1281 3062 et
1299 2991 1336 3061 in
1358 2989 1440 3062 fidei
1463 2991 1612 3086 puritate
1633 3013 1715 3066 con·

303 3122 457 3204 servent,
488 3115 586 3186 salvo
611 3115 692 3206 jure
719 3114 850 3188 domini
882 3117 1100 3212 principalis,
1131 3115 1324 3189 dummodo
1347 3137 1452 3211 super
1480 3115 1548 3190 hoc
1578 3119 1712 3191 nullum

301 3245 429 3332 prestet
451 3237 669 3312 obstaculum
691 3261 755 3312 nec
779 3240 923 3334 aliquod
948 3240 1234 3336 impedimentum
1256 3248 1429 3336 opponat,
1460 3240 1582 3313 eadem
1603 3241 1713 3314 nichi-

300 3362 452 3435 lominus
465 3363 542 3456 lege
557 3373 691 3436 servata
709 3372 826 3438 contra
839 3387 899 3438 eos
914 3365 976 3458 qni
991 3387 1060 3438 non
1079 3365 1207 3438 habant
1222 3364 1382 3437 dominos
1400 3364 1617 3460 principales.
1634 3365 1713 3440 Cre·

300 3485 419 3558 dentes
434 3495 600 3582 preterea,
613 3498 852 3584 receptatores,
865 3491 1063 3564 defensores
1075 3498 1110 3562 et
1124 3489 1274 3562 lautores
1288 3488 1514 3562 hereticorum
1528 3490 1714 3565 bannimus

297 3607 440 3683 firmiter
460 3620 649 3686 statuentes
669 3622 721 3704 ut,
742 3613 771 3686 si
792 3623 976 3708 postquam
999 3613 1146 3708 quilibet
1170 3613 1288 3685 talium
1313 3614 1415 3686 luerit
1431 3616 1712 3689 excommnnica-

296 3731 388 3806 tione
401 3743 559 3822 notatus,
580 3736 779 3810 satisfacere
799 3737 1041 3832 contempserit
1053 3737 1142 3810 inira
1159 3759 1304 3829 annum,
1323 3759 1370 3810 ex
1385 3747 1468 3810 tunc
1482 3736 1559 3833 ipso
1572 3741 1652 3832 jura
1666 3741 1712 3812 sit

294 3855 405 3930 iactus
418 3859 557 3933 infamis
574 3882 639 3933 nec
654 3860 701 3933 ad
720 3861 862 3956 publica
875 3861 988 3934 officia
1006 3882 1068 3934 sen
1084 3860 1227 3933 consilia
1244 3861 1300 3933 vel
1315 3860 1362 3935 ad
1379 3860 1559 3955 eligendos
1576 3863 1710 3956 aliquos

294 3979 341 4053 ad
356 3980 588 4079 hujusmodi(
611 3983 647 4081 ')
669 4005 733 4058 nec
756 3985 803 4058 ad
826 3984 1058 4057 testimoninm
1082 3983 1293 4057 admittatur.
1313 3983 1364 4056 Sit
1380 3983 1484 4056 etiam
1507 3984 1710 4058 inmotabilis

295 4112 334 4176 nt
360 4127 424 4178 nec
450 4108 645 4181 testamenti
668 4108 812 4182 liberam
835 4108 961 4181 habeat
988 4107 1170 4182 factionem
1197 4128 1260 4179 nec
1281 4107 1328 4179 ad
1349 4106 1548 4179 hereditatis
1572 4130 1710 4181 succes·

293 4229 425 4303 sionem
450 4231 604 4306 accedat.
624 4232 747 4304 Nullus
769 4232 801 4304 oi
824 4242 979 4328 preterea
1004 4255 1110 4328 super
1126 4252 1348 4327 quocumque
1369 4230 1527 4324 negotio,
1547 4231 1608 4304 sed
1633 4235 1708 4329 ipse

292 4352 370 4426 aliis
399 4357 608 4452 respondere
635 4366 790 4451 cogatur.
816 4357 973 4442 Quodsi
998 4358 1084 4430 sorte
1104 4357 1218 4448 judex
1241 4355 1411 4446 extiterit,
1439 4355 1514 4447 ejus
1539 4359 1707 4431 sententia

293 4479 424 4553 nullam
448 4481 602 4578 optineat
622 4481 818 4555 firmitatem
837 4504 902 4556 nec
929 4503 1034 4554 cansa
1051 4481 1167 4575 alique
1185 4481 1232 4554 ad
1257 4481 1333 4574 ejus
1358 4479 1569 4554 audientiam
1594 4483 1708 4578 perle-

293 4611 426 4676 rantur.
450 4603 485 4676 Si
508 4605 612 4678 inerit
630 4604 841 4700 advocatus,
866 4607 942 4698 ejus
962 4605 1191 4700 patrocinium
1214 4606 1411 4680 nullatenus
1435 4603 1648 4678 admittatur.
1670 4605 1707 4678 Si
