4298 5898
207 615 303 676 huten
323 611 383 690 ta]
655 607 851 670 HISTORIA
875 605 1168 670 utstottatmt.
1556 607 1616 667 413

206 748 431 822 nihilominus
445 765 506 842 per
521 745 725 839 apostolicas
742 745 870 818 litteras
892 747 938 821 de
955 768 1051 819 mora
1067 745 1103 816 in
1121 742 1189 815 illis
1205 740 1360 837 partibus
1382 739 1539 813 iacienda
1554 763 1617 837 pro

206 873 323 946 Crucis
339 869 478 965 negotio
494 866 731 965 promovendo
753 869 897 965 expedit
913 869 1070 942 animari.
1091 868 1177 941 Nam
1195 887 1351 940 recessus
1366 865 1461 957 ejus,
1481 873 1517 937 et
1536 887 1619 960 pre-

206 997 309 1094 cipue
335 995 365 1070 si
389 993 435 1070 ad
460 993 701 1066 ultramarinas
726 1001 839 1088 partes
862 995 978 1067 lutura
1004 1001 1113 1066 estate
1139 991 1230 1063 sicut
1254 989 1359 1062 habet
1383 989 1419 1060 in
1441 989 1618 1086 proposito

207 1122 449 1206 transfretaret,
469 1120 618 1191 multum
634 1117 826 1192 diffidentie
840 1129 876 1192 et
894 1117 1183 1192 incommoditatis
1200 1115 1335 1189 afferret
1348 1136 1431 1211 erga
1451 1114 1618 1210 obsequia

206 1245 382 1319 Crucifixi.
414 1243 654 1317 commisimus
675 1245 778 1317 etiam
805 1245 838 1317 ei
863 1267 924 1341 per
949 1253 1104 1341 patentes
1128 1243 1243 1316 literas
1270 1250 1403 1313 nostras
1433 1249 1472 1313 ut
1499 1261 1619 1314 omues

206 1392 296 1465 quos
316 1368 483 1443 inducere
504 1369 629 1466 poterit
651 1368 697 1443 ad
716 1371 817 1442 Terre
836 1371 961 1443 Sancte
983 1369 1161 1463 negotium
1180 1375 1412 1463 opportunos,
1437 1365 1619 1460 diligenter

208 1495 350 1569 inducat
373 1503 407 1567 et
429 1503 499 1568 tam
523 1495 771 1589 crucesignatis
792 1515 898 1589 quam
920 1504 955 1568 et
974 1493 1153 1588 signandis
1177 1514 1222 1564 ex
1245 1499 1342 1588 parte
1362 1499 1477 1564 nostra
1499 1511 1620 1564 secure

208 1620 381 1715 promittat
402 1619 622 1715 passagium,
645 1619 777 1694 victum
798 1629 832 1692 et
856 1641 1075 1716 quecumque
1097 1616 1289 1692 necessaria
1312 1616 1349 1688 in
1374 1636 1481 1710 regno
1504 1623 1620 1688 nostro

208 1744 355 1838 singulis
377 1743 536 1838 largiflue
560 1744 800 1818 ministranda.
826 1745 914 1818 Ecce
940 1744 1103 1842 quidem,
1130 1751 1170 1814 ut
1188 1741 1311 1814 Oriens
1337 1749 1429 1813 totus
1455 1750 1619 1835 agnoscat

208 1867 304 1964 quod
322 1867 637 1942 incommutabilem
651 1869 804 1963 gerimus
817 1870 1029 1943 voluntatem
1043 1867 1250 1964 promissum
1266 1863 1528 1939 consummandi
1542 1886 1621 1938 ma-

209 1991 406 2065 trimonium
433 2000 469 2065 et
490 2013 578 2065 onus
606 1993 698 2065 illius
727 2002 816 2067 terre
844 1994 935 2066 sicut
958 1994 1151 2089 recepimus
1176 1991 1358 2064 efficaciter
1389 1989 1616 2088 procurandi,

207 2117 372 2190 Iacobum
393 2117 628 2190 venerabilem
648 2119 848 2192 Paetensem
866 2119 1088 2214 episcopum,
1112 2116 1276 2192 dilectum
1300 2114 1438 2188 fidelem
1458 2125 1493 2188 et
1514 2115 1619 2187 iami-

209 2242 326 2315 liarem
344 2251 516 2332 nostrum,
535 2243 571 2315 in
586 2245 747 2340 passagio
764 2245 924 2341 proximo
940 2245 1048 2316 futuri
1070 2243 1182 2316 martii
1201 2241 1295 2337 apud
1310 2240 1424 2315 Acoon
1439 2240 1619 2338 disposui-

209 2389 287 2438 mus
303 2366 489 2458 destinare‚
509 2367 571 2464 qui
588 2389 795 2443 consensum
813 2369 883 2444 filie
898 2371 989 2465 regis
1006 2369 1133 2459 lutura,
1153 2367 1259 2440 dante
1274 2367 1432 2459 Domino,
1453 2368 1620 2440 consortis

210 2500 323 2566 nostre
346 2495 449 2586 juxta
475 2492 725 2568 ordinationem
747 2505 898 2569 vestram
922 2516 1036 2568 coram
1065 2493 1232 2588 delegatis
1259 2492 1383 2566 vestris
1409 2491 1562 2586 inquirat
1586 2502 1620 2566 et

209 2615 346 2704 audiat,
367 2628 469 2713 prout
486 2619 684 2692 solemnitas
703 2619 813 2714 exigit
838 2619 1042 2713 conjugalis.
1061 2618 1133 2691 Erit
1153 2619 1271 2714 itaque
1293 2615 1482 2689 sanctitatis
1507 2625 1621 2689 vestre

209 2763 272 2839 per
288 2741 544 2831 alemanniam,
562 2743 747 2838 Ungariam
768 2752 802 2817 et
818 2765 924 2838 regna
946 2743 1109 2837 finitima,
1128 2764 1262 2816 necnon
1278 2743 1315 2814 in
1333 2742 1529 2831 Franciam,
1546 2742 1620 2814 An·

209 2867 314 2959 gliam
329 2875 364 2940 et
377 2877 506 2942 ceteras
519 2875 634 2964 partes
647 2867 741 2942 orbis
758 2877 828 2942 tam
842 2867 1051 2942 sufficientes
1066 2878 1100 2942 et
1118 2868 1261 2968 idoneas
1278 2867 1438 2962 delegare
1454 2889 1618 2963 personas

209 3001 244 3064 et
265 2991 323 3066 illa
340 2992 525 3088 prestando
544 2991 756 3066 remissionis
776 3003 810 3065 et
828 2991 1042 3088 induigentia
1063 2993 1265 3067 auctoritate
1285 2993 1457 3086 munitas,
1480 3015 1550 3088 que
1572 2993 1619 3067 ad

209 3114 328 3187 Crucis
345 3116 522 3207 negotium
541 3114 816 3211 promovendum
835 3114 949 3189 audiri
968 3115 1119 3190 debeant
1139 3126 1174 3189 et
1191 3117 1316 3190 timeri.
1334 3117 1500 3212 Legatum
1514 3117 1618 3192 etiam

208 3239 393 3335 specialem
413 3261 476 3336 pro
499 3250 620 3335 treuga
641 3240 730 3314 inter
748 3242 956 3314 Francorum
974 3251 1009 3314 et
1029 3239 1222 3334 Anglorum
1242 3263 1339 3336 reges
1358 3242 1534 3317 tractanda
1553 3267 1621 3341 pa-

208 3363 292 3435 riter
313 3371 349 3436 et
367 3361 536 3439 firmanda
559 3363 751 3459 dignemini
773 3366 965 3456 destinare,
982 3388 1054 3461 quo
1071 3366 1164 3440 licite
1184 3365 1317 3463 possint
1339 3374 1374 3440 et
1395 3376 1469 3440 tute
1490 3369 1620 3440 strenui

208 3486 442 3582 predictorum
465 3489 533 3564 viri
558 3511 743 3584 regnorum
770 3489 815 3564 ad
838 3491 898 3563 Dei
926 3490 1106 3564 servitium
1125 3513 1163 3564 se
1185 3491 1359 3577 conterre;
1385 3491 1496 3565 taliter
1517 3513 1622 3587 super

210 3612 332 3685 ceteris
352 3613 624 3686 circumstanciis
648 3613 778 3709 negotii
800 3614 983 3710 providere
1005 3614 1188 3708 dignantes
1207 3614 1303 3710 quod
1330 3615 1465 3690 desidia
1486 3618 1543 3689 vel
1568 3638 1623 3689 re·

209 3736 315 3810 missa
333 3738 543 3832 negligentia
566 3739 720 3835 quelibet
741 3739 832 3811 siout
856 3739 1021 3810 hactenus
1047 3760 1117 3811 non
1134 3747 1287 3830 notetur,
1313 3741 1397 3835 quia
1422 3762 1486 3814 nos
1504 3741 1621 3837 quoad

208 3868 359 3934 nestram
376 3870 508 3958 spectat
528 3872 563 3936 et
581 3862 717 3959 imperii
732 3861 999 3935 sollicitudinem
1016 3884 1077 3959 per
1092 3863 1252 3936 affectum
1274 3872 1309 3937 et
1326 3865 1486 3938 effectum
1505 3875 1621 3939 osten·

209 3985 327 4060 dimus
343 3987 523 4061 evidenter
540 3987 688 4083 qualiter
709 3995 843 4061 tantum
866 3986 1030 4082 perficere
1049 3988 1227 4082 negotium
1249 3988 1490 4082 intendamus,
1511 3991 1574 4062 celi
1591 3997 1626 4064 et

210 4121 300 4183 terre
319 4131 424 4207 super
448 4112 514 4185 hoc
538 4113 771 4186 testimonium
794 4111 958 4185 habituri.
986 4111 1144 4186 Ceterum
1167 4134 1238 4209 que
1260 4111 1373 4187 dictus
1394 4115 1558 4209 magister
1578 4137 1624 4188 ex

210 4245 308 4331 parta
328 4245 443 4309 nostra
466 4247 577 4311 vestre
599 4237 771 4311 sanctitati
793 4245 961 4334 proponet
985 4236 1127 4310 firmiter
1148 4237 1288 4312 credere
1310 4236 1486 4330 debeatis,
1504 4239 1626 4331 injun-

209 4367 331 4456 gentes
349 4363 572 4436 nihilominus
591 4363 624 4436 ei
645 4371 683 4436 ut
707 4364 896 4456 injunctam
914 4363 982 4436 sibi
999 4365 1083 4436 tanti
1102 4364 1306 4459 legationem
1330 4365 1458 4460 negotii
1477 4385 1625 4461 propen-

210 4483 286 4557 sius
302 4495 509 4580 exequatur.

260 4610 387 4682 Datum
405 4610 567 4706 Cathena,
584 4613 615 4686 V
632 4611 689 4692 die
702 4612 828 4705 martii,
847 4609 1052 4686 duodecime
1068 4613 1280 4688 indictionis.
