4368 5876
525 597 583 659 138
1026 595 1237 660 rslbsslcl
1264 597 1441 660 secubet
1752 598 1833 676 [Arra.
1851 596 1938 661 ml.

521 743 641 831 emolu
669 731 836 806 Altissimi
861 742 958 828 grata
985 731 1162 830 potissime
1186 746 1387 831 reputamus
1415 755 1486 829 que
1514 733 1669 808 ecclesiis
1693 741 1729 808 et
1754 732 1839 807 locis
1868 735 1941 808 Deo

521 859 645 934 dicatis
662 857 809 932 Domino
831 858 1020 954 inspirante
1038 858 1216 951 largimur.
1236 859 1285 932 Ec
1307 869 1444 957 propter
1463 867 1582 933 notum
1605 859 1751 933 iacimus
1768 858 1940 932 universis

521 983 656 1079 imperii
680 982 841 1058 fidelibus
861 993 931 1056 tam
951 985 1167 1078 presentibus
1181 1007 1287 1079 mam
1306 985 1430 1058 latoris
1445 983 1541 1080 quod
1560 1004 1624 1057 nos
1644 983 1860 1057 attendentes
1875 1005 1940 1079 pu·

521 1129 595 1181 ram
610 1106 715 1183 iidem
731 1117 767 1181 et
777 1108 946 1180 sinceram
963 1108 1184 1182 devotionem
1197 1131 1304 1204 quam
1321 1109 1507 1206 budoycus
1519 1109 1730 1182 venerabilis
1746 1109 1855 1182 abbas
1870 1129 1942 1182 mo·

522 1233 662 1306 uasterii
687 1233 903 1306 Favarieusis
924 1241 961 1305 et
981 1241 1174 1307 conventus
1196 1234 1354 1328 ejusdem
1375 1234 1423 1308 ad
1443 1243 1593 1308 nostram
1614 1233 1855 1308 excellentiam
1878 1234 1939 1307 ba·

520 1357 672 1431 buerunt
688 1355 835 1431 fideliter
853 1368 888 1431 et
906 1357 1044 1449 devote,
1065 1359 1322 1432 considerantes
1338 1381 1480 1454 quoque
1496 1357 1617 1433 diviua
1636 1359 1805 1454 obsequia
1820 1381 1890 1454 que
1903 1359 1940 1431 in

519 1483 643 1555 eodem
660 1482 868 1556 monasterio
883 1483 955 1555 Deo
969 1481 1100 1578 jugiter
1121 1483 1370 1576 ministrantur,
1386 1505 1450 1579 pro
1469 1481 1626 1556 remedio
1643 1482 1758 1556 anime
1772 1491 1887 1556 uoslm
1899 1503 1942 1558 ac

521 1607 682 1680 divorum
703 1617 930 1702 augustorum
949 1617 1130 1703 parentum
1156 1619 1371 1701 nostrorum,
1393 1608 1508 1704 ipsum
1535 1608 1714 1699 abbatem,
1732 1617 1940 1680 conventum

519 1741 555 1805 et
571 1733 752 1806 ecclesiam
769 1755 867 1805 suam
889 1733 926 1804 iu
945 1733 1102 1828 personis
1119 1754 1161 1806 ac
1178 1733 1282 1806 rebus
1297 1755 1379 1806 cum
1398 1733 1492 1806 omui
1504 1734 1600 1826 jure,
1625 1731 1843 1823 bominibus,
1860 1754 1940 1828 pos·

520 1857 749 1949 sessionibus,
767 1857 859 1930 villis
877 1867 913 1930 et
932 1879 1011 1930 cum
1030 1857 1195 1931 omnibus
1211 1858 1285 1931 suis
1304 1858 1519 1953 pertinentiis
1541 1866 1577 1930 et
1592 1857 1695 1931 bonis
1716 1855 1753 1928 iu
1768 1855 1941 1951 integrum

521 1989 591 2054 tam
614 1981 801 2054 mobilibus
815 2003 921 2075 quam
941 1982 1176 2054 immobilibus
1194 2002 1267 2076 que
1286 2004 1381 2055 nuuc
1399 1985 1493 2076 juste
1514 1991 1549 2055 et
1567 1980 1815 2054 rationabiliter
1830 1981 1940 2076 possi·

522 2102 607 2178 dent
621 2113 727 2200 atque
748 2105 784 2176 iu
804 2113 981 2202 posterum
998 2114 1170 2201 prestante
1191 2106 1340 2179 Domino
1361 2114 1523 2202 poterunt
1539 2107 1635 2200 justo
1655 2105 1754 2178 tilulo
1773 2103 1936 2199 adipisci,

522 2230 590 2303 sub
611 2230 751 2325 speciali
771 2231 979 2326 pmlectione
997 2238 1032 2304 et
1056 2230 1257 2304 defensioue
1279 2241 1395 2305 nostre
1414 2231 1608 2326 recepimus
1627 2229 1833 2323 majestatis,
1855 2229 1940 2302 libe·

521 2363 638 2427 rantes
655 2364 690 2426 et
708 2355 901 2428 eximentes
921 2355 1032 2449 ipsam
1054 2355 1233 2428 ecclesiam
1254 2377 1302 2429 ex
1324 2365 1416 2428 certa
1438 2355 1583 2428 scientia
1602 2353 1649 2426 de
1669 2352 1811 2448 speciali
1830 2353 1940 2448 gratia

521 2488 638 2554 nostra
652 2480 698 2552 ab
713 2480 808 2553 omui
818 2479 1059 2573 jurisdictione
1073 2489 1292 2575 patronatus,
1312 2479 1495 2554 advocatie
1515 2501 1578 2552 seu
1599 2477 1784 2571 cuiuslibet
1804 2477 1940 2570 subjec-

521 2602 625 2677 tionis
652 2605 846 2699 officiique,
868 2605 1062 2700 specialiter
1086 2614 1202 2678 sutem
1225 2605 1271 2678 ab
1293 2605 1454 2679 Heinrico
1475 2605 1521 2679 de
1540 2606 1633 2678 Saxo
1654 2613 1688 2677 et
1707 2603 1849 2676 Alberto
1870 2601 1940 2676 tilio

519 2749 585 2802 suo
602 2736 638 2801 et
655 2728 842 2803 heredibus
864 2730 1065 2803 eorumdem
1085 2729 1121 2800 in
1142 2739 1369 2825 perpetuum
1389 2737 1423 2803 et
1436 2729 1546 2826 ipsam
1562 2751 1643 2802 cum
1660 2729 1823 2802 omnibus
1839 2727 1941 2802 bouis

520 2855 594 2926 suis
613 2854 661 2927 ad
681 2854 863 2948 specialem
884 2865 1034 2927 nostram
1055 2854 1292 2928 defensionem
1311 2865 1445 2928 tantum
1467 2853 1678 2928 assumimus
1697 2853 1799 2928 uobis
1815 2861 1851 2926 et
1871 2853 1939 2926 im·

520 2976 616 3073 perio
633 2987 799 3072 perpetuo
818 2978 1050 3068 retinendam,
1069 3001 1139 3052 nou
1159 2979 1317 3053 obstante
1331 2980 1552 3052 concessione
1575 2979 1620 3052 ab
1635 2977 1713 3052 aliis
1728 2979 1820 3054 edita
1842 2977 1898 3052 vel
1917 3000 1940 3051 a

520 3101 622 3174 uobis
639 3123 745 3196 quam
766 3105 907 3177 omuino
927 3126 1103 3177 cassamus
1125 3114 1161 3177 et
1181 3103 1402 3178 deceruimus
1424 3104 1563 3200 penitus
1582 3125 1653 3176 uon
1676 3103 1798 3178 teneri.
1815 3103 1859 3174 Et
1875 3101 1940 3176 bec

522 3226 639 3299 omnia
666 3227 730 3300 tibi
759 3228 898 3319 abbati,
921 3229 1106 3326 Ludcyce,
1134 3231 1273 3326 tuisque
1302 3229 1560 3302 successoribus
1581 3229 1675 3320 juste
1710 3237 1745 3302 et
1775 3226 1941 3301 canonice

520 3351 685 3424 institutis
709 3373 754 3426 ex
776 3364 867 3427 certa
893 3355 1035 3428 scientia
1058 3355 1282 3429 concedimus
1303 3364 1337 3428 et
1358 3353 1528 3451 imperiali
1549 3353 1752 3426 auctoritate
1773 3358 1940 3448 perpetuo

520 3473 780 3564 confirmamus,
800 3487 989 3552 statuentes
1007 3489 1041 3552 et
1059 3453 1201 3552 firmiter
1219 3478 1448 3575 precipientes
1467 3486 1506 3548 ut
1523 3477 1568 3551 de
1587 3485 1701 3550 cetero
1717 3477 1833 3548 nullus
1847 3476 1937 3569 dux,

519 3601 636 3672 nullus
652 3603 817 3696 marchio,
834 3603 950 3676 nudus
968 3625 1095 3694 comes,
1116 3605 1323 3696 vicecomes,
1341 3603 1544 3699 capitaneus
1558 3621 1620 3674 seu
1636 3601 1784 3696 quilibet
1798 3610 1940 3674 exactor

520 3720 566 3795 de
587 3723 672 3818 ipsis
692 3747 834 3798 causam
856 3736 988 3820 teneat,
1003 3730 1063 3821 jus
1084 3727 1178 3800 dicat
1199 3730 1254 3800 vel
1277 3749 1315 3800 se
1338 3727 1555 3821 aliquatenus
1577 3725 1796 3818 intromittat,
1816 3725 1881 3800 sed
1902 3727 1937 3797 in

519 3849 681 3921 omuibus
700 3859 735 3922 et
758 3872 819 3946 per
841 3851 957 3924 omniu
982 3850 1138 3948 predicta
1158 3852 1227 3925 sint
1249 3862 1436 3925 memorato
1459 3849 1576 3926 abbati
1598 3849 1742 3944 suisque
1761 3869 1939 3922 successo·

518 3975 617 4048 ribus
631 3975 802 4072 imperiali
815 3974 930 4050 edicto
947 3985 1112 4074 perpetuo
1126 3974 1338 4068 confirmata,
1354 3976 1444 4048 sicut
1458 3977 1494 4047 iu
1510 3996 1573 4048 sue
1589 3975 1733 4048 ecclesie
1748 3972 1941 4070 privilegiis

520 4099 674 4172 noscitur
691 4100 830 4196 plenius
843 4101 1023 4175 contineri.
1045 4102 1080 4174 Si
1098 4101 1177 4198 quis
1194 4113 1307 4174 autem
1323 4111 1443 4174 contra
1456 4100 1561 4194 hujus
1573 4108 1689 4172 nostre
1702 4099 1936 4194 protectionis,

520 4223 751 4295 concessionis
772 4231 807 4296 et
823 4223 1091 4299 confirmationis
1114 4225 1278 4321 paginam
1297 4224 1419 4298 venire
1439 4223 1702 4320 presumpserit,
1723 4221 1941 4317 indignatio-

520 4367 601 4419 nem
616 4356 768 4420 nostram
788 4369 826 4420 se
846 4349 981 4422 noverit
999 4349 1151 4443 graviter
1167 4349 1388 4421 incursurum
1409 4358 1444 4422 ot
1460 4367 1524 4444 pro
1548 4367 1639 4443 pena
1660 4366 1725 4420 sue
1741 4345 1941 4419 temeritatis

521 4479 660 4544 cautum
678 4469 785 4544 librae
800 4472 877 4545 auri
896 4473 1017 4570 optimi
1034 4475 1246 4566 soluturum,
1264 4473 1484 4547 medietatem
1498 4470 1640 4566 quidem
1658 4491 1794 4546 camere
1809 4479 1937 4560 nostre,

521 4595 626 4670 alitam
641 4595 859 4670 medietatem
874 4598 986 4693 passis
1001 4599 1176 4692 injuriam.

570 4719 683 4812 Hujus
704 4720 755 4793 rei
778 4731 882 4796 testes
903 4734 987 4796 sunt
1002 4724 1136 4797 Olricus
1157 4723 1371 4798 Pataviensis
1395 4723 1599 4820 episcopus,
1616 4717 1779 4796 ailbertus
1794 4717 1940 4792 iriden-
