4292 5894
226 521 324 584 nnn.
344 522 405 600 ll.]
673 519 871 582 HISTORIA
897 519 1189 584 nrrnonarlca
1579 519 1638 582 369

226 657 285 730 alii
299 655 537 730 communitati
550 677 613 730 eeu
627 656 731 729 otiam
746 657 850 730 alicui
869 679 1014 754 persone
1027 657 1151 730 humili
1168 657 1225 729 vel
1242 659 1324 748 alte,
1342 657 1488 730 seculari
1509 659 1567 731 vol
1580 679 1637 732 ec·

225 780 434 871 clericatos,
458 781 549 854 hanc
572 790 686 854 nostre
710 781 940 855 concessionis
966 791 1001 855 et
1027 782 1194 855 libertatis
1218 790 1254 854 et
1281 781 1548 856 confirmationis
1575 805 1636 858 seu

227 906 447 1002 protectionis
472 906 635 1001 paginam
660 906 847 1001 infringere
865 908 922 980 vel
942 907 979 979 in
997 907 1113 1002 aliquo
1133 907 1275 980 violare.
1301 907 1404 993 Quod
1425 909 1639 1003 quicumque

229 1030 340 1104 locere
355 1029 620 1126 presumpserit,
636 1030 891 1126 qninquaginta
906 1031 1011 1103 libres
1023 1031 1097 1104 euri
1118 1053 1180 1128 pro
1198 1053 1287 1126 pena
1300 1042 1500 1127 componat,
1519 1045 1554 1104 et
1566 1054 1639 1106 rne-

228 1153 402 1228 ducem
415 1174 550 1228 camere
566 1163 682 1227 nostre
695 1162 730 1228 et
745 1155 912 1248 reliquam
926 1154 1145 1230 medietatem
1159 1155 1319 1248 injuriam
1336 1177 1450 1250 passo.
1466 1154 1521 1228 Ad
1538 1157 1641 1248 cujus

230 1279 281 1350 rei
293 1275 523 1370 evidentiam,
538 1278 644 1352 robur
656 1285 691 1351 et
701 1280 901 1352 memoriam
914 1288 1107 1374 presentem
1116 1281 1279 1375 paginam
1290 1280 1462 1353 conscribi
1472 1282 1640 1374 Jussimns

231 1411 267 1476 et
278 1403 393 1498 sigillo
410 1403 598 1496 meJ‘eslatis
615 1413 730 1476 nostre
743 1403 961 1476 communiri.

278 1527 390 1619 Hujus
411 1527 460 1600 rei
486 1537 590 1600 testea
618 1535 701 1600 eunt
726 1526 887 1600 Nicolans
913 1526 1119 1601 Tarentinus
1142 1523 1440 1624 archiepiscopus,
1469 1527 1643 1603 lohannes

231 1650 340 1724 abbas
363 1652 563 1739 Casemarii,
586 1651 787 1748 lleynaldus
808 1651 885 1724 dux
902 1653 1047 1748 Spoleti,
1071 1651 1261 1726 Riccardue
1286 1651 1495 1725 camerarius
1520 1663 1556 1726 et
1583 1653 1642 1726 alii

231 1777 465 1872 quamplures.

281 1901 426 1996 Signum
453 1901 585 1974 domini
609 1901 780 1975 Frederici
801 1901 864 1974 Ilei
888 1901 997 1996 gratia
1016 1899 1231 1974 invictissimi
1248 1901 1478 1974 Romanomm
1498 1901 1646 1997 impera

235 2025 316 2098 toris
333 2035 370 2100 et
383 2027 477 2120 regis
492 2027 618 2100 Sicilie.
636 2024 932 2122 (Moaoprommo.)

282 2150 368 2224 Aeta
388 2160 471 2224 sunt
487 2151 554 2226 hoc
570 2172 662 2225 anno
685 2149 858 2224 dominice
879 2148 1122 2224 incarnationis
1138 2148 1355 2241 MCCXXlll,
1374 2169 1492 2222 mense
1514 2148 1641 2242 madii,

235 2275 424 2350 indictione
436 2277 502 2365 Xl,
521 2275 711 2371 imperante
724 2275 866 2349 domino
879 2285 996 2348 nostro
1012 2274 1194 2348 Frederico
1211 2273 1274 2346 Dei
1292 2273 1402 2368 gratia
1413 2273 1645 2346 llomanorum

236 2401 439 2495 imperatore
460 2408 610 2494 augusto
629 2408 665 2472 et
684 2419 765 2493 rege
781 2398 913 2490 Sicilie,
932 2419 1025 2472 anno
1040 2397 1185 2471 Romani
1204 2396 1340 2492 imperii
1356 2395 1433 2488 ejus
1453 2397 1526 2485 111⁰,
1546 2397 1645 2492 regni

236 2547 318 2599 vero
335 2524 449 2598 Sicilie
461 2525 581 2611 XXW,
599 2524 755 2598 feliciter.
772 2523 895 2596 Ama.

283 2651 409 2724 Dolum
427 2649 563 2723 Cotroni
578 2646 641 2745 (a),
660 2668 752 2722 enno
771 2658 806 2722 et
823 2668 942 2721 mense
955 2655 990 2722 el
1006 2644 1196 2723 indictione
1208 2645 1429 2743 supradictis.

289 3273 524 3379 Fridericus,
551 3273 812 3357 Romanorum
843 3272 1067 3382 imperator,
1085 3271 1159 3355 sub
1179 3271 1411 3380 protectione
1433 3296 1504 3356 sua
1519 3271 1652 3380 recipit
1718 3303 1818 3403 Ἥ,

239 3407 486 3494 Guillelmum
504 3405 682 3490 abbatem
699 3406 827 3489 Sancti
850 3405 955 3489 Petri
980 3407 1029 3510 de
1049 3403 1320 3514 MontemeJ'ore
1333 3403 1444 3515 juxte
1460 3405 1652 3488 Arelatem
1793 3389 1800 3405 '

238 3567 327 3624 cum
348 3539 431 3651 ejus
454 3539 706 3646 monasterio,
725 3565 936 3650 omnesque
964 3539 1222 3650 possessiones
1243 3547 1282 3622 et
1302 3538 1525 3623 donationes
1548 3562 1650 3621 con-

237 3673 368 3757 firmat
381 3699 548 3784 querum
561 3674 786 3784 praecipuae
799 3671 1137 3784 inhooprivilegio
1150 3681 1407 3756 recensentur.

318 3913 446 3994 (laedit.
462 3931 513 3994 ap.
527 3916 727 3989 Gnanmron,
739 3914 850 3977 Reor.
866 3920 991 3977 mcmt.
1007 3913 1043 3976 S.
1056 3913 1141 3976 Petri
1158 3913 1349 3992 ummo„
1364 3912 1418 3975 lol.
1435 3921 1492 3976 ate
1506 3920 1537 3975 ct
1549 3929 1648 3992 oeqq„

357 4020 443 4086 MSS.
457 4024 490 4084 ln
507 4021 582 4084 blbl.
596 4023 781 4098 anenno)

288 4238 327 4309 ln
349 4237 490 4312 nomino
516 4247 634 4312 sancte
651 4247 686 4312 et
706 4201 892 4312 individue
916 4236 1101 4310 Trinitatis.
1126 4235 1319 4311 Friderioue
1336 4237 1513 4312 secundus
1528 4238 1650 4313 divine

239 4363 379 4436 terente
392 4361 572 4436 clementie
587 4364 820 4436 aomanorum
834 4362 1032 4457 imperator,
1051 4381 1186 4456 semper
1201 4369 1371 4456 augustus
1384 4370 1417 4434 ot
1433 4382 1498 4435 rex
1513 4362 1646 4456 Sicilie,

252 4561 257 4568 ·
278 4539 321 4617 (a)
338 4539 419 4601 Malo
429 4539 568 4603 eerlbltnr
584 4539 708 4603 Canon.
722 4541 756 4602 ln
768 4541 854 4619 eopla
863 4539 1011 4619 prlvllegll
1020 4538 1116 4602 Caroli
1130 4539 1243 4618 quurtl,
1257 4544 1288 4601 et
1304 4543 1389 4621 pejus
1402 4541 1491 4605 etlam
1506 4541 1649 4606 eoronam

203 4645 518 4728 ,epnotaequeum
1467 4671 1470 4677 ’

340 4753 382 4814 11.
1455 4769 1493 4823 47
