4292 5894
1054 562 1262 626 FllllllllllCl
1288 564 1461 627 account

776 859 1724 878 *w

340 1145 520 1246 „3ng
602 1135 838 1241 Fridericus,
867 1135 1126 1221 Romanorum
1156 1139 1377 1248 imperator,
1403 1140 1453 1223 ad
1488 1125 1802 1250 supplicationem
1837 1144 1951 1228 Laudi

368 1254 488 1352 'tlttt
547 1267 684 1377 prioris
702 1270 920 1352 monasterii
940 1270 1067 1354 Sancti
1085 1270 1276 1355 Laurentii
1291 1274 1339 1356 de
1357 1273 1516 1377 Aversa,
1537 1285 1694 1358 renouat
1707 1286 1745 1358 et
1757 1277 1951 1360 coufirmat

547 1400 787 1512 privilegium
809 1403 932 1486 eidem
954 1405 1183 1489 monasterio
1205 1431 1229 1488 a
1251 1407 1348 1490 duce
1369 1406 1531 1518 Rogerio
1558 1433 1660 1492 anuo
1693 1409 1796 1492 1092
1828 1437 1952 1494 mense

548 1535 650 1618 maio
667 1535 883 1644 indultum,
902 1537 943 1619 in
961 1563 1039 1648 quo
1056 1539 1186 1622 omnia
1200 1538 1289 1649 jura
1306 1549 1344 1623 et
1360 1539 1619 1650 possessiones
1631 1553 1841 1626 conventus
1857 1543 1951 1653 ejus·

547 1669 636 1752 dem
654 1669 823 1752 seriatim
840 1671 1117 1780 exprimuntur.

626 1885 742 1960 (lnedlt.
760 1902 798 1946 ex
811 1887 981 1964 authentico
994 1887 1153 1964 exemplari
1167 1888 1198 1946 lu
1212 1886 1333 1948 arcblro
1350 1903 1411 1969 rog.
1429 1887 1461 1950 S.
1476 1887 1608 1950 Sevoelm
1621 1887 1700 1968 apud
1715 1887 1894 1966 Neapolim)

594 2070 633 2142 ln
650 2071 788 2144 nomine
805 2080 923 2144 sancte
937 2081 971 2145 et
984 2070 1167 2146 individue
1180 2071 1365 2146 Trinitatis.
1382 2073 1583 2148 Fredericus
1597 2073 1717 2147 divina
1735 2075 1877 2147 tarenta
1890 2075 1953 2146 cle·

547 2193 1954 2290 mentiullomanorumimpcrator,semperaugustusetrexSicilie.Siadecclesias

546 2327 581 2391 ct
592 2319 666 2391 loca
685 2319 897 2392 venerabilia
910 2319 1009 2414 regni
1023 2319 1128 2392 nostri
1148 2319 1297 2414 benigne
1311 2320 1492 2414 dirigimus
1506 2321 1615 2394 aciem
1629 2321 1755 2393 mentis
1770 2330 1887 2393 nostre
1899 2341 1953 2393 eo-

546 2465 693 2538 rumque
705 2443 916 2539 profectibus
928 2443 1139 2516 intendimus
1152 2442 1346 2537 diligenter,
1365 2444 1495 2517 nedum
1509 2453 1627 2518 eterne
1637 2444 1874 2517 retributionis
1887 2465 1954 2516 me·

547 2568 625 2657 rita,
644 2568 707 2641 scd
726 2568 841 2642 laudis
859 2565 1020 2664 preconia
1035 2567 1279 2662 consequimur
1298 2569 1512 2664 temporalia.
1533 2567 1620 2642 lnde
1636 2566 1801 2662 estquod
1819 2590 1901 2640 cum
1918 2579 1954 2640 tu

545 2692 648 2764 irater
658 2690 1003 2780 Laude,venerabilis
1015 2693 1107 2789 prior
1119 2693 1314 2766 monasterii
1327 2695 1440 2766 Sancti
1453 2694 1627 2766 laurentii
1639 2691 1954 2784 conversantem

546 2825 677 2904 noster,
703 2816 749 2889 ad
773 2825 924 2890 nostram
950 2817 1154 2912 presentiam
1186 2818 1407 2910 accessisses,
1435 2817 1610 2890 humiliter
1633 2817 1734 2889 nobis
1761 2817 1953 2912 exposuisti

546 2941 693 3035 qualiter
712 2942 883 3036 prelatum
906 2941 1150 3014 monasterium
1170 2942 1286 3014 Sancti
1304 2942 1475 3015 Laurentii
1499 2941 1650 3016 felicium
1676 2941 1952 3036 predecessorum

546 3074 738 3137 nostrorum
758 3065 953 3160 principum
974 3073 1077 3160 atquc
1091 3087 1212 3160 regum
1226 3065 1340 3139 Sicilie
1360 3087 1449 3161 opus
1466 3068 1578 3140 luerat
1593 3067 1743 3163 speciale
1760 3076 1796 3138 et
1809 3067 1857 3138 ab
1875 3067 1952 3160 ipsis

547 3189 819 3284 possessionibus
835 3199 939 3283 atque
955 3191 1056 3262 bonis
1073 3212 1133 3284 per
1151 3211 1297 3284 regnum
1313 3199 1467 3262 nostrum
1480 3192 1581 3285 longe
1599 3193 1736 3285 lateque
1752 3191 1900 3263 ditatum
1915 3211 1952 3261 ac

545 3314 757 3409 privilegiis,
789 3313 1003 3386 libertatibus
1030 3324 1065 3387 et
1089 3314 1364 3386 immunitatibus
1399 3315 1594 3410 specialiter
1625 3313 1894 3403 communitum,
1920 3311 1953 3382 in

545 3438 674 3533 quibus
690 3439 852 3511 omnibus
874 3449 946 3509 tum
966 3448 1105 3535 propter
1120 3437 1364 3533 negligentiam
1379 3446 1414 3510 et
1437 3437 1607 3511 desidiam
1630 3439 1860 3533 prelatorum,
1884 3447 1950 3508 tum

545 3564 648 3636 etium
677 3573 815 3659 propter
841 3563 1005 3635 malitiam
1030 3564 1194 3659 temporis
1220 3563 1377 3636 retroacti
1402 3562 1517 3658 ipsum
1544 3562 1698 3634 noscitur
1722 3561 1951 3657 multipliciter

547 3687 774 3780 diminutum
791 3697 920 3761 etcum
939 3689 1104 3771 nonnulla
1122 3687 1167 3761 dc
1186 3687 1378 3783 privilegiis
1395 3685 1628 3782 predictorum
1642 3685 1839 3781 principum
1853 3695 1951 3780 atque

545 3835 667 3908 regum
692 3822 877 3886 memorato
899 3813 1104 3886 monasterio
1125 3810 1268 3886 indultis
1286 3833 1348 3907 per
1369 3811 1538 3883 incuriam
1557 3817 1593 3883 et
1617 3808 1811 3884 accidentia
1828 3831 1949 3905 supra-

547 3937 638 4011 dicta
657 3934 693 4009 in
714 3937 790 4034 ipso
815 3937 1020 4011 monasterio
1043 3945 1125 4010 suut
1140 3938 1282 4025 amissa,
1300 3936 1469 4028 majestati
1487 3944 1602 4008 nostre
1620 3933 1796 4008 humiliter
1818 3931 1949 4029 suppli-

548 4064 632 4138 casti
660 4071 700 4135 ut
725 4061 902 4157 quoddam
928 4061 1147 4159 privilegium
1169 4061 1269 4134 ducis
1290 4061 1428 4155 Rogerii
1450 4061 1545 4155 quod
1566 4059 1647 4132 olim
1668 4058 1734 4154 ipsi
1752 4056 1950 4131 monasterio

549 4188 760 4282 [concessit],
781 4207 948 4260 renovare
965 4207 1044 4258 cum
1060 4185 1222 4260 omnibus
1234 4185 1384 4279 hiisque
1399 4184 1533 4258 dudum
1549 4183 1733 4257 donatione
1747 4183 1946 4279 principun,

548 4313 767 4385 concessione
797 4311 945 4397 docum,
965 4310 1147 4402 largitione
1164 4331 1286 4403 regum
1313 4331 1353 4381 ac
1379 4309 1523 4381 aliorum
1550 4318 1750 4402 magnatum
1777 4302 1949 4401 usquead

547 4436 680 4509 obitum
702 4436 794 4530 regis
812 4435 984 4508 Guillelmi
1004 4434 1147 4506 secundi
1165 4433 1360 4506 consobrini
1384 4433 1489 4504 nostri
1511 4433 1694 4506 recolende
1717 4431 1880 4504 memorie
1900 4439 1948 4499 te-

547 4561 625 4633 nuit
645 4560 887 4633 monasterium
912 4559 1147 4654 supradictum
1171 4574 1205 4629 et
1227 4557 1430 4630 confirmare
1453 4557 1498 4629 dc
1520 4567 1635 4630 nostra
1655 4557 1763 4651 gratia
1789 4555 1945 4650 dignare·

547 4707 644 4776 mur;
664 4684 764 4776 cujus
780 4683 988 4756 continentia
1006 4684 1082 4755 talis
1100 4693 1175 4756 ast:
