4296 5898
532 531 594 594 ato
1038 530 1251 614 rntbtalct
1275 533 1450 598 scctrtbt
1758 533 1839 620 [dn.
1857 533 1942 599 1222

535 668 645 768 sylvis
670 678 706 742 st
725 667 943 759 nemoribus,
970 669 1079 764 pratis
1106 679 1143 744 et
1168 671 1355 768 paludibus
1377 684 1413 747 ot
1434 671 1542 746 libero
1567 693 1633 744 nsu
1654 669 1874 767 aqueductus
1893 673 1944 746 ia-

533 791 649 868 cieudi
667 813 709 866 ac
724 812 944 888 quecumque
957 791 1026 866 alia
1041 791 1137 868 idem
1161 795 1408 870 monasterium
1427 794 1632 893 imprecanti
1651 793 1806 890 possidet
1828 795 1887 870 vol
1907 794 1942 870 iu

533 929 635 992 autea
660 915 851 1012 oblatione,
877 914 1083 1010 donatione,
1108 919 1329 996 concessione
1354 930 1390 994 et
1411 919 1630 1014 venditione,
1651 918 1757 994 danto
1777 920 1942 1012 Domino,

533 1041 659 1141 poterit
685 1041 835 1139 adipisci
861 1052 932 1115 tam
955 1040 1001 1117 de
1023 1041 1186 1118 demanio
1213 1067 1320 1140 qnam
1344 1044 1390 1121 do
1412 1044 1528 1120 iendis
1546 1052 1582 1119 et
1605 1044 1801 1118 auiuentis
1826 1067 1946 1120 eornm

534 1168 630 1245 omui
652 1171 733 1263 jure
750 1175 866 1242 nostre
883 1167 1071 1262 majestatis
1097 1189 1159 1242 seu
1188 1169 1402 1264 quibuslibet
1418 1169 1675 1245 benefactorum
1691 1169 1737 1266 (i)
1754 1179 1945 1245 nooborum

533 1291 632 1391 qnod
657 1291 741 1368 indo
767 1291 950 1390 pertineat,
968 1293 1258 1368 nonobstantibus
1275 1293 1467 1392 privilegiis
1486 1315 1549 1370 seu
1567 1293 1725 1370 litterisa
1742 1303 1859 1370 nosba
1873 1317 1946 1370 ma·

528 1421 652 1514 jactate
681 1418 850 1493 hactonus
874 1419 1066 1516 impetratis
1086 1419 1145 1495 vel
1165 1419 1292 1496 amodo
1315 1419 1562 1517 imponandis,
1581 1419 1697 1495 eidem
1722 1417 1946 1494 concedimus

532 1554 568 1619 ot
586 1544 623 1616 in
642 1551 850 1641 perpetuum
870 1541 1128 1620 confirmamus.
1155 1547 1207 1619 Ile
1225 1545 1379 1620 allluenti
1399 1565 1539 1642 quoque
1555 1544 1666 1641 gratia
1688 1551 1804 1618 nostre
1821 1543 1945 1618 libera·

531 1669 636 1743 litatis
653 1667 844 1743 eximimus
861 1670 1108 1746 monasterinm
1125 1671 1260 1768 ipsum,
1277 1671 1439 1768 grangias
1454 1680 1492 1744 et
1511 1670 1670 1746 homines
1683 1669 1796 1766 ipsios
1809 1669 1856 1744 ab
1867 1690 1946 1742 om-

468 1872 472 1890 ,
531 1795 637 1868 nibus
653 1791 775 1883 datiis,
803 1793 974 1886 collectis,
998 1794 1192 1888 adjutoriis,
1210 1795 1335 1869 bonnis
1355 1793 1506 1892 publicis
1525 1795 1584 1868 vol
1603 1793 1749 1891 privatis
1768 1801 1804 1866 et
1828 1791 1946 1866 defen·

530 1918 688 1992 sionibus
703 1917 881 2009 comitum,
900 1917 1070 1992 baronum
1083 1928 1118 1994 et
1129 1918 1276 1994 aliorum
1293 1917 1448 1994 fidolium
1463 1926 1498 1993 et
1512 1917 1713 1993 officialium
1730 1927 1942 2007 nostrorum

531 2043 774 2118 confirmantes
794 2042 910 2118 eidem
930 2064 1051 2118 omues
1068 2043 1243 2120 libertates
1257 2054 1293 2118 et
1310 2043 1544 2120 immunitates
1556 2063 1627 2139 quo
1640 2065 1662 2116 a
1675 2043 1840 2116 Romanis
1861 2061 1946 2137 pon-

531 2167 683 2242 tificibus
706 2188 768 2242 seu
797 2167 843 2240 ab
869 2168 947 2242 aliis
969 2169 1094 2243 nostris
1120 2167 1285 2244 fidelibus
1305 2167 1472 2244 hactenns
1496 2165 1633 2243 indulte
1653 2175 1735 2242 sunt
1756 2165 1853 2242 dicto
1871 2185 1946 2240 mo·

530 2293 698 2386 amterio,
721 2292 818 2384 [vel]
843 2292 977 2389 aliquas
1005 2293 1043 2366 iu
1073 2303 1247 2391 posterum
1274 2292 1519 2389 indulgendas.
1535 2292 1706 2367 Volumus
1736 2291 1882 2386 insuper
1912 2299 1947 2364 et

529 2417 737 2493 mandamns
762 2427 802 2491 ut
827 2418 945 2492 nullus
973 2418 1063 2492 intra
1088 2427 1185 2514 septa
1203 2419 1400 2493 monostemi
1427 2417 1616 2516 supradicti
1638 2416 1696 2492 nel
1721 2415 1946 2511 grangiarum

530 2565 671 2618 suarum
687 2541 864 2616 bominem
879 2541 996 2639 capiat
1016 2543 1072 2617 rel
1093 2541 1275 2617 interliciat
1290 2543 1349 2617 vel
1361 2544 1397 2615 in
1413 2542 1530 2639 aliquo
1547 2541 1665 2616 ledere
1680 2563 1745 2614 sou
1764 2540 1947 2614 molestare
1989 2622 1998 2656 f

527 2675 720 2765 presumat,
742 2674 777 2740 et
791 2667 1006 2763 quicumque
1021 2667 1227 2742 criminosus
1245 2668 1292 2744 ad
1308 2665 1466 2765 predicta
1480 2667 1555 2741 loca
1570 2665 1781 2764 confugerit,
1803 2683 1947 2740 securus

527 2794 573 2866 sit
589 2793 702 2867 donec
717 2791 766 2865 ibi
779 2792 1019 2888 permanserit.
1037 2793 1244 2886 Iniuriarum
1258 2801 1294 2868 et
1306 2792 1592 2867 contumeliarum
1605 2810 1747 2886 qnoque
1760 2789 1943 2883 tumultus,

527 2916 685 3012 rapinas,
707 2923 872 3009 rupturas
894 2925 930 2990 et
951 2916 1133 2991 violentias
1154 2917 1192 2990 in
1216 2915 1381 3014 predictis
1401 2915 1485 2990 locis
1510 2913 1584 2988 fieri
1609 2895 1851 3011 probibemus.
1875 2913 1947 2986 Fu-

528 3041 662 3134 gientes
677 3048 712 3113 et
727 3038 926 3114 deserentes
943 3041 1099 3114 seculmn
1114 3041 1219 3137 eique
1239 3049 1406 3138 perpetuo
1422 3038 1665 3114 renunciantes
1686 3059 1768 3112 cum
1783 3039 1946 3112 omnibns

526 3162 632 3237 rebus
644 3161 719 3235 suis
734 3162 836 3235 liceat
851 3159 900 3259 (a)
916 3162 1078 3239 iratribus
1090 3164 1238 3262 predicti
1252 3163 1449 3238 monasterii
1473 3161 1519 3236 ad
1523 3214 1941 3237 ...........

526 3298 681 3384 tempore
708 3293 744 3360 et
771 3285 904 3381 absquo
927 3288 1074 3382 alicujus
1098 3287 1367 3364 contradictione
1392 3288 1553 3364 reddere.
1582 3286 1815 3363 Concodimns
1843 3287 1945 3364 etiam

526 3423 562 3486 et
594 3411 687 3486 dicte
723 3411 911 3505 majestatis
948 3413 1058 3508 gratia
1094 3423 1261 3512 perpetuo
1291 3413 1536 3490 confirmamus
1572 3413 1683 3488 libera
1716 3434 1850 3510 pascua
1882 3433 1944 3511 pro

526 3536 735 3613 animalibus
768 3536 843 3610 suis
875 3536 1011 3634 absque
1038 3537 1215 3614 herbatico
1243 3549 1279 3614 et
1309 3539 1506 3634 glandatico
1533 3547 1569 3614 et
1600 3538 1734 3634 absquo
1760 3537 1943 3612 enecone

525 3661 680 3758 qualibet
704 3662 795 3756 [per]
824 3660 1005 3736 universas
1027 3661 1179 3738 demanii
1201 3663 1308 3738 nostri
1335 3673 1443 3738 terras
1457 3684 1593 3738 necnon
1617 3671 1654 3737 ct
1672 3661 1824 3737 liberam
1841 3683 1942 3736 usum

525 3785 703 3860 incidendi
739 3785 868 3860 viridia
901 3786 1063 3883 siccaque
1097 3787 1218 3882 ligna,
1251 3789 1386 3885 ubique
1421 3786 1582 3863 muandi
1615 3787 1694 3862 vias
1733 3795 1770 3862 ot
1801 3787 1941 3862 aliunde

524 3909 695 3986 reddendi
719 3919 754 3984 et
770 3908 925 4006 ducendi
942 3932 1051 4007 aquas
1069 3932 1132 4007 par
1148 3921 1257 3988 terras
1273 3933 1373 4005 snas,
1391 3910 1544 3988 faciendi
1561 3909 1785 4003 molendina,
1807 3911 1941 3988 iolloria

525 4047 561 4110 et
575 4034 730 4131 quelibet
744 4033 813 4107 alia
827 4055 948 4108 eornm
962 4033 1076 4108 ordini
1089 4036 1314 4132 congruentia
1331 4037 1370 4112 in
1386 4036 1472 4112 locis
1485 4038 1572 4112 suis.
1588 4037 1638 4111 Ea
1642 4089 1937 4112 ........

523 4167 679 4254 preterea
697 4161 819 4232 iratres
840 4168 876 4232 et
896 4157 1055 4232 homines
1076 4157 1160 4232 dicti
1175 4161 1374 4236 momsterti
1399 4183 1480 4236 cum
1503 4163 1611 4236 rebus
1628 4161 1704 4236 suis
1720 4171 1813 4238 terra
1834 4160 1941 4236 mari-

455 4277 465 4291 '
524 4305 594 4377 quo
611 4293 646 4356 et
659 4283 863 4357 fluminibus
882 4283 929 4357 ab
946 4283 1108 4359 omuibus
1123 4284 1328 4380 plateatiois,
1343 4287 1524 4384 passagiis,
1541 4286 1716 4384 pedagiis,
1735 4284 1937 4379 doanaticis,

524 4405 758 4502 talangatiois‚
778 4407 963 4482 borbaticis
987 4429 1050 4484 sen
1067 4408 1281 4506 quibuslibet
1297 4411 1484 4506 generibus
1507 4412 1732 4488 exactionum
1750 4412 1812 4487 vel
1829 4431 1940 4507 anga-

564 4668 605 4750 (o)
626 4671 663 4732 ln
672 4672 814 4750 impresso
823 4669 912 4748 lictu,
923 4677 1122 4744 mammete.
