4368 5876
507 532 565 594 1³2
1010 531 1222 596 lutosum!
1249 533 1422 596 shcouol
1734 535 1815 614 [Ars.
1834 535 1919 598 1221.

508 690 623 742 comcs
654 668 826 742 Prateusis
851 667 1026 742 fidelitatis
1052 669 1155 742 nohis
1178 673 1322 766 prestito
1343 672 1539 764 juramento
1564 680 1690 744 terram
1713 673 1918 756 voltuosum,

507 793 655 866 Roccam
678 791 869 882 Gonhenti,
892 793 1146 884 hlonticellum‚
1166 794 1403 890 Barigamam,
1429 796 1599 890 Burgum,
1624 795 1829 886 Pidierlam‚
1857 796 1921 868 Ca·

507 941 603 1008 sum,
622 919 768 990 Roocam
782 919 828 992 do
839 917 942 1008 Vico,
959 917 1183 1008 distractam,
1198 921 1419 1016 Limognum‚
1438 921 1600 1009 Grecom,
1624 923 1835 1016 lingonum,
1855 920 1922 992 Pil·

508 1043 659 1129 hunum,
678 1042 929 1133 monticellum,
948 1043 1146 1134 Fossatum,
1164 1046 1315 1131 Terram,
1332 1046 1457 1118 Bolum
1474 1055 1509 1117 et
1526 1045 1762 1139 Saviguanum
1774 1040 1825 1140 (o)
1841 1065 1920 1116 cnm

507 1167 722 1263 pertinentiis
738 1167 812 1240 suis
830 1168 960 1263 recepit
978 1191 1000 1240 a
1019 1169 1120 1242 nohis
1140 1169 1176 1240 in
1199 1170 1361 1259 seudum,
1380 1192 1490 1243 unum
1507 1179 1657 1243 asturam
1677 1178 1714 1241 ot
1732 1167 1822 1242 duos
1842 1168 1920 1241 hru-

506 1314 586 1366 ceos
606 1291 654 1390 (h)
672 1315 736 1389 pro
753 1292 885 1366 eisdem
910 1293 1032 1366 castris
1056 1294 1209 1367 Ecclesic
1230 1295 1382 1369 llomaue
1400 1293 1503 1367 annis
1526 1293 1673 1388 singulis
1697 1293 1918 1381 redditurus,

504 1441 593 1513 quos
611 1428 647 1491 ct
664 1419 739 1510 jum
758 1418 858 1492 nobis
879 1440 941 1513 pro
962 1439 1033 1492 uno
1054 1440 1147 1492 anno
1171 1420 1336 1515 persolvit
1361 1419 1427 1516 (t).
1454 1419 1612 1494 Proterea
1632 1419 1712 1492 licet
1732 1417 1919 1492 marchiam

504 1545 754 1616 Anconitanum
779 1544 826 1618 ad
849 1565 973 1618 manns
993 1565 1076 1616 suas
1094 1545 1246 1618 Ecclesia
1264 1546 1418 1618 Romana
1442 1566 1505 1640 pro
1521 1544 1642 1636 majori
1660 1553 1758 1639 purte
1777 1552 1919 1632 teneret,

506 1669 751 1742 nichilominus
767 1677 879 1742 tamen
895 1669 1072 1764 predictus
1086 1670 1270 1765 imperator
1282 1691 1359 1742 eam
1377 1669 1479 1742 nobis
1490 1669 1632 1743 omuino
1645 1669 1805 1764 quietans
1818 1677 1852 1739 et
1862 1690 1922 1740 re-

505 1794 714 1867 fntacionem
735 1791 780 1888 (c)
798 1795 941 1883 iaciens,
963 1805 1066 1889 prout
1087 1794 1123 1866 in
1142 1795 1380 1890 imperialibus
1406 1793 1529 1868 litteris
1552 1795 1686 1890 plenius
1706 1794 1919 1882 conlimatur,

507 1919 660 2016 precepit
672 1917 835 1992 omnibns
846 1918 892 1992 de
906 1918 1058 1992 marchia
1075 1928 1115 1991 ut
1131 1919 1233 1992 nobis
1246 1929 1410 2013 tamqnam
1427 1919 1571 1992 domino
1587 1937 1652 1992 sno
1664 1918 1710 1991 ds
1723 1928 1836 1992 cetero
1848 1919 1922 2014 ple-

508 2045 606 2117 narie
623 2041 881 2138 responderent.
901 2042 1059 2138 Cumque
1071 2064 1135 2116 nos
1153 2043 1375 2138 postmodum
1387 2043 1514 2116 dilecto
1528 2042 1600 2116 filio
1611 2043 1718 2116 nobili
1732 2045 1809 2117 viro
1822 2065 1922 2116 mar-

509 2169 623 2243 chioni
637 2167 771 2240 listensi
785 2187 862 2240 carn
875 2167 913 2239 in
928 2167 1072 2241 lendum
1086 2167 1292 2240 duxerimus
1305 2167 1576 2256 concedendam,
1591 2175 1749 2262 presente
1770 2168 1923 2263 imperu-

508 2305 583 2368 tore
594 2293 814 2366 investientes
823 2291 984 2364 cumdem
997 2293 1042 2365 ds
1055 2293 1131 2387 ipsa
1142 2293 1295 2365 marchia
1309 2315 1370 2387 por
1382 2293 1563 2384 vexillum,
1574 2312 1637 2364 nos
1649 2293 1922 2386 prenominatum

508 2419 716 2493 Pandullum
738 2418 992 2492 subdiaconum
1011 2427 1047 2488 et
1068 2417 1240 2520 notarium
1259 2427 1295 2489 et
1318 2417 1503 2513 imperator
1525 2416 1759 2490 venerabilem
1787 2419 1923 2490 fratrem

509 2557 663 2618 nostrum
684 2542 912 2640 patriarcham
930 2543 1197 2636 Aquilegonsem
1219 2541 1302 2614 illuc
1318 2543 1518 2614 curavimus
1538 2542 1711 2614 destinare
1730 2550 1770 2612 nt
1784 2565 1864 2614 eum
1884 2543 1922 2614 in

508 2671 757 2766 possessionem
779 2669 932 2742 marchio
951 2668 1156 2742 inducentes
1173 2669 1205 2740 ei
1226 2669 1377 2740 facerent
1398 2667 1444 2740 dc
1464 2667 1656 2740 rationibus
1671 2666 1833 2739 omnihus
1850 2667 1923 2740 suis

507 2796 639 2888 integre
660 2793 859 2888 responderi
880 2793 948 2888 (d),
973 2793 1111 2866 civitate
1135 2802 1249 2864 tamen
1274 2791 1513 2864 Anchonitaua
1533 2791 1702 2885 quamdiu
1725 2791 1827 2863 nohis
1848 2793 1924 2886 pla·

507 2919 617 2990 cuerit
637 2918 672 2988 in
697 2918 822 2988 nostris
839 2917 1000 2988 manibus
1015 2924 1208 3007 reseruata,
1225 2925 1261 2989 st
1279 2916 1441 2988 universo
1463 2915 1670 3010 patrimonio
1686 2915 1779 2990 hsnti
1794 2916 1922 2988 Patrio

507 3051 612 3139 ponto
625 3041 792 3137 Ceperani
806 3062 919 3135 nsque
931 3040 1180 3114 Radioolanum
1192 3061 1351 3135 possem
1362 3050 1399 3114 st
1408 3039 1578 3136 disposito
1589 3040 1734 3136 pacifica
1748 3061 1791 3113 uc
1805 3039 1923 3136 quiete

506 3189 569 3264 pro
585 3166 800 3262 beneplacito
818 3173 933 3238 nostra
949 3165 1148 3238 voluntatis.

554 3293 680 3364 Datum
697 3290 873 3382 lateram,
897 3291 960 3363 llll
978 3289 1145 3363 kalendas
1160 3290 1297 3381 marcii,
1318 3287 1538 3385 pontificatus
1553 3288 1660 3362 nostri
1677 3309 1769 3363 anno
1783 3289 1919 3385 quinto.

549 3491 590 3570 (c)
612 3492 692 3552 Haec
710 3493 831 3551 nomina
847 3507 972 3569 quorum
992 3491 1131 3568 pleraque
1144 3492 1341 3563 restituimus,
1361 3493 1393 3550 in
1414 3491 1514 3551 codice
1535 3491 1639 3550 mutila
1663 3490 1819 3566 videntur;
1839 3493 1926 3568 pejus

505 3607 603 3660 tamen
616 3616 665 3676 ap.
676 3600 867 3660 Wurdtweln
885 3599 1066 3660 cxhlhentur
1081 3614 1089 3656 τ
1107 3599 1217 3658 scillcet
1236 3595 1343 3674 Vallis,
1361 3595 1516 3658 nocetam
1537 3593 1680 3674 Goofim..
1697 3595 1921 3679 Arripoozr'rrm,

513 3705 612 3786 Vorp„
631 3702 812 3781 romum,
833 3705 976 3780 Correus,
994 3705 1115 3765 llocrom
1141 3704 1177 3766 dc
1206 3705 1271 3766 Vico
1288 3704 1377 3766 castri
1401 3705 1505 3776 Leoni,
1526 3706 1652 3787 Limon,
1673 3703 1767 3780 Grec,
1793 3703 1922 3786 Muscosi,

507 3809 632 3886 Paos„
647 3809 828 3881 Alootcoello,
845 3814 971 3886 Fuerat,
998 3812 1071 3872 Torc
1088 3811 1140 3872 boc
1152 3821 1182 3874 ct
1199 3814 1408 3894 Sooipooosco.

544 3917 587 4000 (h)
606 3921 696 3998 Apud
707 3921 897 3982 Wurdtweln
912 3935 1006 3978 onom
1022 3931 1159 3980 mmmm
1171 3927 1200 3982 ct
1211 3918 1282 3980 door
1296 3919 1406 3992 horos
1423 3921 1560 3996 mmo.

545 4025 578 4108 (c)
602 4027 693 4106 Apud
706 4027 901 4089 Wurdtwetn
913 4023 1155 4106 repudiationem.

545 4131 586 4214 (d)
604 4135 662 4213 Ap.
678 4135 869 4196 Wurdtwcin
881 4135 916 4193 io
931 4140 1011 4194 lma
1025 4134 1185 4215 requiritis,
1200 4134 1286 4196 molo.

541 4475 576 4549 (t)
595 4476 735 4534 Notandus
755 4429 809 4534 hic·
820 4477 933 4535 feudalis
954 4475 1095 4535 solutionis
1113 4476 1209 4533 modus
1223 4475 1406 4533 ecclesiastico
1421 4476 1529 4534 domino
1547 4473 1715 4544 reddendus,
1730 4471 1855 4530 videlicet
1867 4471 1927 4530 ani·

505 4571 924 4647 moliaadronntioncrnparata.
1555 4570 1558 4579 '
