4272 5886
544 485 606 548 sta
1046 495 1262 557 tarnuatct
1288 494 1466 558 stcuuut
1773 498 1856 576 [Αιι
1876 497 1961 560 lm

548 619 767 692 Hermannns
791 623 1001 696 venmabilis
1030 625 1195 720 magister
1223 627 1349 700 Sancta
1378 625 1487 698 Maria
1519 625 1645 700 domus
1675 627 1962 702 maronianum

549 743 586 815 in
605 745 808 820 Jerusalem.
1895 771 1899 776 ·

599 872 725 944 Datum
741 871 838 972 apud
855 873 1054 964 piscariam,
1071 897 1177 968 auno,
1194 897 1313 950 mense
1325 885 1360 950 et
1374 875 1564 949 indictione
1575 875 1750 971 predictis.

383 1436 489 1550 ml
602 1424 804 1535 Encyclica
819 1424 996 1508 Friderici
1009 1426 1271 1509 Romanorum
1284 1425 1523 1535 imperatoris
1536 1452 1614 1536 qua
1626 1423 1961 1509 communitatibus

551 1559 711 1641 mandat
723 1567 767 1640 ut
779 1571 1006 1670 praeparent
1018 1559 1158 1642 milites
1177 1560 1226 1643 ad
1241 1586 1351 1642 suam
1365 1561 1617 1672 praesentiam
1632 1559 1959 1666 transmittendos,

551 1717 673 1800 quum
692 1691 865 1774 intendat
883 1692 986 1802 apud
1006 1693 1233 1776 Cremonam
1253 1693 1449 1776 solennem
1466 1693 1613 1775 curiam
1631 1693 1836 1778 celebrare.

652 1882 745 1958 (Edit.
763 1883 794 1942 tn
817 1882 912 1946 Parni
933 1883 1425 1964 nsvrrr.,ltpuc,ut.111,mp
1440 1883 1581 1957 Lfflla
1602 1883 1670 1944 nott.
1691 1897 1760 1946 con
1779 1883 1852 1944 eod.
1870 1884 1959 1944 Parta.

670 1989 878 2069 iletre-Dama,
889 1999 959 2065 20²,
969 1995 1000 2050 ct
1011 1989 1082 2050 duc
1090 1989 1183 2071 jands
1195 1987 1282 2064 latin,
1294 1999 1384 2052 2954.
1398 1991 1543 2052 Memorat
1554 1996 1713 2070 quoquest
1722 1993 1833 2068 partim
1847 1990 1961 2052 ethu

671 2097 830 2168 Srnnnrnn,
845 2097 888 2158 Dc
901 2113 981 2178 repra
992 2093 1074 2170 unt,
1087 2097 1184 2171 llvll,
1200 2109 1251 2160 50.
1265 2099 1308 2160 De
1320 2105 1452 2176 tempore
1465 2105 1579 2170 autem,
1595 2098 1635 2159 cf.
1651 2099 1734 2159 Rrec
1751 2115 1793 2157 nn
1806 2098 1838 2159 S.
1852 2097 1958 2173 omn,

673 2200 807 2266 Cha-orric.
822 2203 865 2264 ad
874 2205 963 2284 aaa.)

598 2365 801 2439 Fredericus
820 2365 882 2438 Dei
903 2365 1013 2459 gratia
1039 2368 1272 2438 Romanorum
1298 2366 1495 2460 imperator,
1515 2388 1651 2462 semper
1671 2377 1865 2458 angustus,
1885 2366 1959 2438 lhe-

551 2491 700 2564 rusalem
722 2499 757 2564 st
779 2490 894 2563 Sicilie
910 2511 992 2582 rex,
1015 2491 1173 2586 potestati
1187 2489 1411 2582 laubiensi,
1431 2492 1575 2566 consilio
1596 2503 1631 2564 st
1650 2491 1711 2564 toti
1728 2493 1873 2588 populo,
1892 2492 1958 2564 suis

550 2615 724 2704 fidelibus,
748 2614 894 2709 gratiam
917 2637 1016 2688 suam
1037 2625 1073 2688 et
1090 2617 1214 2689 bonam
1238 2618 1451 2690 volontatem
1474 2615 1536 2714 (a).
1558 2616 1712 2702 Qualiter
1729 2617 1810 2708 jura
1829 2615 1957 2712 imperii

550 2762 613 2836 pro
644 2741 810 2813 varietate
834 2739 999 2835 temporis
1024 2739 1242 2837 precedentis
1266 2742 1466 2814 conculcata
1487 2745 1625 2835 jaccant
1657 2749 1692 2813 et
1719 2738 1903 2835 depressa,
1927 2747 1957 2811 et

549 2867 697 2961 qualiter
713 2867 790 2958 ejus
812 2865 1040 2959 tanquillitas
1062 2866 1168 2940 tuerit
1187 2867 1270 2940 olim
1290 2876 1326 2940 et
1339 2869 1395 2940 -sit
1420 2889 1533 2963 usqne
1555 2868 1602 2940 ad
1622 2865 1689 2938 hec
1711 2865 1824 2938 felicia
1850 2873 1956 2936 nossa

549 3000 705 3086 tempora
730 2989 845 3085 (qnod
864 2991 970 3062 anxie
987 2990 1155 3088 dicimos)
1175 2992 1392 3086 perturbata,
1418 2993 1571 3066 universi
1598 2989 1643 3063 de
1669 2989 1817 3086 imperio
1843 2990 1956 3080 cnjus-

550 3136 691 3212 cunque
714 3113 817 3189 officii
838 3115 896 3187 vel
922 3114 1130 3188 conditionis
1154 3115 1188 3187 in
1216 3117 1498 3214 oppressionibus
1519 3115 1665 3212 pmpriis
1688 3121 1955 3210 personarumet

549 3262 665 3314 rerum
690 3238 882 3336 dispendiis
899 3239 973 3332 jam
996 3251 1200 3332 senscrunt,
1228 3251 1263 3315 et
1291 3243 1444 3316 sendum
1464 3244 1685 3316 incessanter.
1702 3240 1774 3312 Nec
1794 3238 1955 3310 immerito

548 3365 704 3439 membra
726 3365 763 3437 in
793 3365 905 3460 capite
932 3366 1126 3460 patiuntur,
1152 3367 1229 3439 sine
1256 3367 1357 3459 cujus
1385 3365 1600 3462 integritate,
1627 3365 1717 3437 sicut
1744 3365 1792 3437 ab
1820 3371 1955 3460 experto

549 3489 770 3584 cognoscitis,
797 3491 919 3584 nequit
940 3491 1177 3570 ¹membrorum
1200 3513 1369 3588 compago
1390 3493 1486 3565 illesa
1508 3490 1657 3581 servari,
1679 3499 1713 3562 et
1736 3489 1803 3561 rix
1827 3496 1957 3585 sperant

550 3614 827 3687 reformationem
848 3614 1030 3688 admittere
1053 3615 1108 3688 sni
1125 3625 1254 3708 status;
1271 3616 1339 3688 nisi
1358 3615 1603 3710 redintegratio
1621 3623 1826 3718 preparetur
1843 3613 1953 3708 capiti,

550 3761 660 3834 aquo
671 3738 893 3814 subsistantia
912 3739 1041 3813 virium
1061 3741 1232 3845 recipiunt
1245 3739 1451 3836 firmitatem.
1468 3742 1526 3814 Sic
1542 3741 1635 3814 enim
1653 3748 1706 3812 est
1719 3737 1890 3814 hactenns
1902 3759 1957 3834 par

550 3867 603 3937 las
621 3845 655 3938 et
671 3863 978 3938 nefas-deductum
997 3864 1201 3960 imperium,
1221 3866 1272 3940 sic
1288 3880 1341 3940 ast
1358 3866 1517 3960 nequiter
1534 3865 1685 3938 deducta
1703 3863 1858 3936 conditio
1873 3862 1957 3934 sub-

551 3992 716 4082 ditorum,
740 4000 785 4062 nt·
796 3988 979 4085 expediret
992 3989 1291 4086 penitus‘illicitos
1302 4004 1480 4081 arcemus,
1504 3986 1694 4084 aliquando
1716 3988 1818 4060 nobis
1835 3985 1956 4060 viden·

551 4117 645 4188 tibus
665 4115 902 4212 perpetratos,'
914 4114 1181 4187 conniventibus
1199 4117 1309 4188 oculis
1325 4115 1531 4212 pertransire
1542 4143 1551 4206 ;
1563 4117 1616 4205 et,
1636 4104 1897 4208 quod'omnino
1912 4119 1958 4184 est

552 4241 708 4336 gravius,
720 4239 766 4316 ab
780 4233 992 4338 imminentis
1008 4240 1108 4312 ruine
1123 4240 1276 4336 periculo
1293 4222 1543 4336 nonuunquam
1559 4238 1731 4312 abstinere
1748 4237 1882 4310 licitum
1898 4235 1953 4332 (l),

593 4419 632 4501 (a)
651 4421 733 4483 Haec
745 4421 920 4499 supplentur
931 4413 969 4480 'ex
980 4419 1047 4480 cod.
1061 4419 1219 4482 Partstensl
1233 4429 1323 4482 295⁴.

594 4527 633 4608 (b)
655 4530 704 4590 Sto
721 4529 753 4588 tn
765 4531 928 4606 tmpr'essm
944 4511 996 4588 sed
1008 4523 1090 4588 locus
1104 4533 1260 4605 corruptos
1276 4527 1403 4590 videtur.
1420 4517 1621 4606 verisimiliter
1633 4542 1699 4588 ouon
1711 4540 1863 4604 nunquam
1874 4519 1955 4583 atat

549 4653 619 4697 nere
631 4636 669 4697 sit
682 4631 799 4696 licitum.
