4298 5898
183 591 283 666 lanum.
301 601 365 681 la]
632 594 831 659 HISTORIA
854 593 1146 657 nlvnouarlca
1541 591 1602 654 453

184 713 248 810 qni
265 719 348 784 snnt
364 708 411 783 de
432 729 541 802 regno
555 717 655 781 extra
676 727 823 801 regnum
841 705 878 778 in
898 704 1037 798 sobolis,
1054 725 1166 800 usqne
1180 704 1227 779 ad
1244 704 1370 777 testum
1392 703 1508 776 Sancti
1531 703 1601 776 bli-

186 836 316 911 ohaelis
339 833 540 932 proximum
563 841 751 907 ventumm
773 829 848 906 sine
870 851 964 904 mora
986 829 1172 927 dispendio
1195 838 1422 903 revertantur.
1442 829 1494 902 De
1520 830 1600 902 iru-

186 969 304 1035 mento
325 968 459 1050 antem,
485 957 586 1050 vino,
608 956 792 1046 carnibus,
812 954 988 1051 piscibus,
1009 964 1044 1027 et
1066 955 1143 1028 aliis
1164 975 1234 1050 que
1258 953 1304 1028 ad
1329 953 1462 1026 victum
1488 954 1601 1050 perti-

186 1093 283 1177 nent,
303 1082 448 1159 modum
466 1081 601 1155 nullum
620 1080 816 1172 statuimus,
833 1102 914 1153 cnm
930 1080 966 1150 in
984 1079 1039 1152 his
1053 1079 1215 1152 omnibns
1228 1076 1382 1152 abundet
1400 1077 1597 1174 provincia3

187 1183 280 1304 qnae
298 1208 493 1282 vendantur
510 1205 724 1280 scholaribus
741 1205 935 1280 secundnm
952 1204 1049 1301 qnod
1064 1197 1272 1279 ‘venduntur
1289 1203 1427 1277 oivibns
1444 1213 1479 1277 et
1497 1203 1600 1278 etiam

187 1355 251 1430 per
266 1331 481 1421 contradam,
500 1339 567 1404 eto.

866 1533 929 1607 lv.

270 1737 363 1819 (Edit.
377 1754 428 1818 ap.
443 1738 540 1800 Panas
550 1755 590 1798 nn
603 1738 689 1812 Vim,
699 1735 812 1816 spot,
826 1735 878 1797 llb.
891 1736 948 1812 ΠΙ,
962 1751 1026 1815 oap.
1041 1735 1129 1815 xm3
1144 1737 1211 1800 ooll.
1225 1753 1294 1800 eom
1303 1736 1451 1800 oodloibus
1461 1735 1596 1814 Biblloth.

309 1843 416 1925 Paris)

238 2029 460 2119 Frederions,
480 2040 546 2104 eto.
560 2084 571 2121 ‚
587 2030 773 2126 justitiario
795 2032 898 2104 Terra
921 2031 1080 2122 Laboris,
1106 2039 1172 2105 eto.
1193 2031 1266 2104 Etsi
1288 2031 1333 2106 ad
1357 2033 1602 2128 perlectionem

190 2155 298 2230 studii
321 2154 513 2251 generalis,
533 2154 628 2251 quod
652 2157 826 2250 nuperin
850 2156 990 2229 civitate
1010 2155 1151 2252 Neapoli
1176 2155 1226 2254 (a)
1247 2155 1465 2254 providimus
1490 2160 1602 2232 reior-

190 2280 379 2373 mandum,
399 2281 618 2376 particularia
642 2280 758 2354 studia
776 2281 908 2376 ubique
928 2303 992 2376 per
1017 2301 1163 2376 regnum
1193 2281 1475 2356 mandaverimus
1491 2285 1603 2357 inter·

190 2405 286 2498 dici,
308 2414 423 2480 nostre
447 2415 563 2480 umen
590 2407 790 2480 intentionis
816 2429 886 2480 non
913 2407 979 2479 luit
1006 2407 1056 2480 sio
1080 2408 1155 2480 loca
1185 2407 1339 2503 qualibet
1365 2407 1603 2504 depauperare

192 2527 410 2622 doctoribus,
431 2541 471 2602 nt
496 2530 579 2603 artis
603 2531 724 2603 saltem
750 2529 973 2626 grammatice
995 2529 1192 2605 rudimenta
1216 2532 1380 2623 noviciis,
1406 2534 1505 2606 velut
1527 2535 1602 2607 lao-

193 2655 296 2727 tantis
313 2653 434 2727 matris
446 2655 554 2728 ubera
567 2655 735 2728 famelicis
752 2654 959 2748 infantibus,
979 2653 1202 2751 preoidantnr
1218 2683 1226 2728 ε
1245 2655 1308 2730 sed
1320 2656 1366 2730 ad
1380 2658 1456 2730 illos
1471 2667 1602 2731 tantum

192 2767 348 2853 extendi
360 2780 522 2852 volumus
543 2789 659 2853 nostre
675 2779 868 2854 serenitatis
885 2778 1051 2869 edietum,
1074 2780 1136 2875 qui
1158 2781 1375 2856 auditoribus
1392 2782 1485 2875 suis,
1505 2784 1604 2857 rudi-

194 2911 264 2976 tate
281 2901 458 3000 deposita,
475 2903 512 2974 ln
530 2902 751 2976 facultatibus
773 2903 850 2976 aliis
873 2903 1012 2994 ingenia
1030 2905 1163 2999 potiora
1179 2906 1397 3001 petentibus,
1422 2906 1518 2980 eibos
1531 2911 1603 3002 jam

194 3026 326 3123 possint
354 3027 497 3101 scientie
524 3026 655 3110 solidos
681 3027 886 3100 ministrare.
918 3027 1060 3123 Propter
1092 3029 1188 3122 quod
1222 3027 1380 3104 fidelitati
1409 3040 1469 3104 tue
1494 3031 1606 3128 preci·

194 3149 325 3249 piendo
350 3150 576 3243 mandamus,
598 3161 771 3247 quatenns
791 3151 966 3245 magistris
987 3152 1219 3248 quibuslibet,
1238 3155 1298 3249 qni
1322 3175 1383 3250 per
1405 3164 1531 3230 terram
1550 3160 1607 3252 ju-

195 3275 386 3350 risditionis
403 3286 463 3350 tue
487 3297 614 3373 pueros
636 3277 672 3349 in
690 3279 774 3352 artis
796 3277 1019 3373 grammatice
1035 3279 1195 3375 primitiis
1213 3279 1375 3374 edooent,
1395 3281 1527 3355 nullam
1544 3303 1609 3355 oo-

195 3400 335 3474 oasione
358 3399 513 3497 predicta
535 3400 729 3475 molestiam
751 3402 896 3494 inieras,
917 3400 981 3476 sed
994 3403 1215 3500 particularia
1226 3424 1345 3480 eorum
1357 3405 1472 3480 studia
1489 3427 1609 3501 rogere

194 3524 272 3600 sine
285 3525 533 3624 impedimento
548 3526 704 3622 quolibet
719 3526 874 3624 patiaris.

416 3863 1393 3878 mm

156 4227 159 4236 .
250 4157 482 4268 hiduinus,
498 4159 759 4245 Romanorum
777 4160 996 4272 imperator,
1016 4162 1239 4248 Palnutium
1257 4163 1433 4249 abbatem
1452 4175 1490 4250 et
1506 4193 1608 4252 oon-
1649 4203 1792 4260 samua,

193 4304 352 4378 ventum
388 4295 608 4380 monasterii
638 4296 739 4380 Petri
770 4305 808 4380 et
839 4297 947 4381 Pauli
979 4299 1028 4382 de
1063 4299 1299 4409 Spanopetro
1330 4299 1370 4381 in
1402 4301 1608 4388 tenimento

197 4425 414 4513 Arenarum
435 4456 525 4514 eum
547 4431 728 4516 omnibus
752 4456 885 4516 eorum
903 4431 1015 4518 bonis
1034 4433 1106 4519 sub
1125 4459 1195 4517 sua
1211 4435 1443 4544 protentione
1460 4437 1605 4548 recipit.

238 4633 276 4717 (al
296 4637 331 4699 In
346 4637 409 4699 eod
431 4641 542 4720 Paris,
557 4649 647 4718 8⁵67,
663 4635 864 4704 mumdum.
881 4639 969 4703 Unda
982 4644 1071 4704 etlam
1086 4642 1143 4704 boe
1157 4641 1331 4705 mmdatum
1344 4660 1363 4707 a
1376 4643 1510 4707 Conrado
1523 4663 1609 4708 reno·

196 4749 301 4806 vatum
314 4743 405 4808 laissa
418 4745 541 4810 videtur.

1670 4264 1775 4314 augusto.
