4292 5894
548 615 610 681 aaa
1051 618 1263 682 rainsurcr
1287 619 1464 682 saeuum
1773 622 1957 708 [amram
2079 693 2085 711 ,

549 753 744 851 quodcum
762 754 943 829 abbatide
963 755 1077 830 Patiro
1096 766 1132 830 et
1146 755 1357 852 quibusdam
1377 757 1539 832 iratribus
1561 759 1637 832 suis
1661 779 1709 833 ex
1725 769 1824 856 parte
1849 771 1956 835 nostra

550 877 693 954 firmiter
709 880 905 954 inhiberent
923 881 990 953 sub
1007 903 1097 978 pena
1118 890 1256 955 centum
1277 881 1442 954 librarum
1459 882 1553 973 auri,
1574 893 1677 980 prout
1693 884 1730 956 in
1747 906 1867 958 eorum
1887 887 1958 983 pri-

550 1005 678 1100 vilegio
693 1027 714 1078 a
731 1007 908 1098 majestate
921 1013 1037 1079 nostra
1058 1006 1198 1080 obtento
1215 1007 1351 1102 plenius
1369 1006 1577 1101 continetur,
1601 1030 1646 1082 ne
1674 1031 1763 1082 ausu
1782 1011 1958 1084 temerario

547 1129 727 1226 quoddam
747 1151 866 1204 eorum
885 1130 1109 1204 tenimentum
1126 1131 1291 1203 intrarent
1308 1152 1388 1203 cum
1409 1130 1483 1205 suis
1502 1131 1730 1227 animalibus,
1748 1133 1816 1230 ipsi
1842 1156 1958 1208 eorum

549 1253 754 1328 inhibitione
771 1263 966 1351 contempta
986 1252 1117 1328 dictum
1133 1254 1358 1328 tenimentum
1379 1254 1500 1330 invadi
1517 1257 1673 1330 lecerunt
1687 1259 1723 1330 in
1739 1277 1862 1332 eornm
1882 1282 1960 1357 pre-

544 1377 718 1471 judicium
730 1387 764 1453 et
775 1400 980 1474 gravamem
994 1379 1042 1452 ita
1056 1377 1151 1474 quod
1163 1379 1198 1450 in
1211 1379 1397 1452 tenimento
1411 1379 1740 1454 mandraslecerunt
1752 1389 1787 1454 et
1800 1381 1959 1456 animalia

547 1523 667 1576 eorum
686 1503 817 1577 ibidem
834 1501 1010 1601 pascendo
1029 1512 1230 1600 repererunt
1252 1512 1286 1576 et
1309 1526 1389 1576 cum
1406 1527 1512 1601 super
1529 1505 1596 1578 boc
1617 1506 1795 1600 conquesti
1814 1506 1955 1598 tuerint,

548 1626 704 1706 nondum
728 1638 914 1729 potuerunt
938 1629 1028 1702 sicut
1051 1638 1211 1704 asserunt
1229 1627 1398 1720 justitiam
1423 1629 1589 1704 obtinere.
1616 1631 1731 1716 Quare
1754 1629 1959 1704 mandamus

548 1749 748 1826 discretioni
764 1763 877 1829 vestre
893 1762 1066 1848 quatenus
1086 1753 1241 1849 partibus
1267 1751 1303 1823 in
1327 1763 1440 1826 vestra
1465 1755 1636 1850 presentia
1658 1755 1872 1848 convocatis,
1893 1777 1959 1828 au-

548 1876 651 1949 diatis
668 1897 808 1949 causam
825 1883 860 1949 et
874 1897 951 1949 eam
967 1875 1136 1950 studeatis
1152 1874 1327 1949 mediante
1340 1876 1472 1969 justitia
1488 1877 1557 1952 fine
1574 1879 1691 1953 debito
1706 1879 1906 1972 terminare,
1921 1886 1958 1952 ut

546 2024 609 2097 pro
625 2000 760 2075 delectu
774 2000 906 2095 justitie
922 2010 1044 2074 neutra
1064 2001 1214 2097 partium
1227 2001 1356 2095 justam
1372 1999 1500 2077 habeat
1516 2003 1693 2078 materiam
1709 2001 1953 2099 conquerendi.

594 2129 722 2200 Datum
739 2125 835 2222 apud
851 2125 1039 2200 Cutronum
1058 2123 1124 2222 (l),
1140 2127 1233 2200 Xllll
1247 2127 1343 2216 maii,
1359 2129 1407 2200 XI
1424 2127 1623 2202 indictione.

597 2254 681 2325 ltem
697 2251 890 2348 reoepimus
904 2251 1100 2348 imperiales
1114 2251 1243 2324 litteras
1258 2274 1320 2348 per
1331 2274 1457 2326 manus
1469 2251 1677 2326 venerabilis
1693 2249 1956 2326 archimandrite

546 2388 582 2453 et
598 2387 790 2452 conventus
807 2376 1004 2451 monasterii
1020 2376 1066 2452 de
1080 2377 1206 2468 Patiro‚
1225 2399 1374 2473 quarum
1392 2378 1601 2452 continentia
1616 2377 1694 2450 talis
1709 2385 1808 2451 erat:
1842 2473 1848 2484 ¹

594 2499 797 2576 Fredericue
814 2501 877 2574 llei
891 2501 1002 2596 gratia
1020 2499 1253 2574 Romanorum
1279 2501 1475 2598 imperator,
1500 2524 1635 2599 semper
1652 2510 1823 2596 augustus
1841 2510 1874 2576 ot
1890 2505 1954 2576 'rex

436 2627 437 2632 ‘
545 2627 673 2720 Sicilie,
694 2627 885 2702 venerabili
904 2625 1162 2723 archiepiscopo
1181 2625 1367 2700 Cuaeutino
1387 2634 1423 2700 et
1437 2627 1604 2724 episcopo
1625 2625 1847 2720 Caasanensi,
1868 2623 1955 2701 dde-

544 2753 637 2826 libus
662 2751 755 2846 suis,
777 2750 924 2846 gratiam
946 2773 1044 2824 suam
1066 2761 1102 2824 et
1126 2751 1253 2824 bonam
1276 2750 1503 2825 voluntatem.
1527 2750 1741 2825 Venerabilis
1761 2749 1955 2824 archiman-

546 2876 636 2952 drita
653 2886 689 2950 et
704 2883 896 2950 conventus
912 2873 1108 2948 monasterii
1133 2871 1179 2948 de
1193 2875 1324 2964 Petico,
1351 2873 1471 2950 fideles
1495 2875 1622 2968 nostri,
1647 2874 1817 2966 majestati
1844 2867 1956 2948 nostro

543 3004 694 3102 graviter
712 3011 793 3078 sunt
808 3003 987 3099 conquesti
1003 2999 1102 3098 quod
1126 2997 1171 3075 de
1194 2998 1407 3098 quibusdam
1433 3001 1630 3074 tenimentis
1651 3019 1721 3096 que
1743 2999 1779 3073 in
1801 3001 1955 3096 partibus

543 3130 613 3204 Sile
635 3128 879 3204 monasterium
898 3127 1013 3224 ipsum
1036 3127 1150 3222 longis
1173 3136 1263 3202 retro
1288 3127 1501 3225 temporibus
1516 3127 1639 3200 babuit
1656 3125 1903 3200 rationabiliter
1923 3133 1956 3198 et

542 3253 717 3353 possedit,
742 3276 804 3351 per
826 3252 1059 3328 venerabilem
1088 3251 1249 3326 abbatem
1273 3261 1308 3325 et
1331 3259 1538 3325 conventum
1563 3249 1733 3323 Florensis
1758 3249 1954 3322 monasterii

541 3389 625 3456 sunt
640 3401 704 3476 per
721 3378 922 3452 violentiam
941 3378 1098 3474 spoliati;
1120 3377 1155 3450 in
1180 3377 1310 3474 quibus
1331 3375 1527 3450 tenimentis
1547 3373 1691 3470 quidam
1711 3377 1833 3449 iratres
1856 3375 1911 3448 sui
1933 3395 1954 3447 a

540 3504 737 3603 pastoribus
752 3503 921 3577 Florensis
941 3503 1138 3579 monasterii
1157 3503 1295 3576 luerunt
1315 3502 1439 3576 acriter
1457 3501 1628 3575 verberati
1648 3508 1683 3574 et
1704 3499 1953 3596 quinquaginta

540 3652 625 3706 ovea
644 3639 679 3702 et
695 3651 751 3702 res
765 3629 832 3702 alie
851 3626 965 3702 ablate
983 3627 1141 3723 nequiter
1163 3627 1209 3700 ab
1227 3625 1374 3702 eisdem.
1395 3626 1482 3701 Cum
1505 3647 1588 3722 ergo
1605 3624 1695 3700 inter
1711 3645 1878 3722 personas
1894 3645 1953 3698 eo·

541 3755 748 3830 cleeiasticaa
763 3762 798 3828 et
816 3753 892 3828 loca
907 3751 1118 3827 venerabilia
1135 3750 1336 3846 hujusmodi
1353 3749 1516 3824 violentie
1530 3771 1600 3822 non
1619 3745 1768 3822 debeam
1781 3746 1949 3838 euanuit,

539 3877 748 3954 mandamus
764 3876 963 3952 discretioni
980 3889 1095 3952 vestre
1115 3885 1287 3974 quatenus
1302 3874 1500 3950 convocatis
1519 3873 1675 3970 partibus
1699 3893 1815 3948 coram
1831 3872 1949 3966 vobis,

541 4005 692 4082 audiatis
709 4025 850 4078 causam
864 4011 900 4076 et
913 4024 991 4076 eam
1008 4000 1176 4075 studeatis
1194 4000 1369 4074 mediante
1381 3999 1515 4095 justitia
1531 3998 1601 4072 linc
1618 3997 1736 4072 debito
1751 3999 1949 4088 terminare,

540 4141 579 4206 ut
588 4132 685 4224 juata
697 4151 801 4226 super
813 4129 879 4202 boc
891 4127 940 4202 ad
952 4125 1165 4202 audientiam
1180 4135 1332 4200 nostram
1342 4123 1464 4198 iterato
1477 4123 1692 4219 querimonia
1704 4143 1775 4196 non
1788 4128 1948 4196 recurrat.

588 4259 714 4330 Datum
731 4250 826 4350 apud
844 4251 1047 4340 Cutronum,
1067 4249 1175 4322 XVlll
1188 4248 1283 4342 maii,
1302 4249 1349 4321 Xl
1364 4246 1565 4321 indictione.

587 4380 747 4454 Partibus
770 4399 853 4473 ergo
875 4376 1028 4472 legitime
1051 4373 1163 4446 citatis
1188 4383 1224 4446 at
1243 4373 1280 4445 in
1301 4381 1417 4448 nostra
1435 4370 1607 4469 presentia
1630 4367 1845 4463 constitutis,
1867 4367 1951 4443 alle·

576 4688 613 4764 (t)
633 4688 739 4749 Scilicet
752 4687 879 4760 conone,
891 4685 964 4763 apud
976 4685 1095 4745 Graecos
1106 4685 1280 4745 mlaberrima
1291 4684 1385 4758 Croto,
1396 4699 1479 4760 super
1489 4683 1664 4742 Tuenbnum
1683 4682 1772 4742 dnum
1790 4677 1821 4738 iu
1833 4676 1950 4738 ultmu'ori

539 4785 672 4848 Calabria.
