4296 5898
541 581 603 648 244
1043 587 1257 650 intonaret
1284 588 1457 650 sacuam
1766 584 1846 666 [Ans.
1866 584 1946 648 lm

590 717 786 792 Frideriens
806 719 981 794 sccundus
999 719 1122 798 divina
1145 725 1283 798 tarenta
1303 723 1484 800 clementia
1502 725 1734 798 llomanorum
1756 721 1946 818 imperator,

542 865 679 940 semper
699 855 870 939 augustus
887 854 923 918 et
942 867 1006 920 rex
1027 847 1155 922 Sicilie.
1177 848 1242 924 Par
1260 869 1402 945 presens
1424 849 1590 946 scriptum
1614 855 1736 922 nomm
1759 844 1834 919 fieri
1854 847 1948 920 voln-

541 988 621 1040 mns
634 965 806 1040 universis
821 967 959 1064 imperii
972 967 1137 1044 fidelibus
1152 969 1249 1066 quod
1263 993 1327 1046 nos
1338 971 1553 1046 attendentes
1564 970 1671 1046 fidem
1682 993 1823 1068 puram,
1840 970 1949 1044 devo·

541 1091 670 1165 tionem
698 1091 868 1166 sinceram
897 1115 1032 1167 necnon
1058 1104 1095 1168 et
1127 1094 1337 1170 laudabilem
1369 1097 1664 1172 conversationem
1692 1096 1809 1170 dilecti
1842 1093 1949 1168 fidelis

540 1215 647 1290 nostri
657 1217 811 1292 Diatonis
821 1218 1029 1292 venerabilis
1040 1219 1176 1292 abbatis
1184 1220 1369 1294 Faucemis
1377 1230 1412 1295 et
1426 1223 1568 1295 tranum
1578 1222 1614 1294 in
1624 1219 1747 1296 eodem
1758 1219 1948 1314 locojtsnn-

538 1341 704 1434 lentium,
723 1343 837 1438 ipsum
858 1353 893 1417 et
909 1343 1089 1418 ecclesiam
1109 1367 1209 1418 suam
1232 1367 1313 1419 cum
1333 1345 1494 1421 omnibus
1510 1347 1611 1420 bonis
1631 1346 1704 1419 suis
1720 1343 1906 1418 mobilibus
1917 1351 1949 1416 et

539 1467 795 1561 immobilibus,
812 1468 923 1564 agris,
947 1469 1107 1565 pascuis,
1131 1469 1333 1565 piscaturis,
1350 1471 1550 1546 nemoribus
1571 1479 1607 1544 et
1628 1468 1799 1544 montenis
1815 1469 1853 1540 in
1869 1489 1948 1540 nos-

538 1599 626 1665 tram
644 1592 828 1688 specialem
842 1601 878 1666 et
889 1593 1025 1688 imperii
1040 1594 1227 1691 recipimus
1239 1596 1497 1692 protectionem,
1507 1603 1695 1670 statuentes
1703 1602 1739 1666 at
1753 1593 1947 1666 auctoritate

538 1718 706 1813 presentis
720 1717 839 1814 scripti
853 1717 1096 1792 confirmantes
1110 1721 1257 1794 utnulla
1272 1723 1415 1796 omnino
1427 1742 1574 1818 persona
1586 1721 1838 1814 cujuscumque
1852 1717 1948 1790 luerit

538 1840 759 1934 conditionis,
783 1843 854 1916 alta
874 1842 931 1916 vel
950 1841 1112 1935 humilis,
1136 1845 1368 1920 ecclesiastica
1394 1846 1451 1920 vel
1471 1845 1654 1936 secularis,
1670 1841 1882 1918 antedictum
1905 1843 1944 1913 D.

538 1963 701 2038 abbatem
730 1967 788 2039 vel
811 1965 963 2062 aliquem
995 1989 1231 2044 successorum
1264 1992 1406 2046 suorum
1428 1971 1464 2042 in
1487 1971 1588 2044 bonis
1609 1969 1752 2043 ecclesie
1778 1974 1948 2064 presumat

539 2091 739 2186 perturbare
763 2112 829 2164 neo
854 2091 906 2165 eis
930 2092 1120 2190 dampnum
1142 2094 1285 2192 aliquod
1307 2096 1470 2192 irrogare.
1499 2094 1602 2180 Quod
1624 2094 1684 2188 qui
1708 2089 1948 2189 presumpserit

540 2214 578 2288 in
594 2237 657 2289 sue
671 2216 872 2290 temeritatis
884 2217 1075 2294 vindictam
1093 2220 1365 2316 indignationem
1378 2220 1484 2294 nostri
1500 2219 1661 2294 culminis
1673 2239 1712 2291 se
1725 2217 1862 2292 noverit
1873 2237 1946 2311 gra·

539 2339 627 2415 viter
644 2341 880 2414 incursurum.
900 2343 1198 2440 Damuspreterea
1211 2344 1385 2418 universis
1400 2344 1585 2441 prepositis
1605 2353 1639 2416 et
1652 2342 1810 2418 officiatis
1830 2339 1947 2414 nostris

538 2466 630 2540 circa
647 2467 882 2562 possessiones
898 2477 1148 2563 prememorata
1168 2469 1312 2542 ecclesie
1326 2469 1618 2542 commorantibus
1638 2466 1781 2540 lirmitm
1800 2466 1838 2540 in
1853 2487 1946 2539 mau-

538 2589 628 2664 datis
650 2599 689 2664 ut
708 2591 924 2688 quicumque
941 2594 1132 2688 sepefatum
1157 2593 1318 2668 abbatem
1335 2595 1371 2667 in
1388 2593 1490 2668 bonis
1506 2592 1650 2668 ecclesie
1667 2612 1731 2665 sne
1748 2589 1903 2665 indebite
1913 2595 1948 2661 et

538 2726 657 2788 contra
678 2716 854 2810 justiciam
871 2715 1047 2790 offendere
1066 2718 1334 2815 presumpserit,
1358 2719 1426 2792 sibi
1450 2718 1631 2793 consilium
1650 2724 1685 2790 et
1703 2715 1831 2789 efficax
1852 2712 1947 2787 auxi·

537 2839 624 2913 lium
646 2839 693 2914 ad
715 2838 949 2914 defensionem
974 2849 1009 2913 et
1028 2841 1214 2917 tuicionem
1238 2842 1384 2919 ecclesie
1407 2864 1470 2918 sne
1493 2841 1731 2939 [impendere]
1752 2837 1947 2916 nullomodo

537 2961 774 3036 contradicant
799 2971 835 3036 et
858 2983 935 3036 eam
962 2972 1185 3054 manutenere
1211 2973 1316 3060 atque
1341 2965 1526 3040 defendere
1547 2985 1618 3039 non
1640 2961 1843 3053 obmittant,
1866 2959 1946 3056 ¹quia

536 3084 668 3158 tociens
686 3084 814 3159 dictam
832 3085 1070 3172 eeclesiamin
1089 3089 1184 3178 omni
1200 3091 1279 3182 jure
1302 3097 1338 3162 et
1359 3089 1515 3162 libertate
1529 3089 1606 3181 ejus
1626 3106 1829 3183 permenam
1852 3083 1947 3158 volu·

537 3231 637 3300 mus,
653 3211 743 3284 sicut
758 3218 912 3306 tempore
929 3211 1145 3308 imperatoris
1160 3213 1311 3288 Heinrici
1328 3214 1436 3311 patris
1450 3213 1556 3288 nosbi
1573 3212 1689 3285 inclite
1704 3205 1949 3284 reeordationis

537 3333 729 3408 dinoscitur
740 3334 985 3430 permansisse,
999 3336 1097 3411 salvo
1110 3336 1204 3412 omni
1215 3338 1296 3430 jure
1306 3335 1403 3433 quod
1418 3359 1482 3412 nos
1494 3347 1529 3411 st
1543 3336 1687 3412 heredes
1700 3335 1809 3410 nostri
1820 3333 1946 3407 ibidem

535 3456 664 3531 habere
680 3458 861 3533 debemus.

583 3583 709 3655 Datum
725 3583 878 3680 Venafri,
896 3605 990 3659 anno
1010 3585 1148 3658 Domini
1170 3584 1462 3681 medicata,
1480 3585 1511 3660 V
1530 3583 1697 3660 kalendas
1714 3581 1816 3676 maii,
1839 3577 1948 3653 indie·

537 3705 631 3779 tione
649 3705 801 3802 decima,
821 3730 914 3784 anno
929 3709 1065 3808 imperii
1081 3709 1189 3784 nostri
1207 3708 1373 3784 meando.

385 4445 451 4502 rnna
588 4420 823 4530 Friderious,
850 4420 1113 4506 Romanorum
1144 4418 1368 4530 imperator,
1396 4417 1548 4502 fidelem
1574 4439 1689 4498 suum
1714 4409 1948 4520 Witigonem

350 4498 484 4554 usnam,

353 4553 480 4610 ”W
534 4555 869 4664 praepositum‘de
895 4553 1178 4640 Raithenbuech
1199 4551 1480 4666 (Raitenbuch)
1501 4549 1660 4660 ejusque
1684 4542 1883 4628 ecelesiam
1907 4537 1946 4618 in

530 4687 737 4796 specialem
760 4714 871 4774 suam
891 4699 929 4774 et
946 4687 1096 4802 imperii
1117 4685 1248 4796 recipit
1266 4685 1558 4797 protectionem3
1578 4678 1769 4788 simrdque
1791 4671 1948 4778 mandat
