<?xml version="1.0" encoding="UTF-8"?>
<!DOCTYPE html PUBLIC "-//W3C//DTD XHTML 1.0 Transitional//EN"
    "http://www.w3.org/TR/xhtml1/DTD/xhtml1-transitional.dtd">
<html xmlns="http://www.w3.org/1999/xhtml" xml:lang="en" lang="en">
 <head>
  <title>
</title>
<meta http-equiv="Content-Type" content="text/html;charset=utf-8" />
  <meta name='ocr-system' content='tesseract 3.04.00' />
  <meta name='ocr-capabilities' content='ocr_page ocr_carea ocr_par ocr_line ocrx_word'/>
</head>
<body>
  <div class='ocr_page' id='page_1' title='image "./historiadiploma08fredgoog_0337.png"; bbox 0 0 4292 5894; ppageno 0'>
   <div class='ocr_carea' id='block_1_1' title="bbox 228 508 1641 592">
    <p class='ocr_par' dir='ltr' id='par_1_1' title="bbox 228 508 1641 592">
     <span class='ocr_line' id='line_1_1' title="bbox 228 508 1641 592; baseline -0.004 -14"><span class='ocrx_word' id='word_1_1' title='bbox 228 517 327 578; x_wconf 74' lang='lat' dir='ltr'>butor.</span> <span class='ocrx_word' id='word_1_2' title='bbox 344 514 406 592; x_wconf 91' lang='lat' dir='ltr'>ll.]</span> <span class='ocrx_word' id='word_1_3' title='bbox 681 508 878 571; x_wconf 80' lang='lat' dir='ltr'><strong>HISTORIA</strong></span> <span class='ocrx_word' id='word_1_4' title='bbox 904 509 1197 573; x_wconf 67' lang='lat' dir='ltr'>elaboraturos</span> <span class='ocrx_word' id='word_1_5' title='bbox 1580 511 1641 572; x_wconf 70' lang='lat'>325</span> 
     </span>
    </p>
   </div>
   <div class='ocr_carea' id='block_1_2' title="bbox 226 643 1749 4720">
    <p class='ocr_par' dir='ltr' id='par_1_2' title="bbox 226 643 1749 4720">
     <span class='ocr_line' id='line_1_2' title="bbox 228 643 1640 742; baseline -0.001 -21"><span class='ocrx_word' id='word_1_6' title='bbox 228 651 323 724; x_wconf 84' lang='lat' dir='ltr'>laum</span> <span class='ocrx_word' id='word_1_7' title='bbox 340 648 386 722; x_wconf 88' lang='lat' dir='ltr'>de</span> <span class='ocrx_word' id='word_1_8' title='bbox 402 647 536 722; x_wconf 82' lang='lat' dir='ltr'>Casillis</span> <span class='ocrx_word' id='word_1_9' title='bbox 553 667 633 718; x_wconf 93' lang='lat' dir='ltr'>cum</span> <span class='ocrx_word' id='word_1_10' title='bbox 646 645 784 719; x_wconf 87' lang='lat' dir='ltr'>villanis</span> <span class='ocrx_word' id='word_1_11' title='bbox 801 655 836 718; x_wconf 87' lang='lat' dir='ltr'>et</span> <span class='ocrx_word' id='word_1_12' title='bbox 852 645 1014 718; x_wconf 92' lang='lat' dir='ltr'>omnibus</span> <span class='ocrx_word' id='word_1_13' title='bbox 1033 667 1154 720; x_wconf 91' lang='lat' dir='ltr'>eorum</span> <span class='ocrx_word' id='word_1_14' title='bbox 1169 645 1396 742; x_wconf 74' lang='lat' dir='ltr'>pertinentiis.</span> <span class='ocrx_word' id='word_1_15' title='bbox 1415 643 1640 719; x_wconf 75' lang='lat' dir='ltr'>concedimus</span> 
     </span>
     <span class='ocr_line' id='line_1_3' title="bbox 230 768 1640 870; baseline -0.003 -26"><span class='ocrx_word' id='word_1_16' title='bbox 230 774 358 870; x_wconf 85' lang='lat' dir='ltr'>pariter</span> <span class='ocrx_word' id='word_1_17' title='bbox 376 779 411 844; x_wconf 92' lang='lat' dir='ltr'>et</span> <span class='ocrx_word' id='word_1_18' title='bbox 428 769 671 844; x_wconf 84' lang='lat' dir='ltr'>confirmamus</span> <span class='ocrx_word' id='word_1_19' title='bbox 692 770 796 842; x_wconf 89' lang='lat' dir='ltr'>simul</span> <span class='ocrx_word' id='word_1_20' title='bbox 818 769 922 842; x_wconf 91' lang='lat' dir='ltr'>etiam</span> <span class='ocrx_word' id='word_1_21' title='bbox 944 771 1108 843; x_wconf 89' lang='lat' dir='ltr'>Sanctum</span> <span class='ocrx_word' id='word_1_22' title='bbox 1125 769 1319 842; x_wconf 73' lang='lat' dir='ltr'>sinendum</span> <span class='ocrx_word' id='word_1_23' title='bbox 1338 768 1385 841; x_wconf 91' lang='lat' dir='ltr'>de</span> <span class='ocrx_word' id='word_1_24' title='bbox 1399 770 1544 843; x_wconf 87' lang='lat' dir='ltr'>Tarento</span> <span class='ocrx_word' id='word_1_25' title='bbox 1561 789 1640 841; x_wconf 92' lang='lat' dir='ltr'>cum</span> 
     </span>
     <span class='ocr_line' id='line_1_4' title="bbox 228 891 1641 991; baseline -0.001 -24"><span class='ocrx_word' id='word_1_26' title='bbox 228 895 392 968; x_wconf 89' lang='lat' dir='ltr'>omnibus</span> <span class='ocrx_word' id='word_1_27' title='bbox 407 893 622 991; x_wconf 89' lang='lat' dir='ltr'>pertinentiis</span> <span class='ocrx_word' id='word_1_28' title='bbox 635 894 721 982; x_wconf 91' lang='lat' dir='ltr'>suis,</span> <span class='ocrx_word' id='word_1_29' title='bbox 738 902 774 966; x_wconf 91' lang='lat' dir='ltr'>et</span> <span class='ocrx_word' id='word_1_30' title='bbox 785 892 914 966; x_wconf 82' lang='lat' dir='ltr'>ibidem</span> <span class='ocrx_word' id='word_1_31' title='bbox 926 894 1081 989; x_wconf 90' lang='lat' dir='ltr'>quinque</span> <span class='ocrx_word' id='word_1_32' title='bbox 1094 894 1293 989; x_wconf 71' lang='lat' dir='ltr'>piscatores,</span> <span class='ocrx_word' id='word_1_33' title='bbox 1306 891 1469 965; x_wconf 89' lang='lat' dir='ltr'>videlicet</span> <span class='ocrx_word' id='word_1_34' title='bbox 1480 891 1641 965; x_wconf 79' lang='lat' dir='ltr'>Amicum</span> 
     </span>
     <span class='ocr_line' id='line_1_5' title="bbox 230 1017 1642 1110; baseline -0.001 -19"><span class='ocrx_word' id='word_1_35' title='bbox 230 1019 341 1094; x_wconf 88' lang='lat' dir='ltr'>filium</span> <span class='ocrx_word' id='word_1_36' title='bbox 360 1019 594 1092; x_wconf 86' lang='lat' dir='ltr'>Sichiniscarii</span> <span class='ocrx_word' id='word_1_37' title='bbox 613 1026 648 1090; x_wconf 88' lang='lat' dir='ltr'>et</span> <span class='ocrx_word' id='word_1_38' title='bbox 668 1019 797 1090; x_wconf 84' lang='lat' dir='ltr'>Lucam</span> <span class='ocrx_word' id='word_1_39' title='bbox 815 1018 953 1090; x_wconf 85' lang='lat' dir='ltr'>tratrem</span> <span class='ocrx_word' id='word_1_40' title='bbox 974 1019 1051 1110; x_wconf 88' lang='lat' dir='ltr'>ejus</span> <span class='ocrx_word' id='word_1_41' title='bbox 1072 1026 1108 1089; x_wconf 91' lang='lat' dir='ltr'>et</span> <span class='ocrx_word' id='word_1_42' title='bbox 1124 1019 1284 1091; x_wconf 87' lang='lat' dir='ltr'>Maurum</span> <span class='ocrx_word' id='word_1_43' title='bbox 1308 1017 1445 1090; x_wconf 83' lang='lat' dir='ltr'>fratrem</span> <span class='ocrx_word' id='word_1_44' title='bbox 1467 1037 1587 1088; x_wconf 90' lang='lat' dir='ltr'>sorum</span> <span class='ocrx_word' id='word_1_45' title='bbox 1607 1026 1642 1089; x_wconf 90' lang='lat' dir='ltr'>et</span> 
     </span>
     <span class='ocr_line' id='line_1_6' title="bbox 228 1139 1641 1238; baseline -0.002 -22"><span class='ocrx_word' id='word_1_46' title='bbox 228 1143 414 1238; x_wconf 79' lang='lat' dir='ltr'>Georgium</span> <span class='ocrx_word' id='word_1_47' title='bbox 438 1143 548 1216; x_wconf 88' lang='lat' dir='ltr'>lilium</span> <span class='ocrx_word' id='word_1_48' title='bbox 564 1140 702 1215; x_wconf 88' lang='lat' dir='ltr'>Podarii</span> <span class='ocrx_word' id='word_1_49' title='bbox 717 1151 753 1215; x_wconf 89' lang='lat' dir='ltr'>et</span> <span class='ocrx_word' id='word_1_50' title='bbox 770 1141 942 1236; x_wconf 78' lang='lat' dir='ltr'>Angelum</span> <span class='ocrx_word' id='word_1_51' title='bbox 964 1144 1103 1213; x_wconf 88' lang='lat' dir='ltr'>fratrem</span> <span class='ocrx_word' id='word_1_52' title='bbox 1121 1144 1215 1234; x_wconf 89' lang='lat' dir='ltr'>ejus,</span> <span class='ocrx_word' id='word_1_53' title='bbox 1235 1151 1274 1213; x_wconf 89' lang='lat' dir='ltr'>ut</span> <span class='ocrx_word' id='word_1_54' title='bbox 1291 1141 1347 1214; x_wconf 92' lang='lat' dir='ltr'>isti</span> <span class='ocrx_word' id='word_1_55' title='bbox 1365 1140 1553 1236; x_wconf 84' lang='lat' dir='ltr'>supradicti</span> <span class='ocrx_word' id='word_1_56' title='bbox 1570 1139 1641 1213; x_wconf 91' lang='lat' dir='ltr'>bo-</span> 
     </span>
     <span class='ocr_line' id='line_1_7' title="bbox 229 1265 1640 1361; baseline -0.001 -23"><span class='ocrx_word' id='word_1_57' title='bbox 229 1269 352 1359; x_wconf 86' lang='lat' dir='ltr'>mines,</span> <span class='ocrx_word' id='word_1_58' title='bbox 371 1265 516 1339; x_wconf 88' lang='lat' dir='ltr'>heredes</span> <span class='ocrx_word' id='word_1_59' title='bbox 529 1275 564 1339; x_wconf 89' lang='lat' dir='ltr'>et</span> <span class='ocrx_word' id='word_1_60' title='bbox 577 1287 793 1339; x_wconf 87' lang='lat' dir='ltr'>successores</span> <span class='ocrx_word' id='word_1_61' title='bbox 808 1287 928 1338; x_wconf 91' lang='lat' dir='ltr'>eorum</span> <span class='ocrx_word' id='word_1_62' title='bbox 943 1267 1086 1338; x_wconf 87' lang='lat' dir='ltr'>liberam</span> <span class='ocrx_word' id='word_1_63' title='bbox 1102 1274 1301 1361; x_wconf 85' lang='lat' dir='ltr'>potestatem</span> <span class='ocrx_word' id='word_1_64' title='bbox 1318 1267 1468 1338; x_wconf 88' lang='lat' dir='ltr'>babeant</span> <span class='ocrx_word' id='word_1_65' title='bbox 1483 1265 1640 1360; x_wconf 87' lang='lat' dir='ltr'>piscandi</span> 
     </span>
     <span class='ocr_line' id='line_1_8' title="bbox 230 1390 1641 1486; baseline 0.002 -24"><span class='ocrx_word' id='word_1_66' title='bbox 230 1391 369 1464; x_wconf 90' lang='lat' dir='ltr'>inmari</span> <span class='ocrx_word' id='word_1_67' title='bbox 386 1411 494 1486; x_wconf 84' lang='lat' dir='ltr'>parvo</span> <span class='ocrx_word' id='word_1_68' title='bbox 511 1399 546 1464; x_wconf 87' lang='lat' dir='ltr'>st</span> <span class='ocrx_word' id='word_1_69' title='bbox 564 1411 692 1484; x_wconf 77' lang='lat' dir='ltr'>magno</span> <span class='ocrx_word' id='word_1_70' title='bbox 710 1398 745 1462; x_wconf 89' lang='lat' dir='ltr'>et</span> <span class='ocrx_word' id='word_1_71' title='bbox 757 1390 937 1462; x_wconf 90' lang='lat' dir='ltr'>teniariam</span> <span class='ocrx_word' id='word_1_72' title='bbox 955 1399 989 1462; x_wconf 90' lang='lat' dir='ltr'>et</span> <span class='ocrx_word' id='word_1_73' title='bbox 1002 1412 1122 1463; x_wconf 86' lang='lat' dir='ltr'>omnes</span> <span class='ocrx_word' id='word_1_74' title='bbox 1140 1391 1407 1464; x_wconf 88' lang='lat' dir='ltr'>consuetudines</span> <span class='ocrx_word' id='word_1_75' title='bbox 1420 1405 1507 1484; x_wconf 85' lang='lat' dir='ltr'>quas</span> <span class='ocrx_word' id='word_1_76' title='bbox 1526 1400 1641 1465; x_wconf 88' lang='lat' dir='ltr'>nostre</span> 
     </span>
     <span class='ocr_line' id='line_1_9' title="bbox 229 1514 1640 1611; baseline 0 -23"><span class='ocrx_word' id='word_1_77' title='bbox 229 1515 419 1610; x_wconf 90' lang='lat' dir='ltr'>reipublice</span> <span class='ocrx_word' id='word_1_78' title='bbox 432 1515 517 1588; x_wconf 86' lang='lat' dir='ltr'>dare</span> <span class='ocrx_word' id='word_1_79' title='bbox 532 1524 567 1588; x_wconf 89' lang='lat' dir='ltr'>et</span> <span class='ocrx_word' id='word_1_80' title='bbox 584 1517 779 1611; x_wconf 86' lang='lat' dir='ltr'>persolvere</span> <span class='ocrx_word' id='word_1_81' title='bbox 800 1514 982 1588; x_wconf 89' lang='lat' dir='ltr'>debentia</span> <span class='ocrx_word' id='word_1_82' title='bbox 999 1514 1166 1609; x_wconf 73' lang='lat' dir='ltr'>iamdicto</span> <span class='ocrx_word' id='word_1_83' title='bbox 1187 1515 1394 1589; x_wconf 87' lang='lat' dir='ltr'>monasterio</span> <span class='ocrx_word' id='word_1_84' title='bbox 1414 1515 1527 1587; x_wconf 91' lang='lat' dir='ltr'>Sancti</span> <span class='ocrx_word' id='word_1_85' title='bbox 1545 1516 1640 1588; x_wconf 85' lang='lat' dir='ltr'>lan-</span> 
     </span>
     <span class='ocr_line' id='line_1_10' title="bbox 230 1639 1640 1734; baseline 0 -21"><span class='ocrx_word' id='word_1_86' title='bbox 230 1641 330 1713; x_wconf 79' lang='lat' dir='ltr'>mntii</span> <span class='ocrx_word' id='word_1_87' title='bbox 345 1640 477 1734; x_wconf 90' lang='lat' dir='ltr'>absque</span> <span class='ocrx_word' id='word_1_88' title='bbox 494 1649 610 1714; x_wconf 90' lang='lat' dir='ltr'>nostra</span> <span class='ocrx_word' id='word_1_89' title='bbox 625 1639 680 1712; x_wconf 86' lang='lat' dir='ltr'>rel</span> <span class='ocrx_word' id='word_1_90' title='bbox 696 1639 864 1713; x_wconf 86' lang='lat' dir='ltr'>heredum</span> <span class='ocrx_word' id='word_1_91' title='bbox 882 1647 943 1712; x_wconf 88' lang='lat' dir='ltr'>aut</span> <span class='ocrx_word' id='word_1_92' title='bbox 958 1661 1193 1713; x_wconf 88' lang='lat' dir='ltr'>successorum</span> <span class='ocrx_word' id='word_1_93' title='bbox 1212 1651 1406 1713; x_wconf 88' lang='lat' dir='ltr'>nostrorum</span> <span class='ocrx_word' id='word_1_94' title='bbox 1420 1640 1476 1712; x_wconf 87' lang='lat' dir='ltr'>vel</span> <span class='ocrx_word' id='word_1_95' title='bbox 1493 1639 1640 1732; x_wconf 74' lang='lat' dir='ltr'>alicuius</span> 
     </span>
     <span class='ocr_line' id='line_1_11' title="bbox 230 1763 1640 1860; baseline -0.001 -24"><span class='ocrx_word' id='word_1_96' title='bbox 230 1763 501 1838; x_wconf 79' lang='lat' dir='ltr'>contradictione</span> <span class='ocrx_word' id='word_1_97' title='bbox 527 1763 674 1838; x_wconf 90' lang='lat' dir='ltr'>reddant</span> <span class='ocrx_word' id='word_1_98' title='bbox 695 1764 803 1837; x_wconf 89' lang='lat' dir='ltr'>libere</span> <span class='ocrx_word' id='word_1_99' title='bbox 825 1772 860 1836; x_wconf 92' lang='lat' dir='ltr'>et</span> <span class='ocrx_word' id='word_1_100' title='bbox 885 1766 1096 1860; x_wconf 86' lang='lat' dir='ltr'>persolvant.</span> <span class='ocrx_word' id='word_1_101' title='bbox 1121 1766 1262 1838; x_wconf 88' lang='lat' dir='ltr'>Necnon</span> <span class='ocrx_word' id='word_1_102' title='bbox 1286 1773 1322 1838; x_wconf 91' lang='lat' dir='ltr'>et</span> <span class='ocrx_word' id='word_1_103' title='bbox 1347 1787 1453 1837; x_wconf 88' lang='lat' dir='ltr'>unam</span> <span class='ocrx_word' id='word_1_104' title='bbox 1482 1766 1640 1859; x_wconf 87' lang='lat' dir='ltr'>plancam</span> 
     </span>
     <span class='ocr_line' id='line_1_12' title="bbox 230 1887 1640 1982; baseline 0 -23"><span class='ocrx_word' id='word_1_105' title='bbox 230 1908 300 1982; x_wconf 89' lang='lat' dir='ltr'>que</span> <span class='ocrx_word' id='word_1_106' title='bbox 318 1887 384 1960; x_wconf 85' lang='lat' dir='ltr'>fuit</span> <span class='ocrx_word' id='word_1_107' title='bbox 399 1887 570 1962; x_wconf 85' lang='lat' dir='ltr'>Sandonis</span> <span class='ocrx_word' id='word_1_108' title='bbox 582 1887 739 1979; x_wconf 85' lang='lat' dir='ltr'>ejusdem</span> <span class='ocrx_word' id='word_1_109' title='bbox 756 1887 906 1960; x_wconf 85' lang='lat' dir='ltr'>civitatis</span> <span class='ocrx_word' id='word_1_110' title='bbox 919 1889 1130 1961; x_wconf 87' lang='lat' dir='ltr'>vicecomitis</span> <span class='ocrx_word' id='word_1_111' title='bbox 1146 1889 1182 1960; x_wconf 92' lang='lat' dir='ltr'>in</span> <span class='ocrx_word' id='word_1_112' title='bbox 1200 1887 1398 1982; x_wconf 86' lang='lat' dir='ltr'>supradicta</span> <span class='ocrx_word' id='word_1_113' title='bbox 1411 1887 1541 1962; x_wconf 86' lang='lat' dir='ltr'>ratione</span> <span class='ocrx_word' id='word_1_114' title='bbox 1558 1911 1640 1960; x_wconf 88' lang='lat' dir='ltr'>oon·</span> 
     </span>
     <span class='ocr_line' id='line_1_13' title="bbox 231 2009 1640 2106; baseline 0.002 -24"><span class='ocrx_word' id='word_1_115' title='bbox 231 2010 388 2083; x_wconf 89' lang='lat' dir='ltr'>cedimus</span> <span class='ocrx_word' id='word_1_116' title='bbox 401 2022 437 2083; x_wconf 89' lang='lat' dir='ltr'>at</span> <span class='ocrx_word' id='word_1_117' title='bbox 452 2009 714 2102; x_wconf 88' lang='lat' dir='ltr'>confirmamus;</span> <span class='ocrx_word' id='word_1_118' title='bbox 732 2009 795 2084; x_wconf 89' lang='lat' dir='ltr'>bos</span> <span class='ocrx_word' id='word_1_119' title='bbox 814 2021 930 2084; x_wconf 91' lang='lat' dir='ltr'>autem</span> <span class='ocrx_word' id='word_1_120' title='bbox 944 2011 1117 2106; x_wconf 91' lang='lat' dir='ltr'>predictos</span> <span class='ocrx_word' id='word_1_121' title='bbox 1135 2012 1293 2084; x_wconf 89' lang='lat' dir='ltr'>homines</span> <span class='ocrx_word' id='word_1_122' title='bbox 1310 2021 1346 2084; x_wconf 94' lang='lat' dir='ltr'>et</span> <span class='ocrx_word' id='word_1_123' title='bbox 1361 2033 1481 2084; x_wconf 91' lang='lat' dir='ltr'>eorum</span> <span class='ocrx_word' id='word_1_124' title='bbox 1496 2033 1640 2085; x_wconf 88' lang='lat' dir='ltr'>succes-</span> 
     </span>
     <span class='ocr_line' id='line_1_14' title="bbox 229 2135 1638 2227; baseline 0.001 -21"><span class='ocrx_word' id='word_1_125' title='bbox 229 2153 325 2206; x_wconf 85' lang='lat' dir='ltr'>sores</span> <span class='ocrx_word' id='word_1_126' title='bbox 343 2135 470 2208; x_wconf 91' lang='lat' dir='ltr'>liberos</span> <span class='ocrx_word' id='word_1_127' title='bbox 485 2135 522 2206; x_wconf 93' lang='lat' dir='ltr'>in</span> <span class='ocrx_word' id='word_1_128' title='bbox 540 2135 740 2208; x_wconf 89' lang='lat' dir='ltr'>demanium</span> <span class='ocrx_word' id='word_1_129' title='bbox 759 2137 954 2209; x_wconf 88' lang='lat' dir='ltr'>monasterii</span> <span class='ocrx_word' id='word_1_130' title='bbox 972 2145 1007 2209; x_wconf 90' lang='lat' dir='ltr'>st</span> <span class='ocrx_word' id='word_1_131' title='bbox 1025 2138 1200 2210; x_wconf 87' lang='lat' dir='ltr'>absolutos</span> <span class='ocrx_word' id='word_1_132' title='bbox 1219 2136 1460 2227; x_wconf 87' lang='lat' dir='ltr'>concedimus,</span> <span class='ocrx_word' id='word_1_133' title='bbox 1480 2136 1526 2209; x_wconf 90' lang='lat' dir='ltr'>ab</span> <span class='ocrx_word' id='word_1_134' title='bbox 1545 2137 1638 2210; x_wconf 90' lang='lat' dir='ltr'>omni</span> 
     </span>
     <span class='ocr_line' id='line_1_15' title="bbox 230 2257 1641 2356; baseline 0.004 -27"><span class='ocrx_word' id='word_1_135' title='bbox 230 2277 290 2329; x_wconf 92' lang='lat' dir='ltr'>eos</span> <span class='ocrx_word' id='word_1_136' title='bbox 316 2257 457 2352; x_wconf 91' lang='lat' dir='ltr'>publico</span> <span class='ocrx_word' id='word_1_137' title='bbox 484 2258 625 2331; x_wconf 87' lang='lat' dir='ltr'>servitio</span> <span class='ocrx_word' id='word_1_138' title='bbox 648 2258 845 2332; x_wconf 79' lang='lat' dir='ltr'>liberantes.</span> <span class='ocrx_word' id='word_1_139' title='bbox 871 2260 1033 2332; x_wconf 86' lang='lat' dir='ltr'>Similiter</span> <span class='ocrx_word' id='word_1_140' title='bbox 1059 2259 1283 2333; x_wconf 88' lang='lat' dir='ltr'>concedimus</span> <span class='ocrx_word' id='word_1_141' title='bbox 1309 2261 1345 2332; x_wconf 95' lang='lat' dir='ltr'>in</span> <span class='ocrx_word' id='word_1_142' title='bbox 1369 2262 1502 2356; x_wconf 87' lang='lat' dir='ltr'>prelato</span> <span class='ocrx_word' id='word_1_143' title='bbox 1523 2270 1641 2334; x_wconf 89' lang='lat' dir='ltr'>sancto</span> 
     </span>
     <span class='ocr_line' id='line_1_16' title="bbox 231 2382 1640 2478; baseline 0.004 -26"><span class='ocrx_word' id='word_1_144' title='bbox 231 2382 437 2455; x_wconf 90' lang='lat' dir='ltr'>monasterio</span> <span class='ocrx_word' id='word_1_145' title='bbox 456 2384 569 2455; x_wconf 91' lang='lat' dir='ltr'>casale</span> <span class='ocrx_word' id='word_1_146' title='bbox 589 2385 713 2456; x_wconf 84' lang='lat' dir='ltr'>Sancte</span> <span class='ocrx_word' id='word_1_147' title='bbox 729 2383 907 2478; x_wconf 87' lang='lat' dir='ltr'>Cenapure</span> <span class='ocrx_word' id='word_1_148' title='bbox 928 2384 972 2456; x_wconf 93' lang='lat' dir='ltr'>de</span> <span class='ocrx_word' id='word_1_149' title='bbox 988 2384 1136 2456; x_wconf 87' lang='lat' dir='ltr'>Policote</span> <span class='ocrx_word' id='word_1_150' title='bbox 1151 2407 1230 2456; x_wconf 89' lang='lat' dir='ltr'>curn</span> <span class='ocrx_word' id='word_1_151' title='bbox 1247 2386 1403 2458; x_wconf 87' lang='lat' dir='ltr'>ecclesiis</span> <span class='ocrx_word' id='word_1_152' title='bbox 1421 2395 1456 2458; x_wconf 92' lang='lat' dir='ltr'>et</span> <span class='ocrx_word' id='word_1_153' title='bbox 1478 2387 1640 2458; x_wconf 91' lang='lat' dir='ltr'>omnibus</span> 
     </span>
     <span class='ocr_line' id='line_1_17' title="bbox 230 2506 1638 2601; baseline 0.003 -26"><span class='ocrx_word' id='word_1_154' title='bbox 230 2507 444 2601; x_wconf 88' lang='lat' dir='ltr'>pertinentiis</span> <span class='ocrx_word' id='word_1_155' title='bbox 460 2506 527 2578; x_wconf 90' lang='lat' dir='ltr'>sibi</span> <span class='ocrx_word' id='word_1_156' title='bbox 547 2506 696 2579; x_wconf 92' lang='lat' dir='ltr'>subditis</span> <span class='ocrx_word' id='word_1_157' title='bbox 715 2517 749 2579; x_wconf 90' lang='lat' dir='ltr'>et</span> <span class='ocrx_word' id='word_1_158' title='bbox 766 2508 915 2580; x_wconf 88' lang='lat' dir='ltr'>abatiam</span> <span class='ocrx_word' id='word_1_159' title='bbox 930 2511 1054 2581; x_wconf 89' lang='lat' dir='ltr'>Sancte</span> <span class='ocrx_word' id='word_1_160' title='bbox 1072 2509 1179 2580; x_wconf 84' lang='lat' dir='ltr'>Maria</span> <span class='ocrx_word' id='word_1_161' title='bbox 1197 2509 1242 2581; x_wconf 88' lang='lat' dir='ltr'>de</span> <span class='ocrx_word' id='word_1_162' title='bbox 1259 2511 1384 2581; x_wconf 90' lang='lat' dir='ltr'>Sancto</span> <span class='ocrx_word' id='word_1_163' title='bbox 1399 2508 1540 2582; x_wconf 87' lang='lat' dir='ltr'>Onoirio</span> <span class='ocrx_word' id='word_1_164' title='bbox 1559 2531 1638 2580; x_wconf 91' lang='lat' dir='ltr'>cum</span> 
     </span>
     <span class='ocr_line' id='line_1_18' title="bbox 229 2631 1640 2728; baseline 0.001 -25"><span class='ocrx_word' id='word_1_165' title='bbox 229 2631 383 2703; x_wconf 87' lang='lat' dir='ltr'>ecclesiis</span> <span class='ocrx_word' id='word_1_166' title='bbox 399 2631 472 2704; x_wconf 86' lang='lat' dir='ltr'>suis</span> <span class='ocrx_word' id='word_1_167' title='bbox 486 2643 522 2704; x_wconf 88' lang='lat' dir='ltr'>et</span> <span class='ocrx_word' id='word_1_168' title='bbox 534 2653 655 2704; x_wconf 88' lang='lat' dir='ltr'>earum</span> <span class='ocrx_word' id='word_1_169' title='bbox 669 2632 883 2728; x_wconf 87' lang='lat' dir='ltr'>pertinentiis</span> <span class='ocrx_word' id='word_1_170' title='bbox 897 2642 932 2704; x_wconf 89' lang='lat' dir='ltr'>et</span> <span class='ocrx_word' id='word_1_171' title='bbox 950 2633 1195 2705; x_wconf 88' lang='lat' dir='ltr'>monasterium</span> <span class='ocrx_word' id='word_1_172' title='bbox 1214 2633 1329 2705; x_wconf 89' lang='lat' dir='ltr'>Sancti</span> <span class='ocrx_word' id='word_1_173' title='bbox 1343 2634 1468 2725; x_wconf 79' lang='lat' dir='ltr'>Angeli</span> <span class='ocrx_word' id='word_1_174' title='bbox 1486 2633 1531 2705; x_wconf 93' lang='lat' dir='ltr'>de</span> <span class='ocrx_word' id='word_1_175' title='bbox 1544 2635 1640 2704; x_wconf 88' lang='lat' dir='ltr'>Fras·</span> 
     </span>
     <span class='ocr_line' id='line_1_19' title="bbox 230 2753 1639 2830; baseline 0.001 -3"><span class='ocrx_word' id='word_1_176' title='bbox 230 2753 341 2827; x_wconf 88' lang='lat' dir='ltr'>sinete</span> <span class='ocrx_word' id='word_1_177' title='bbox 365 2777 445 2826; x_wconf 91' lang='lat' dir='ltr'>cum</span> <span class='ocrx_word' id='word_1_178' title='bbox 466 2757 570 2828; x_wconf 88' lang='lat' dir='ltr'>casali</span> <span class='ocrx_word' id='word_1_179' title='bbox 588 2766 623 2828; x_wconf 90' lang='lat' dir='ltr'>et</span> <span class='ocrx_word' id='word_1_180' title='bbox 640 2756 793 2828; x_wconf 86' lang='lat' dir='ltr'>eeclesiis</span> <span class='ocrx_word' id='word_1_181' title='bbox 808 2756 873 2828; x_wconf 89' lang='lat' dir='ltr'>sibi</span> <span class='ocrx_word' id='word_1_182' title='bbox 896 2755 1044 2828; x_wconf 90' lang='lat' dir='ltr'>subditis</span> <span class='ocrx_word' id='word_1_183' title='bbox 1065 2766 1102 2829; x_wconf 90' lang='lat' dir='ltr'>et</span> <span class='ocrx_word' id='word_1_184' title='bbox 1119 2758 1283 2829; x_wconf 89' lang='lat' dir='ltr'>Sanctum</span> <span class='ocrx_word' id='word_1_185' title='bbox 1298 2758 1468 2830; x_wconf 89' lang='lat' dir='ltr'>Donatum</span> <span class='ocrx_word' id='word_1_186' title='bbox 1489 2758 1534 2830; x_wconf 92' lang='lat' dir='ltr'>de</span> <span class='ocrx_word' id='word_1_187' title='bbox 1556 2759 1639 2830; x_wconf 88' lang='lat' dir='ltr'>Bel-</span> 
     </span>
     <span class='ocr_line' id='line_1_20' title="bbox 231 2880 1640 2956; baseline 0.005 -7"><span class='ocrx_word' id='word_1_188' title='bbox 231 2889 347 2950; x_wconf 85' lang='lat' dir='ltr'>moute</span> <span class='ocrx_word' id='word_1_189' title='bbox 362 2900 441 2950; x_wconf 95' lang='lat' dir='ltr'>cum</span> <span class='ocrx_word' id='word_1_190' title='bbox 459 2880 562 2952; x_wconf 91' lang='lat' dir='ltr'>casali</span> <span class='ocrx_word' id='word_1_191' title='bbox 580 2901 644 2952; x_wconf 86' lang='lat' dir='ltr'>suo</span> <span class='ocrx_word' id='word_1_192' title='bbox 669 2889 703 2953; x_wconf 91' lang='lat' dir='ltr'>et</span> <span class='ocrx_word' id='word_1_193' title='bbox 720 2881 880 2954; x_wconf 85' lang='lat' dir='ltr'>Sanctam</span> <span class='ocrx_word' id='word_1_194' title='bbox 894 2880 1037 2954; x_wconf 89' lang='lat' dir='ltr'>Mariam</span> <span class='ocrx_word' id='word_1_195' title='bbox 1059 2881 1105 2954; x_wconf 89' lang='lat' dir='ltr'>de</span> <span class='ocrx_word' id='word_1_196' title='bbox 1125 2882 1258 2954; x_wconf 87' lang='lat' dir='ltr'>Toricto</span> <span class='ocrx_word' id='word_1_197' title='bbox 1280 2904 1360 2954; x_wconf 92' lang='lat' dir='ltr'>cum</span> <span class='ocrx_word' id='word_1_198' title='bbox 1386 2881 1586 2955; x_wconf 90' lang='lat' dir='ltr'>bominibus</span> <span class='ocrx_word' id='word_1_199' title='bbox 1606 2895 1640 2956; x_wconf 89' lang='lat' dir='ltr'>et</span> 
     </span>
     <span class='ocr_line' id='line_1_21' title="bbox 229 3003 1638 3100; baseline 0.001 -24"><span class='ocrx_word' id='word_1_200' title='bbox 229 3024 349 3076; x_wconf 86' lang='lat' dir='ltr'>earum</span> <span class='ocrx_word' id='word_1_201' title='bbox 369 3005 655 3099; x_wconf 85' lang='lat' dir='ltr'>possessionibus.</span> <span class='ocrx_word' id='word_1_202' title='bbox 675 3003 731 3077; x_wconf 81' lang='lat' dir='ltr'>Ad</span> <span class='ocrx_word' id='word_1_203' title='bbox 748 3007 911 3098; x_wconf 88' lang='lat' dir='ltr'>majorem</span> <span class='ocrx_word' id='word_1_204' title='bbox 927 3015 1081 3100; x_wconf 88' lang='lat' dir='ltr'>preterea</span> <span class='ocrx_word' id='word_1_205' title='bbox 1096 3007 1237 3078; x_wconf 85' lang='lat' dir='ltr'>tutelam</span> <span class='ocrx_word' id='word_1_206' title='bbox 1254 3015 1289 3077; x_wconf 90' lang='lat' dir='ltr'>ct</span> <span class='ocrx_word' id='word_1_207' title='bbox 1305 3006 1497 3078; x_wconf 86' lang='lat' dir='ltr'>libertatem</span> <span class='ocrx_word' id='word_1_208' title='bbox 1518 3008 1638 3100; x_wconf 87' lang='lat' dir='ltr'>prelati</span> 
     </span>
     <span class='ocr_line' id='line_1_22' title="bbox 229 3129 1640 3225; baseline 0.002 -25"><span class='ocrx_word' id='word_1_209' title='bbox 229 3129 339 3200; x_wconf 88' lang='lat' dir='ltr'>sancti</span> <span class='ocrx_word' id='word_1_210' title='bbox 368 3129 564 3202; x_wconf 87' lang='lat' dir='ltr'>monasterii</span> <span class='ocrx_word' id='word_1_211' title='bbox 592 3129 815 3203; x_wconf 87' lang='lat' dir='ltr'>concedimus</span> <span class='ocrx_word' id='word_1_212' title='bbox 844 3139 885 3201; x_wconf 92' lang='lat' dir='ltr'>ut</span> <span class='ocrx_word' id='word_1_213' title='bbox 912 3131 1124 3225; x_wconf 91' lang='lat' dir='ltr'>ubicumque</span> <span class='ocrx_word' id='word_1_214' title='bbox 1148 3131 1218 3202; x_wconf 91' lang='lat' dir='ltr'>sint</span> <span class='ocrx_word' id='word_1_215' title='bbox 1246 3130 1405 3202; x_wconf 88' lang='lat' dir='ltr'>monachi</span> <span class='ocrx_word' id='word_1_216' title='bbox 1428 3139 1463 3202; x_wconf 92' lang='lat' dir='ltr'>et</span> <span class='ocrx_word' id='word_1_217' title='bbox 1483 3131 1640 3203; x_wconf 88' lang='lat' dir='ltr'>homines</span> 
     </span>
     <span class='ocr_line' id='line_1_23' title="bbox 228 3251 1640 3348; baseline 0.001 -23"><span class='ocrx_word' id='word_1_218' title='bbox 228 3273 348 3325; x_wconf 91' lang='lat' dir='ltr'>eorum</span> <span class='ocrx_word' id='word_1_219' title='bbox 368 3251 405 3322; x_wconf 94' lang='lat' dir='ltr'>in</span> <span class='ocrx_word' id='word_1_220' title='bbox 423 3251 515 3324; x_wconf 88' lang='lat' dir='ltr'>villis</span> <span class='ocrx_word' id='word_1_221' title='bbox 533 3260 568 3324; x_wconf 88' lang='lat' dir='ltr'>et</span> <span class='ocrx_word' id='word_1_222' title='bbox 587 3252 785 3326; x_wconf 82' lang='lat' dir='ltr'>civitatibus</span> <span class='ocrx_word' id='word_1_223' title='bbox 806 3251 910 3344; x_wconf 90' lang='lat' dir='ltr'>meis,</span> <span class='ocrx_word' id='word_1_224' title='bbox 932 3252 1090 3326; x_wconf 81' lang='lat' dir='ltr'>homines</span> <span class='ocrx_word' id='word_1_225' title='bbox 1113 3252 1275 3326; x_wconf 89' lang='lat' dir='ltr'>videlicet</span> <span class='ocrx_word' id='word_1_226' title='bbox 1294 3253 1415 3348; x_wconf 87' lang='lat' dir='ltr'>prelati</span> <span class='ocrx_word' id='word_1_227' title='bbox 1444 3255 1640 3328; x_wconf 87' lang='lat' dir='ltr'>monasterii</span> 
     </span>
     <span class='ocr_line' id='line_1_24' title="bbox 229 3374 1641 3473; baseline 0.002 -25"><span class='ocrx_word' id='word_1_228' title='bbox 229 3374 341 3448; x_wconf 89' lang='lat' dir='ltr'>nullas</span> <span class='ocrx_word' id='word_1_229' title='bbox 359 3376 498 3471; x_wconf 87' lang='lat' dir='ltr'>penitus</span> <span class='ocrx_word' id='word_1_230' title='bbox 511 3374 688 3450; x_wconf 82' lang='lat' dir='ltr'>vendendi</span> <span class='ocrx_word' id='word_1_231' title='bbox 705 3377 761 3449; x_wconf 85' lang='lat' dir='ltr'>vel</span> <span class='ocrx_word' id='word_1_232' title='bbox 776 3377 914 3450; x_wconf 88' lang='lat' dir='ltr'>emendi</span> <span class='ocrx_word' id='word_1_233' title='bbox 929 3378 1197 3450; x_wconf 88' lang='lat' dir='ltr'>consuetudines</span> <span class='ocrx_word' id='word_1_234' title='bbox 1207 3374 1369 3471; x_wconf 87' lang='lat' dir='ltr'>reddant,</span> <span class='ocrx_word' id='word_1_235' title='bbox 1384 3399 1498 3473; x_wconf 91' lang='lat' dir='ltr'>neque</span> <span class='ocrx_word' id='word_1_236' title='bbox 1509 3379 1554 3452; x_wconf 92' lang='lat' dir='ltr'>sit</span> <span class='ocrx_word' id='word_1_237' title='bbox 1569 3378 1641 3452; x_wconf 92' lang='lat' dir='ltr'>ali-</span> 
     </span>
     <span class='ocr_line' id='line_1_25' title="bbox 229 3499 1637 3598; baseline 0.006 -28"><span class='ocrx_word' id='word_1_238' title='bbox 229 3499 310 3594; x_wconf 90' lang='lat' dir='ltr'>quis</span> <span class='ocrx_word' id='word_1_239' title='bbox 326 3500 372 3573; x_wconf 80' lang='lat' dir='ltr'>da</span> <span class='ocrx_word' id='word_1_240' title='bbox 387 3501 608 3574; x_wconf 80' lang='lat' dir='ltr'>exactoribus</span> <span class='ocrx_word' id='word_1_241' title='bbox 626 3502 751 3574; x_wconf 90' lang='lat' dir='ltr'>nostris</span> <span class='ocrx_word' id='word_1_242' title='bbox 768 3502 831 3596; x_wconf 92' lang='lat' dir='ltr'>qui</span> <span class='ocrx_word' id='word_1_243' title='bbox 851 3503 1067 3598; x_wconf 87' lang='lat' dir='ltr'>supradictas</span> <span class='ocrx_word' id='word_1_244' title='bbox 1086 3501 1355 3576; x_wconf 87' lang='lat' dir='ltr'>consuetudines</span> <span class='ocrx_word' id='word_1_245' title='bbox 1371 3504 1418 3577; x_wconf 87' lang='lat' dir='ltr'>ab</span> <span class='ocrx_word' id='word_1_246' title='bbox 1436 3504 1488 3576; x_wconf 92' lang='lat' dir='ltr'>eis</span> <span class='ocrx_word' id='word_1_247' title='bbox 1506 3504 1637 3597; x_wconf 81' lang='lat' dir='ltr'>exigat.</span> 
     </span>
     <span class='ocr_line' id='line_1_26' title="bbox 229 3623 1641 3722; baseline 0.003 -26"><span class='ocrx_word' id='word_1_248' title='bbox 229 3623 459 3700; x_wconf 87' lang='lat' dir='ltr'>Cuncedimus</span> <span class='ocrx_word' id='word_1_249' title='bbox 476 3626 618 3722; x_wconf 88' lang='lat' dir='ltr'>iusuper</span> <span class='ocrx_word' id='word_1_250' title='bbox 639 3637 679 3698; x_wconf 91' lang='lat' dir='ltr'>ut</span> <span class='ocrx_word' id='word_1_251' title='bbox 700 3626 730 3697; x_wconf 90' lang='lat' dir='ltr'>si</span> <span class='ocrx_word' id='word_1_252' title='bbox 750 3624 908 3698; x_wconf 89' lang='lat' dir='ltr'>homines</span> <span class='ocrx_word' id='word_1_253' title='bbox 930 3626 1053 3721; x_wconf 87' lang='lat' dir='ltr'>prefati</span> <span class='ocrx_word' id='word_1_254' title='bbox 1071 3626 1269 3700; x_wconf 88' lang='lat' dir='ltr'>monasterii</span> <span class='ocrx_word' id='word_1_255' title='bbox 1290 3627 1424 3722; x_wconf 90' lang='lat' dir='ltr'>aliquid</span> <span class='ocrx_word' id='word_1_256' title='bbox 1445 3629 1533 3701; x_wconf 85' lang='lat' dir='ltr'>torte</span> <span class='ocrx_word' id='word_1_257' title='bbox 1558 3629 1641 3701; x_wconf 84' lang='lat' dir='ltr'>loris</span> 
     </span>
     <span class='ocr_line' id='line_1_27' title="bbox 228 3748 1642 3844; baseline 0.004 -24"><span class='ocrx_word' id='word_1_258' title='bbox 228 3748 390 3842; x_wconf 84' lang='lat' dir='ltr'>iecerint,</span> <span class='ocrx_word' id='word_1_259' title='bbox 408 3771 454 3824; x_wconf 91' lang='lat' dir='ltr'>ne</span> <span class='ocrx_word' id='word_1_260' title='bbox 468 3750 514 3822; x_wconf 91' lang='lat' dir='ltr'>sit</span> <span class='ocrx_word' id='word_1_261' title='bbox 530 3750 657 3844; x_wconf 88' lang='lat' dir='ltr'>aliquis</span> <span class='ocrx_word' id='word_1_262' title='bbox 677 3751 724 3822; x_wconf 88' lang='lat' dir='ltr'>ita</span> <span class='ocrx_word' id='word_1_263' title='bbox 740 3750 942 3823; x_wconf 89' lang='lat' dir='ltr'>temerarius</span> <span class='ocrx_word' id='word_1_264' title='bbox 962 3751 1019 3824; x_wconf 89' lang='lat' dir='ltr'>vel</span> <span class='ocrx_word' id='word_1_265' title='bbox 1032 3751 1152 3824; x_wconf 84' lang='lat' dir='ltr'>audax</span> <span class='ocrx_word' id='word_1_266' title='bbox 1167 3761 1207 3824; x_wconf 92' lang='lat' dir='ltr'>ut</span> <span class='ocrx_word' id='word_1_267' title='bbox 1226 3772 1285 3823; x_wconf 89' lang='lat' dir='ltr'>eos</span> <span class='ocrx_word' id='word_1_268' title='bbox 1299 3751 1374 3824; x_wconf 89' lang='lat' dir='ltr'>sine</span> <span class='ocrx_word' id='word_1_269' title='bbox 1390 3753 1538 3826; x_wconf 89' lang='lat' dir='ltr'>clamore</span> <span class='ocrx_word' id='word_1_270' title='bbox 1562 3774 1642 3825; x_wconf 80' lang='grc' dir='ltr'>ιιιο·</span> 
     </span>
     <span class='ocr_line' id='line_1_28' title="bbox 229 3874 1642 3974; baseline 0.003 -26"><span class='ocrx_word' id='word_1_271' title='bbox 229 3874 419 3948; x_wconf 87' lang='lat' dir='ltr'>nachorum</span> <span class='ocrx_word' id='word_1_272' title='bbox 442 3875 489 3948; x_wconf 91' lang='lat' dir='ltr'>ad</span> <span class='ocrx_word' id='word_1_273' title='bbox 507 3876 676 3970; x_wconf 74' lang='lat' dir='ltr'>iustitiam</span> <span class='ocrx_word' id='word_1_274' title='bbox 702 3896 826 3970; x_wconf 80' lang='lat' dir='ltr'>cogare</span> <span class='ocrx_word' id='word_1_275' title='bbox 849 3887 1044 3974; x_wconf 87' lang='lat' dir='ltr'>presumat;</span> <span class='ocrx_word' id='word_1_276' title='bbox 1069 3876 1131 3950; x_wconf 88' lang='lat' dir='ltr'>sed</span> <span class='ocrx_word' id='word_1_277' title='bbox 1156 3877 1319 3972; x_wconf 87' lang='lat' dir='ltr'>predictis</span> <span class='ocrx_word' id='word_1_278' title='bbox 1344 3879 1521 3950; x_wconf 88' lang='lat' dir='ltr'>monacbis</span> <span class='ocrx_word' id='word_1_279' title='bbox 1545 3879 1642 3974; x_wconf 89' lang='lat' dir='ltr'>prius</span> 
     </span>
     <span class='ocr_line' id='line_1_29' title="bbox 228 4002 1640 4099; baseline 0.003 -25"><span class='ocrx_word' id='word_1_280' title='bbox 228 4002 532 4096; x_wconf 83' lang='lat' dir='ltr'>proclamationem</span> <span class='ocrx_word' id='word_1_281' title='bbox 547 4003 650 4076; x_wconf 87' lang='lat' dir='ltr'>saciat</span> <span class='ocrx_word' id='word_1_282' title='bbox 664 4012 699 4076; x_wconf 92' lang='lat' dir='ltr'>et</span> <span class='ocrx_word' id='word_1_283' title='bbox 716 4023 778 4098; x_wconf 92' lang='lat' dir='ltr'>per</span> <span class='ocrx_word' id='word_1_284' title='bbox 796 4024 921 4076; x_wconf 91' lang='lat' dir='ltr'>manus</span> <span class='ocrx_word' id='word_1_285' title='bbox 937 4024 1057 4076; x_wconf 90' lang='lat' dir='ltr'>eorum</span> <span class='ocrx_word' id='word_1_286' title='bbox 1074 4012 1110 4076; x_wconf 90' lang='lat' dir='ltr'>et</span> <span class='ocrx_word' id='word_1_287' title='bbox 1124 4003 1160 4074; x_wconf 93' lang='lat' dir='ltr'>in</span> <span class='ocrx_word' id='word_1_288' title='bbox 1179 4003 1275 4076; x_wconf 87' lang='lat' dir='ltr'>curia</span> <span class='ocrx_word' id='word_1_289' title='bbox 1289 4024 1408 4076; x_wconf 90' lang='lat' dir='ltr'>eorum</span> <span class='ocrx_word' id='word_1_290' title='bbox 1426 4014 1545 4099; x_wconf 88' lang='lat' dir='ltr'>postea</span> <span class='ocrx_word' id='word_1_291' title='bbox 1556 4005 1640 4098; x_wconf 89' lang='lat' dir='ltr'>jus-</span> 
     </span>
     <span class='ocr_line' id='line_1_30' title="bbox 228 4125 1641 4223; baseline 0.005 -28"><span class='ocrx_word' id='word_1_292' title='bbox 228 4125 339 4198; x_wconf 87' lang='lat' dir='ltr'>titiam</span> <span class='ocrx_word' id='word_1_293' title='bbox 355 4125 482 4199; x_wconf 86' lang='lat' dir='ltr'>babeat</span> <span class='ocrx_word' id='word_1_294' title='bbox 499 4153 508 4197; x_wconf 75' lang='grc' dir='ltr'><strong><em>ε</em></strong></span> <span class='ocrx_word' id='word_1_295' title='bbox 526 4147 568 4200; x_wconf 91' lang='lat' dir='ltr'>ea</span> <span class='ocrx_word' id='word_1_296' title='bbox 580 4147 664 4200; x_wconf 82' lang='lat' dir='ltr'>veru</span> <span class='ocrx_word' id='word_1_297' title='bbox 676 4127 810 4199; x_wconf 88' lang='lat' dir='ltr'>ratione</span> <span class='ocrx_word' id='word_1_298' title='bbox 820 4135 859 4198; x_wconf 93' lang='lat' dir='ltr'>ut</span> <span class='ocrx_word' id='word_1_299' title='bbox 872 4127 987 4199; x_wconf 91' lang='lat' dir='ltr'>omnia</span> <span class='ocrx_word' id='word_1_300' title='bbox 1001 4127 1232 4223; x_wconf 87' lang='lat' dir='ltr'>suprascripta</span> <span class='ocrx_word' id='word_1_301' title='bbox 1245 4148 1382 4223; x_wconf 88' lang='lat' dir='ltr'>semper</span> <span class='ocrx_word' id='word_1_302' title='bbox 1395 4127 1503 4199; x_wconf 84' lang='lat' dir='ltr'>libers</span> <span class='ocrx_word' id='word_1_303' title='bbox 1520 4128 1590 4199; x_wconf 90' lang='lat' dir='ltr'>sint</span> <span class='ocrx_word' id='word_1_304' title='bbox 1603 4129 1641 4202; x_wconf 91' lang='lat' dir='ltr'>iu</span> 
     </span>
     <span class='ocr_line' id='line_1_31' title="bbox 228 4247 1637 4347; baseline 0.002 -26"><span class='ocrx_word' id='word_1_305' title='bbox 228 4247 385 4323; x_wconf 88' lang='lat' dir='ltr'>dominio</span> <span class='ocrx_word' id='word_1_306' title='bbox 402 4258 437 4324; x_wconf 87' lang='lat' dir='ltr'>et</span> <span class='ocrx_word' id='word_1_307' title='bbox 455 4259 622 4347; x_wconf 85' lang='lat' dir='ltr'>potestate</span> <span class='ocrx_word' id='word_1_308' title='bbox 630 4251 787 4344; x_wconf 86' lang='lat' dir='ltr'>jamdicti</span> <span class='ocrx_word' id='word_1_309' title='bbox 802 4251 998 4324; x_wconf 88' lang='lat' dir='ltr'>monasterii</span> <span class='ocrx_word' id='word_1_310' title='bbox 1013 4260 1047 4324; x_wconf 88' lang='lat' dir='ltr'>et</span> <span class='ocrx_word' id='word_1_311' title='bbox 1058 4251 1169 4325; x_wconf 89' lang='lat' dir='ltr'>abatis</span> <span class='ocrx_word' id='word_1_312' title='bbox 1183 4259 1219 4325; x_wconf 90' lang='lat' dir='ltr'>et</span> <span class='ocrx_word' id='word_1_313' title='bbox 1229 4272 1467 4324; x_wconf 88' lang='lat' dir='ltr'>successorum</span> <span class='ocrx_word' id='word_1_314' title='bbox 1483 4273 1637 4344; x_wconf 90' lang='lat' dir='ltr'>suorum,</span> 
     </span>
     <span class='ocr_line' id='line_1_32' title="bbox 227 4372 1641 4470; baseline 0.002 -24"><span class='ocrx_word' id='word_1_315' title='bbox 227 4381 264 4446; x_wconf 87' lang='lat' dir='ltr'>et</span> <span class='ocrx_word' id='word_1_316' title='bbox 281 4393 362 4467; x_wconf 83' lang='lat' dir='ltr'>pars</span> <span class='ocrx_word' id='word_1_317' title='bbox 391 4373 502 4470; x_wconf 88' lang='lat' dir='ltr'>ipsius</span> <span class='ocrx_word' id='word_1_318' title='bbox 525 4375 724 4448; x_wconf 87' lang='lat' dir='ltr'>monasterii</span> <span class='ocrx_word' id='word_1_319' title='bbox 745 4384 780 4448; x_wconf 89' lang='lat' dir='ltr'>et</span> <span class='ocrx_word' id='word_1_320' title='bbox 798 4374 974 4470; x_wconf 89' lang='lat' dir='ltr'>predictus</span> <span class='ocrx_word' id='word_1_321' title='bbox 992 4372 1165 4470; x_wconf 87' lang='lat' dir='ltr'>dompnus</span> <span class='ocrx_word' id='word_1_322' title='bbox 1185 4375 1359 4448; x_wconf 76' lang='lat' dir='ltr'>Guanuus</span> <span class='ocrx_word' id='word_1_323' title='bbox 1373 4375 1483 4449; x_wconf 87' lang='lat' dir='ltr'>abbas</span> <span class='ocrx_word' id='word_1_324' title='bbox 1499 4386 1534 4448; x_wconf 89' lang='lat' dir='ltr'>et</span> <span class='ocrx_word' id='word_1_325' title='bbox 1554 4397 1641 4450; x_wconf 90' lang='lat' dir='ltr'>suc-</span> 
     </span>
     <span class='ocr_line' id='line_1_33' title="bbox 227 4498 1642 4595; baseline 0.003 -26"><span class='ocrx_word' id='word_1_326' title='bbox 227 4517 382 4570; x_wconf 86' lang='lat' dir='ltr'>cessores</span> <span class='ocrx_word' id='word_1_327' title='bbox 399 4498 455 4570; x_wconf 93' lang='lat' dir='ltr'>sui</span> <span class='ocrx_word' id='word_1_328' title='bbox 470 4499 642 4571; x_wconf 89' lang='lat' dir='ltr'>licentiam</span> <span class='ocrx_word' id='word_1_329' title='bbox 663 4509 698 4571; x_wconf 90' lang='lat' dir='ltr'>et</span> <span class='ocrx_word' id='word_1_330' title='bbox 711 4506 912 4594; x_wconf 89' lang='lat' dir='ltr'>potestatem</span> <span class='ocrx_word' id='word_1_331' title='bbox 928 4499 1077 4572; x_wconf 90' lang='lat' dir='ltr'>habeant</span> <span class='ocrx_word' id='word_1_332' title='bbox 1090 4500 1125 4572; x_wconf 94' lang='lat' dir='ltr'>in</span> <span class='ocrx_word' id='word_1_333' title='bbox 1146 4499 1309 4595; x_wconf 88' lang='lat' dir='ltr'>predictis</span> <span class='ocrx_word' id='word_1_334' title='bbox 1325 4501 1424 4573; x_wconf 89' lang='lat' dir='ltr'>terris</span> <span class='ocrx_word' id='word_1_335' title='bbox 1437 4508 1473 4574; x_wconf 88' lang='lat' dir='ltr'>et</span> <span class='ocrx_word' id='word_1_336' title='bbox 1488 4498 1523 4571; x_wconf 93' lang='lat' dir='ltr'>in</span> <span class='ocrx_word' id='word_1_337' title='bbox 1544 4502 1642 4573; x_wconf 87' lang='lat' dir='ltr'>terris</span> 
     </span>
     <span class='ocr_line' id='line_1_34' title="bbox 226 4605 1749 4720; baseline 0.005 -29"><span class='ocrx_word' id='word_1_338' title='bbox 226 4641 318 4714; x_wconf 91' lang='lat' dir='ltr'>quas</span> <span class='ocrx_word' id='word_1_339' title='bbox 331 4605 395 4718; x_wconf 80' lang='lat' dir='ltr'>per</span> <span class='ocrx_word' id='word_1_340' title='bbox 411 4621 581 4716; x_wconf 88' lang='lat' dir='ltr'>civitates,</span> <span class='ocrx_word' id='word_1_341' title='bbox 598 4622 728 4719; x_wconf 92' lang='lat' dir='ltr'>oppida</span> <span class='ocrx_word' id='word_1_342' title='bbox 746 4635 781 4696; x_wconf 89' lang='lat' dir='ltr'>et</span> <span class='ocrx_word' id='word_1_343' title='bbox 798 4624 900 4696; x_wconf 87' lang='lat' dir='ltr'>villas</span> <span class='ocrx_word' id='word_1_344' title='bbox 914 4633 976 4696; x_wconf 90' lang='lat' dir='ltr'>aut</span> <span class='ocrx_word' id='word_1_345' title='bbox 991 4625 1164 4720; x_wconf 90' lang='lat' dir='ltr'>emptione</span> <span class='ocrx_word' id='word_1_346' title='bbox 1181 4645 1245 4699; x_wconf 87' lang='lat' dir='ltr'>seu</span> <span class='ocrx_word' id='word_1_347' title='bbox 1262 4625 1441 4700; x_wconf 78' lang='lat' dir='ltr'>offertione</span> <span class='ocrx_word' id='word_1_348' title='bbox 1457 4626 1513 4698; x_wconf 87' lang='lat' dir='ltr'>vel</span> <span class='ocrx_word' id='word_1_349' title='bbox 1528 4625 1643 4700; x_wconf 85' lang='lat' dir='ltr'>dona·</span> <span class='ocrx_word' id='word_1_350' title='bbox 1743 4675 1749 4686; x_wconf 81' lang='lat'><em>-</em></span> 
     </span>
    </p>
   </div>
   <div class='ocr_carea' id='block_1_3' title="bbox 0 0 2150 5893">
    <p class='ocr_par' dir='ltr' id='par_1_3' title="bbox 0 0 2150 5893">
     <span class='ocr_line' id='line_1_35' title="bbox 0 0 2150 5893; baseline 0 0"><span class='ocrx_word' id='word_1_351' title='bbox 0 0 2150 5893; x_wconf 95' lang='lat' dir='ltr'> </span> 
     </span>
    </p>
   </div>
  </div>
 </body>
</html>
