4368 5876
218 546 380 632 nmium
672 544 873 607 nrsrourn
897 546 1190 610 nrrnouarrcn.
1360 540 1364 550 '
1581 545 1637 607 rar

219 685 315 758 tibus
333 683 380 757 ad
399 679 623 756 ecclesiarum
642 701 785 754 suarum
805 681 1081 757 conservandam
1099 683 1344 756 inviolabiliter
1363 682 1554 756 libertatem
1572 683 1643 754 be-

218 808 365 902 nignum
395 805 604 880 adhibemus
628 827 821 878 assensum.
846 806 988 879 Noverit
1011 807 1118 903 igitur
1140 809 1350 882 universitas
1373 807 1585 904 presentium
1608 815 1644 880 et

220 931 396 1006 successio
416 933 612 1002 futurorum
629 930 726 1024 qnod
743 950 808 1003 nos
825 931 872 1003 ob
890 931 1055 1006 honorem
1075 933 1138 1006 Dei
1159 944 1195 1006 et
1212 934 1427 1006 sanctissime
1443 933 1562 1006 matris
1580 953 1644 1005 sue

220 1058 330 1134 llario
345 1057 525 1131 ecclesiam
549 1056 586 1127 in
607 1055 864 1128 Sobeltirsbeim
886 1064 922 1129 et
941 1058 1219 1131 sanctimoniales
1236 1059 1302 1130 loci
1322 1059 1433 1154 ipsius
1459 1079 1539 1130 cum
1564 1079 1645 1130 om-

221 1183 327 1256 nibus
350 1182 506 1278 personis
523 1182 594 1254 Deo
613 1179 744 1252 ibidem
760 1181 1009 1254 famulantibus
1033 1181 1070 1254 in
1085 1191 1236 1254 nostram
1252 1191 1288 1255 et
1304 1182 1439 1278 imperii
1459 1181 1643 1276 specialem

221 1307 441 1402 suscepimus
467 1305 714 1401 protectionem
743 1326 824 1379 cum
854 1305 1017 1378 omnibus
1045 1307 1147 1379 bouis
1175 1317 1210 1378 et
1237 1307 1513 1402 possessionibus
1546 1307 1640 1401 suis,

224 1432 330 1526 agris,
352 1431 483 1520 vineis,
504 1430 621 1520 silvis,
639 1429 742 1503 cultis
755 1438 792 1504 et
808 1430 965 1523 incultis,
986 1432 1110 1526 pratis,
1127 1431 1394 1527 piscationibus,
1414 1431 1643 1524 molendinis,

223 1556 363 1651 pascuis
380 1565 416 1628 et
433 1555 691 1649 universisque
707 1555 745 1626 in
764 1555 1015 1650 presentiarum
1025 1556 1119 1648 juste
1133 1556 1309 1652 possidere
1327 1556 1567 1647 dinoscuntur,
1586 1559 1645 1629 rel

223 1680 261 1753 in
275 1689 453 1776 posterum
470 1683 542 1754 Dm
557 1680 748 1754 auxiliante
758 1681 852 1772 juste
869 1689 1030 1776 poterunt
1047 1681 1212 1777 adipisci,
1230 1689 1265 1754 et
1277 1701 1397 1755 omnes
1412 1683 1646 1776 possessiones

224 1828 312 1899 quas
334 1804 529 1879 Fridericus
554 1805 631 1878 dux
652 1803 698 1878 de
722 1803 942 1878 Rutenburcb
969 1805 1133 1879 fundator
1153 1807 1298 1880 ecclesie
1320 1807 1557 1903 prenominatc
1582 1829 1645 1902 pro

224 1932 379 2005 remedio
408 1932 524 2005 anime
548 1953 612 2004 sue
641 1931 786 2004 ecclesie
808 1929 975 2024 jamdicte
1002 1931 1166 2024 contulit,
1192 1933 1402 2027 presentium
1430 1933 1646 2008 attestatione

225 2053 472 2128 confirmamus
490 2054 619 2144 eidem,
645 2065 836 2129 statuentes
862 2064 903 2127 ut
930 2055 1167 2152 prenominata
1189 2055 1334 2129 ecclesia
1361 2056 1495 2128 nullum
1520 2055 1646 2130 babeat

225 2181 435 2254 advocatum
461 2182 529 2254 nisi
551 2203 615 2254 nos
638 2191 673 2254 et
699 2201 915 2254 successores
941 2191 1076 2256 nosbos
1101 2181 1325 2276 imperatores
1352 2181 1584 2254 Romanorum
1610 2191 1646 2255 et

224 2327 337 2400 reges.
359 2307 549 2380 Statuimus
566 2305 671 2379 etiam
691 2313 732 2378 nt
753 2306 897 2379 ecclesia
916 2307 1071 2402 predicta
1091 2304 1138 2379 de
1161 2305 1370 2378 animalibus
1388 2305 1533 2378 ecclesie
1549 2316 1583 2378 et
1599 2307 1646 2381 de

226 2432 411 2505 novalibus
425 2455 495 2527 que
509 2433 629 2506 fratres
643 2431 727 2505 dicti
740 2432 806 2506 loci
820 2431 969 2527 propriis
982 2431 1144 2506 manibus
1157 2433 1214 2504 vel
1228 2430 1425 2527 sumptibus
1440 2430 1515 2503 suis
1534 2453 1646 2504 exco-

227 2557 354 2630 luerint
372 2558 459 2630 nulli
479 2579 635 2652 unquam
652 2557 805 2652 aliquam
823 2555 993 2630 decimam
1011 2559 1164 2648 solvant,
1185 2557 1249 2630 sed
1266 2555 1383 2628 omnia
1405 2556 1549 2628 ecclesie
1566 2579 1645 2629 ma-

226 2691 332 2756 neant
360 2682 537 2756 inviolata.
561 2681 787 2756 [lecrevimus
810 2681 914 2754 etiam
935 2691 976 2754 ut
1003 2682 1097 2754 nulla
1123 2703 1278 2776 unquam
1305 2702 1471 2776 persona,
1494 2681 1562 2754 alta
1587 2685 1644 2756 vel

227 2805 388 2899 humilis,
406 2807 635 2880 ecclesiastica
654 2817 716 2882 aut
735 2806 919 2890 secularis,
936 2806 1029 2880 bona
1042 2805 1209 2898 Jamdicte
1221 2805 1366 2879 ecclesie
1385 2805 1552 2880 invadere
1566 2829 1646 2902 prs·

228 2941 344 3006 sumat
366 2941 402 3006 et
425 2953 591 3028 personas
612 2930 772 3026 ejusdem
797 2931 1043 3026 aliquomodo
1070 2931 1283 3028 perturbare.
1308 2931 1411 3016 Quod
1437 2931 1499 3026 qui
1529 2933 1647 3006 lecerit

228 3058 501 3152 indignationem
515 3060 578 3132 Dei
596 3058 839 3156 omnipotentis
858 3080 897 3132 se
919 3057 1054 3132 noverit
1071 3057 1258 3130 incurrisse
1282 3066 1317 3129 et
1334 3057 1478 3151 gratiam
1496 3067 1646 3132 nostram

228 3193 263 3257 et
279 3183 415 3281 imperii
433 3183 585 3278 graviter
601 3182 800 3256 offendisse.

277 3309 390 3402 Hujus
407 3309 457 3382 rei
478 3317 582 3383 testes
603 3318 685 3381 sunt
704 3309 840 3382 Ulricus
862 3307 1078 3382 Patavieusis
1094 3306 1299 3402 episcopus,
1324 3359 1332 3377 .
1359 3359 1367 3376 .
1396 3359 1406 3376 .
1427 3305 1649 3381 Tridentinus

228 3432 432 3530 episcopus,
459 3434 650 3530 Diopoldus
678 3433 833 3507 marchio
861 3434 907 3507 de
931 3433 1149 3522 llobinberc,
1180 3432 1397 3502 Hermaunus
1426 3431 1578 3503 marchio
1604 3432 1649 3505 de

228 3556 361 3649 Badio,
380 3557 567 3633 Reinaldus
597 3559 673 3634 dux
703 3559 847 3656 Spoleti,
877 3580 992 3632 comes
1016 3557 1185 3630 Esuriens
1210 3557 1257 3629 de
1283 3553 1510 3646 Greifisbacb,
1536 3578 1651 3630 comes

228 3682 437 3757 bertholdus
459 3682 504 3758 de
528 3686 769 3776 Sacromonte,
796 3705 912 3756 comos
938 3682 1154 3755 Evirbardus
1174 3680 1220 3754 de
1239 3681 1470 3765 Hellensteiu,
1489 3682 1652 3753 Albertus

230 3807 278 3882 de
295 3810 419 3901 linteo,
438 3809 604 3883 liudolfus
626 3808 672 3884 de
697 3809 947 3904 lludirsingen,
966 3807 1135 3880 Henricus
1156 3803 1414 3901 dedeidegge,
1443 3805 1651 3878 Anshelrnus

229 3931 419 4028 imperialis
438 3933 517 4006 aule
541 3934 765 4026 marscalcus,
788 3931 983 4006 Fridericus
1002 3933 1168 4028 pincerna
1187 3929 1232 4002 de
1250 3929 1384 4020 Stolen,
1408 3929 1585 4002 conradus
1607 3930 1652 4003 de

229 4057 378 4151 Werda,
408 4058 607 4134 Hartwicus
634 4059 799 4154 magister
829 4057 977 4154 coqnine
1003 4055 1048 4130 de
1074 4055 1281 4146 llotinburc,
1309 4056 1485 4150 anoldus
1514 4055 1560 4126 de
1587 4055 1652 4126 llo·

229 4182 381 4256 tinburc.
670 4275 672 4280 Ι

280 4308 367 4382 Acta
391 4318 473 4381 sunt
501 4309 568 4383 heo
592 4307 689 4405 apud
715 4311 861 4400 Barunn,
886 4329 978 4381 anno
1004 4306 1178 4380 dominice
1201 4303 1445 4376 iucarnationis
1470 4303 1653 4376 millesimo

231 4435 471 4512 ducentesimo
489 4434 656 4510 vicesimo
676 4435 804 4531 primo,
825 4433 885 4507 vll
903 4431 985 4506 idus
1001 4431 1136 4522 martii,
1157 4428 1346 4503 indictione
1362 4449 1465 4501 noua.
