4272 5886
157 549 262 610 lanrcr.
280 543 343 620 la]
618 540 815 603 HISTORIA
840 540 1133 604 llll‘LOllATle
1522 537 1583 600 eat

160 684 334 758 concessit
355 691 391 756 et
413 677 630 754 confirmarit
661 698 759 753 sacro
789 678 909 754 domni
925 646 1062 754 ι8000ιο
1092 679 1200 752 llario
1225 672 1510 751 Theotcnicorum
1542 675 1580 746 in

161 806 389 883 lherosolima
403 804 520 879 omnia
536 802 719 899 privilegia
734 812 770 876 et
786 804 912 898 scripta
930 805 1085 897 quelibet
1101 825 1171 898 qne
1187 825 1208 876 a
1225 801 1527 899 predecessoribus
1545 807 1580 872 et

161 931 368 1028 parentibus
394 929 519 1002 nostris
540 929 632 999 clare
656 928 820 1000 memorie
835 929 981 1000 luerunt
1000 927 1116 1001 eidem
1137 927 1259 1002 domui
1289 925 1347 1022 piu
1378 924 1581 998 liberalitate

162 1077 342 1147 concessa,
360 1075 506 1128 necnon
519 1052 661 1146 insuper
673 1061 797 1144 castra,
813 1053 952 1144 casalia,
970 1053 1174 1126 bomineset
1187 1051 1503 1148 possessionesque
1517 1047 1582 1121 do·

164 1181 307 1254 natione
321 1201 457 1274 regum,
474 1177 696 1250 concessione
710 1177 904 1272 principum
922 1186 957 1251 et
970 1177 1144 1262 oblatione
1162 1176 1317 1250 fidelium
1333 1175 1409 1248 sive
1425 1173 1582 1268 quolibet

163 1305 237 1378 alio
255 1305 349 1396 justo
369 1303 469 1375 titulo
496 1309 551 1374 eal
575 1298 701 1396 adepta
725 1301 781 1372 vel
809 1301 846 1372 in
873 1303 1027 1374 laturum
1054 1301 1178 1397 poterit
1203 1299 1367 1397 adipisci,
1387 1298 1583 1394 specialiter

88 1515 92 1526 Ι
165 1439 285 1502 autem
310 1428 494 1500 Castellum
524 1425 616 1520 regis
646 1447 727 1498 cum
755 1426 918 1498 omnibus
943 1425 1159 1522 pertinentiis
1186 1425 1276 1517 suis,
1303 1429 1449 1520 excepto
1474 1422 1579 1494 casali

168 1547 355 1647 laretb(o),
367 1548 461 1645 quod
474 1548 606 1623 dictum
618 1547 801 1620 Castellum
815 1546 907 1642 regis
919 1548 1001 1620 olim
1016 1569 1132 1622 comes
1147 1549 1226 1620 Otto
1242 1547 1288 1622 de
1300 1545 1583 1641 Hennenberc(t)

167 1685 204 1749 et
223 1675 363 1749 Beatrix
380 1694 472 1746 uxor
487 1693 550 1745 sua
568 1670 638 1744 blia
662 1670 838 1765 quondam
859 1671 915 1766 pic
933 1672 1098 1744 memorie
1116 1672 1249 1745 comitis
1266 1670 1427 1746 Jozcclini
1451 1679 1486 1744 et
1502 1671 1582 1742 Otto

168 1822 290 1873 eorum
312 1798 405 1870 lilius
420 1795 535 1870 eidem
555 1795 674 1870 domui
691 1794 938 1886 vendiderunt,
960 1806 995 1868 et
1011 1796 1182 1892 quicquid
1204 1795 1379 1869 habebant
1403 1804 1439 1869 et
1455 1794 1584 1868 habere

170 1923 345 1998 debebant
360 1923 396 1994 in
420 1920 543 1996 eodem
560 1920 705 1994 Castalio
720 1920 812 2015 regis
833 1920 1021 1993 tenendum
1038 1932 1074 1995 et
1088 1920 1357 2017 possidendum,
1384 1921 1474 1994 sicut
1490 1919 1581 1994 idem

170 2069 287 2121 comes
303 2058 337 2121 et
353 2069 445 2121 uxor
459 2068 523 2119 sna
544 2053 578 2119 et
593 2054 826 2118 antecessores
839 2066 961 2118 eorum
983 2055 1168 2119 tenuerunt
1183 2056 1218 2120 et
1234 2045 1461 2142 possederunt
1478 2045 1585 2118 libere

171 2183 207 2247 et
231 2173 364 2268 quiete,
393 2171 549 2268 exceptis
576 2169 708 2244 amiciis
733 2169 967 2244 bisancicrum
992 2169 1039 2244 ad
1063 2171 1244 2244 cathenam
1265 2170 1405 2243 Aethon
1432 2171 1586 2265 assigna·

171 2309 302 2391 torum,
320 2321 409 2393 quas
432 2297 573 2372 assisias
590 2297 705 2371 dictus
723 2318 839 2370 comes
856 2307 891 2370 et
908 2317 999 2370 uxor
1021 2295 1256 2370 vendiderunt
1279 2296 1443 2390 magistro
1465 2305 1500 2369 et
1517 2297 1585 2370 lra-

173 2424 284 2496 tu'bus
299 2423 425 2496 domus
443 2421 601 2512 ejusdem
620 2431 655 2494 et
671 2422 835 2516 magister
853 2432 888 2495 et
905 2423 1024 2496 iratres
1040 2422 1248 2495 remiserunt
1264 2421 1387 2494 illustri
1406 2421 1479 2516 regi
1498 2421 1586 2517 patri

173 2558 290 2622 nostro
303 2557 338 2622 et
353 2546 610 2622 successoribus
631 2547 717 2619 suis.
740 2546 896 2620 Preterea
913 2547 1090 2643 predictus
1106 2546 1270 2621 dominus
1283 2557 1318 2619 et
1334 2547 1390 2620 vir
1405 2555 1520 2620 noster
1542 2546 1588 2620 de

173 2695 314 2746 assensu
335 2683 371 2745 ct
390 2672 566 2747 voluntate
594 2680 709 2745 nostra
730 2671 863 2744 remisit
883 2681 918 2744 et
940 2672 1113 2745 relaxavit
1141 2672 1255 2745 eidem
1280 2671 1400 2745 domui
1419 2672 1513 2744 illam
1532 2672 1590 2746 vi·

175 2799 300 2872 delicet
330 2797 566 2871 remissionem
599 2807 633 2869 et
662 2797 888 2892 quitationem
917 2819 1023 2891 quam
1057 2797 1221 2891 magister
1251 2806 1286 2870 et
1315 2798 1434 2871 tratres
1464 2797 1591 2871 domus

175 2923 330 3018 ejusdem
357 2924 510 2996 lecerunt
531 2919 645 2996 eidem
666 2923 741 3017 regi
757 2923 844 3018 patri
871 2931 987 2995 nostro
1006 2931 1040 2994 et
1057 2921 1315 2994 successoribus
1334 2922 1407 2995 suis
1426 2944 1532 3019 super
1549 2944 1591 2995 eo

178 3057 261 3139 toto,
276 3047 407 3120 scilicet
419 3046 516 3142 quod
531 3045 642 3120 estad
654 3068 795 3144 presens
809 3047 845 3118 in
860 3047 1021 3120 manibus
1037 3049 1318 3139 Sarracenorum,
1332 3056 1402 3120 lam
1419 3049 1455 3118 in
1472 3047 1591 3120 castris

176 3195 281 3268 quam
305 3172 340 3243 in
360 3171 548 3262 casalibus,
565 3170 765 3244 hominibus
783 3179 818 3244 et
837 3171 914 3244 aliis
935 3170 1145 3263 tenimentis,
1166 3194 1246 3244 oum
1265 3172 1369 3244 luerit
1387 3193 1409 3244 a
1430 3171 1591 3247 fidelibus

127 3387 141 3394 „
176 3295 403 3391 acquisitum,
424 3293 521 3389 quod
538 3292 632 3368 idem
649 3294 812 3388 magister
831 3304 866 3367 et
882 3295 1003 3368 iratres
1025 3294 1137 3391 ipsius
1155 3295 1281 3370 domus
1298 3305 1453 3370 emerant
1469 3317 1491 3369 a
1509 3319 1588 3392 pre·

177 3419 277 3496 dictis
299 3419 424 3492 comite
444 3429 480 3492 et
503 3441 628 3492 uxore.
659 3419 745 3493 Item
764 3418 927 3492 dominus
951 3429 986 3494 et
1004 3420 1058 3494 vir
1081 3430 1196 3494 noster
1219 3421 1388 3494 concessit
1407 3430 1443 3494 et
1463 3420 1589 3494 conlir·

178 3545 286 3617 mavit
308 3545 358 3618 eis
382 3543 524 3617 domum
544 3543 732 3639 quamdam
750 3545 846 3641 apud
868 3543 1010 3618 Accbon
1027 3568 1097 3640 que
1121 3546 1233 3618 luerat
1246 3545 1389 3618 comitis
1411 3547 1586 3622 Jozcelini.

179 3670 263 3742 ltem
289 3669 457 3742 concessit
480 3679 515 3742 et
542 3668 759 3743 confirmavit
787 3669 902 3744 eidem
926 3670 1046 3742 domui
1074 3677 1178 3744 totam
1204 3670 1449 3759 barbacanam,
1478 3681 1589 3748 turrea

179 3815 318 3889 quoque
332 3804 367 3867 et
381 3815 497 3867 muros
514 3803 549 3867 et
567 3796 732 3867 fossatum
750 3816 771 3867 a
786 3803 877 3867 meta
895 3794 1081 3890 porprisie,
1100 3817 1206 3889 quam
1227 3795 1395 3868 Henricus
1415 3797 1591 3871 Treccnsis

180 3940 296 3992 comes
316 3919 489 4026 palatinus
511 3941 580 3992 una
604 3941 684 3990 cnm
710 3941 854 3992 assensu
879 3917 1021 3992 domine
1041 3917 1203 3992 Ysabelle
1227 3921 1348 3993 uxoris
1367 3943 1431 3994 sue
1450 3923 1590 3996 illustris

180 4041 356 4138 qnondam
386 4042 479 4137 regis
507 4041 670 4118 Almerici
694 4041 765 4116 filie
789 4043 825 4115 in
853 4051 1052 4139 perpetuam
1081 4043 1303 4116 elemosinam
1332 4044 1443 4116 eidem
1469 4046 1591 4119 domni

180 4168 350 4240 concessit
372 4166 547 4262 usquead
570 4177 703 4264 portam
728 4169 824 4242 Beati
848 4167 1009 4264 Nycolai,
1035 4189 1078 4241 ca
1101 4175 1215 4241 umen
1238 4157 1435 4242 conditione
1459 4193 1529 4266 que
1554 4173 1591 4243 iu

181 4290 336 4382 ejusdem
367 4291 597 4365 concessionis
624 4289 807 4389 privilegio
836 4293 1041 4365 continetur.
1069 4292 1154 4365 Item
1181 4294 1226 4366 de
1258 4294 1480 4367 concessione
1510 4319 1590 4393 pre·

182 4416 264 4488 dicti
285 4414 416 4489 domini
430 4416 496 4490 viri
515 4416 623 4489 nostri
637 4417 771 4490 indulte
786 4427 867 4490 eunt
882 4417 947 4514 ipsi
966 4414 1086 4490 domui
1105 4416 1256 4512 quedam
1275 4417 1509 4494 immunitates
1521 4444 1591 4518 que

225 4564 267 4646 (a)
288 4569 324 4630 ln
337 4567 523 4646 praecedenti
534 4575 634 4632 nutem
650 4566 778 4630 Tierua.

225 4669 269 4753 ll]
289 4674 325 4734 ln
337 4675 521 4753 praecedenti
533 4673 696 4754 quoquedc
708 4672 910 4749 Etutam,
925 4677 979 4740 scd
991 4679 1091 4738 mlnus
1103 4682 1192 4740 recte.

262 4781 303 4844 ll.
1397 4795 1434 4848 et
