4272 5886
553 529 615 590 atto
1056 529 1269 593 satosntct
1293 530 1469 595 SECUNDI
1778 532 1862 618 [bas.
1884 535 1975 596 teas

559 665 642 736 tiam
661 675 755 736 actor
773 672 809 737 et
832 665 965 738 tertiam
982 665 1105 740 civitas
1124 667 1277 741 habebit.
1299 669 1445 764 Insuper
1464 667 1633 761 quicquid
1653 668 1787 740 lacrum
1809 671 1980 765 provenit

557 789 602 863 de
617 789 765 882 jndicio,
785 790 916 863 civitati
937 790 1084 864 debetur
1099 793 1264 868 medietas
1282 803 1318 867 et
1337 794 1405 867 alia
1422 792 1546 885 judici.
1569 792 1613 864 Et
1632 793 1662 864 si
1680 793 1856 889 quispiam
1874 817 1978 867 mor-

557 926 639 986 tuus
665 914 711 985 ibi
741 915 845 986 tuerit
870 925 905 988 et
927 915 1014 989 iorte
1039 916 1201 990 heredem
1226 939 1295 990 non
1323 918 1497 1006 habuerit,
1526 938 1663 990 omnem
1687 917 1919 990 hereditatem
1941 931 1977 990 ct

555 1038 801 1134 supeltectilem
820 1038 931 1132 ipsius
951 1061 1081 1112 annum
1098 1051 1133 1113 et
1154 1041 1246 1115 diem
1271 1043 1481 1136 integraliter
1500 1041 1536 1112 in
1558 1039 1663 1114 domo
1681 1041 1718 1111 in
1734 1063 1808 1135 qua
1825 1043 1977 1137 moritur

557 1161 800 1236 reservandam
819 1163 1037 1252 censuimus,
1055 1165 1122 1237 nisi
1142 1167 1228 1238 forte
1245 1166 1371 1260 aliquis
1387 1165 1418 1237 ei
1441 1165 1621 1262 proximus
1638 1165 1728 1238 intra
1744 1175 1885 1260 tempas
1901 1165 1973 1238 de-

557 1286 771 1359 nominatum
790 1286 955 1360 adveniat
972 1289 1034 1382 qni
1050 1289 1115 1362 hec
1127 1291 1206 1381 jure
1222 1289 1369 1362 civitatis
1385 1287 1553 1380 obtineat;
1573 1287 1604 1360 si
1621 1309 1706 1361 veru
1722 1288 1812 1360 intra
1832 1298 1972 1384 tempns

556 1412 651 1485 istud
673 1412 791 1484 nullus
807 1413 1042 1508 proximorum
1063 1435 1205 1486 suoram
1225 1415 1376 1503 venerit,
1401 1434 1623 1507 quecumque
1642 1412 1853 1486 hereditavit
1875 1415 1971 1506 regie

556 1539 715 1632 potestati
738 1537 928 1609 solvantur.
948 1538 1111 1630 Rutheni,
1129 1537 1248 1628 Gothi,
1267 1539 1430 1613 Normani
1449 1545 1484 1611 et
1503 1549 1615 1611 cetere
1639 1545 1760 1630 gentes
1783 1537 1970 1609 orientales

555 1663 688 1756 absque
706 1661 864 1734 theloneo
884 1672 918 1734 et
935 1662 1067 1756 absque
1090 1663 1198 1736 banea
1214 1663 1260 1738 ad
1285 1661 1457 1736 civitatem
1479 1661 1597 1757 sepius
1620 1662 1748 1736 deum
1769 1662 1916 1733 veniant
1935 1671 1968 1734 et

554 1788 661 1860 libere
678 1787 852 1860 recedant.
873 1787 959 1858 Item
980 1797 1186 1860 mercatores
1203 1790 1452 1882 cujuscumque
1472 1787 1589 1880 regni,
1609 1785 1862 1878 cujuscumque
1877 1784 1969 1856 civi-

554 1911 651 1998 tatis,
669 1911 739 1983 huc
755 1911 915 2000 veniant,
935 1909 1090 1984 vendant
1104 1921 1140 1984 et
1155 1923 1271 1984 emant
1287 1913 1409 2002 libere,
1432 1919 1564 1984 tantam
1587 1909 1783 1982 theloneum
1809 1908 1967 1981 debitum

553 2038 701 2127 solvant,
722 2035 767 2109 de
794 2036 924 2108 fertone
945 2035 1004 2107 1111
1029 2036 1207 2128 denarios,
1226 2035 1271 2109 de
1289 2036 1382 2108 mille
1406 2036 1531 2108 marcis
1549 2056 1620 2108 non
1643 2033 1806 2128 amptius.
1830 2033 1868 2104 Si
1889 2032 1967 2126 quis

554 2181 637 2234 vero
668 2160 884 2232 transfretare
913 2160 1079 2250 voluerit,
1110 2171 1335 2256 quotcunque
1361 2183 1425 2234 var
1445 2159 1622 2250 habuerit,
1653 2157 1700 2231 de
1728 2157 1886 2252 quolibet
1908 2158 1967 2230 det

553 2283 616 2356 XV
638 2283 818 2366 denarios,
845 2293 880 2356 et
905 2283 935 2354 si
962 2285 1096 2356 nntium
1125 2284 1283 2357 habuerit
1307 2294 1341 2358 et
1359 2283 1508 2358 comedit
1529 2283 1707 2379 propriam
1732 2303 1880 2377 panem,
1909 2281 1965 2354 det

553 2411 583 2482 V
604 2408 781 2500 denarios,
802 2417 837 2480 et
857 2417 1080 2503 quotcunque
1098 2429 1161 2480 var
1178 2409 1338 2482 babuerit
1359 2431 1421 2504 pro
1443 2410 1572 2503 quibus
1591 2409 1787 2480 theloneum
1808 2406 1962 2498 dederit,

554 2533 584 2605 si
607 2533 747 2605 redierit
764 2531 852 2604 inira
881 2553 1011 2603 annum
1029 2541 1064 2604 et
1083 2531 1194 2618 diem,
1214 2532 1260 2606 de
1285 2542 1334 2606 tot
1354 2531 1441 2606 liber
1455 2531 1534 2605 erit.
1557 2529 1747 2626 Argentum
1767 2551 1911 2624 quoquo
1929 2528 1964 2599 in

554 2657 674 2732 eadem
690 2657 828 2728 civitate
848 2656 976 2750 siquis
996 2657 1147 2730 cambire
1171 2658 1337 2748 voluerit,
1361 2657 1397 2729 in
1419 2677 1629 2750 quocunqne
1650 2654 1725 2727 ioco
1748 2675 1789 2726 se
1809 2655 1844 2726 ei
1864 2675 1963 2750 opor-

555 2782 683 2854 tunitas
704 2780 884 2870 obtulerit,
905 2780 1014 2852 libere
1037 2781 1202 2873 cambiat,
1225 2782 1255 2853 si
1272 2803 1341 2855 non
1363 2781 1400 2854 id
1421 2790 1502 2854 ante
1523 2780 1666 2853 domum
1685 2789 1825 2852 monete
1846 2781 1958 2854 inerit.

553 2905 717 2978 Consules
730 2914 845 2977 autem
860 2903 949 2976 banc
961 2901 1008 2976 de
1022 2915 1138 2978 nostra
1151 2903 1336 2977 donatione
1348 2904 1602 3000 prerogativam
1617 2903 1768 2976 babeant
1783 2913 1822 2975 nt
1836 2905 1961 2976 tociens

553 3029 589 3100 in
605 3049 697 3100 anno
709 3037 882 3100 monetam
898 3027 1098 3100 examinent
1115 3028 1274 3120 quotiens
1289 3029 1417 3118 veiint3
1437 3029 1516 3102 etsi
1534 3028 1744 3101 monetarius
1760 3028 1956 3118 offenderit,

552 3150 730 3243 emendet,
747 3160 783 3223 et
795 3149 964 3244 quioquid
980 3151 1026 3224 de
1041 3152 1281 3226 emendatione
1299 3154 1515 3248 provenerit,
1535 3152 1689 3226 mediam
1703 3151 1862 3239 civibus,
1880 3154 1958 3226 reti-

552 3301 661 3373 qnum
686 3277 780 3372 regie
803 3276 961 3372 potestati
991 3275 1105 3349 cedat.
1131 3278 1275 3373 insuper
1297 3277 1541 3350 confirmamus
1564 3277 1616 3349 eis
1640 3276 1781 3371 speciali
1808 3276 1901 3350 dono
1924 3284 1959 3348 nt

550 3403 645 3476 nulia
666 3421 813 3498 persona
838 3402 907 3472 alta
931 3400 985 3472 vel
1009 3399 1150 3472 humilis
1166 3399 1340 3474 civitatem
1357 3403 1522 3497 prefatam
1543 3400 1634 3474 intra
1652 3401 1707 3472 vel
1727 3407 1830 3473 extra
1847 3403 1882 3473 in
1900 3412 1959 3472 ter·

552 3527 655 3600 minis
675 3526 765 3617 suis,
787 3523 935 3597 edificiis
956 3545 1018 3596 seu
1041 3524 1291 3598 munitionibus
1309 3534 1534 3622 preoccupet,
1552 3524 1614 3598 sed
1631 3525 1661 3596 si
1681 3525 1761 3619 quis
1778 3526 1958 3598 marchiam

551 3671 650 3722 suam
678 3669 898 3743 quocumque
927 3647 1033 3721 modo
1063 3648 1292 3734 obstruxerit,
1316 3649 1353 3720 in
1378 3660 1469 3723 terra
1492 3652 1549 3725 vel
1575 3650 1611 3721 in
1638 3670 1730 3743 aqua
1761 3649 1959 3723 auctoritate

551 3785 665 3849 nostra
694 3775 771 3847 ireti
796 3774 947 3848 evellant
976 3782 1010 3846 et
1040 3774 1229 3848 marchiam
1254 3797 1355 3847 suam
1384 3774 1585 3870 expediant.
1616 3773 1838 3867 Quicumque
1861 3774 1956 3845 mam

550 3899 660 3996 spatia
688 3899 837 3971 civitatis
864 3919 928 3994 per
956 3899 1215 3993 occupationem
1244 3897 1460 3972 edificiorum
1489 3897 1725 3993 usurpaverit,
1754 3897 1785 3969 si
1808 3899 1959 3993 pulsatus

551 4025 666 4116 tuerit,
686 4023 746 4095 LX
766 4022 894 4096 solidos
917 4033 1110 4118 componet.
1128 4024 1228 4096 Cives
1250 4045 1333 4097 vero
1349 4023 1514 4117 jamdicte
1538 4023 1689 4095 civitatis
1709 4022 1840 4095 nuiiam
1858 4043 1958 4117 expe

552 4150 718 4222 ditionem
740 4147 852 4236 ibunt,
872 4145 935 4222 sed
953 4147 1127 4220 civitatem
1146 4169 1246 4220 suam
1267 4148 1510 4222 defensabant.
1530 4148 1615 4222 Item
1632 4147 1663 4219 si
1680 4147 1808 4242 aliquis
1825 4145 1873 4220 de
1890 4148 1957 4243 ipsa

551 4275 690 4348 civitate
704 4271 832 4345 alicubi
851 4251 1012 4366 ¹pulsatus
1031 4272 1134 4346 fuerit
1155 4272 1279 4346 desua
1295 4273 1468 4366 libertate,
1487 4273 1701 4368 ubicumque
1724 4274 1894 4368 pulsetur,
1914 4271 1957 4344 ibi

553 4399 625 4471 sola
649 4418 755 4469 mann
781 4396 970 4468 libertatem
997 4416 1097 4469 suam
1122 4397 1286 4470 obtineat.
1311 4397 1348 4470 Si
1363 4399 1549 4493 qnisquam
1572 4406 1818 4471 extraneorum
1841 4419 1957 4493 snper·

552 4520 694 4592 veniens
720 4519 867 4612 aliquem
895 4519 1025 4592 civium
1051 4518 1181 4592 desua
1209 4520 1366 4594 libertate
1390 4521 1597 4616 pulsaverit,
1625 4519 1713 4592 civis
1739 4521 1887 4594 vicinior
1911 4527 1958 4592 cst

549 4645 596 4717 ad
622 4641 847 4716 obtinendum
871 4665 969 4716 suam
991 4644 1183 4718 libertatem
1210 4647 1283 4719 sola
1311 4667 1419 4718 mann
1438 4668 1544 4742 qnam
1568 4655 1755 4719 extraneus
1781 4645 1829 4719 ad
1848 4646 1957 4741 ipsam
2012 4691 2018 4706 ·
