4292 5894
526 583 588 646 300
945 667 951 682 .
1037 586 1250 650 attotnlcl
1275 587 1449 650 secubet
1759 591 1842 670 [An.
1859 591 1945 654 lma

578 721 618 793 lu
644 723 785 796 uomina
805 723 958 797 Domini.
985 722 1110 796 Amen.
1131 722 1233 800 Anno
1252 725 1499 800 incarnationis
1515 724 1673 819 ejusdem
1689 725 1737 798 M·
1755 725 1819 798 CC·
1840 727 1944 816 lllll’,

529 844 718 920 indictione
745 849 826 941 vll,
853 848 990 923 decimo
1012 848 1179 924 kalendas
1199 850 1377 924 fabruarii.
1397 851 1441 924 Ut
1465 871 1535 924 nou
1557 849 1690 946 possint
1713 849 1750 922 iu
1772 861 1945 948 posterum

528 971 724 1068 attemptari
763 973 960 1071 calumpnia
993 996 1086 1070 quac
1119 983 1288 1070 geruntur
1317 975 1353 1046 in
1391 973 1517 1048 uostris
1553 973 1764 1071 temporibus
1792 986 1828 1049 et
1857 997 1947 1072 quaa

527 1097 639 1170 solent
667 1099 833 1172 memoria
853 1101 978 1193 maeri,
1005 1100 1185 1196 sciantque
1206 1111 1383 1198 presentes
1405 1110 1441 1174 et
1463 1109 1606 1174 noscant
1621 1101 1748 1196 posteri
1764 1103 1862 1196 quod
1885 1123 1946 1174 nos

527 1222 648 1295 Petrus
673 1223 736 1296 Dei
758 1225 869 1319 gratia
889 1226 1115 1301 Massiliensis
1136 1226 1321 1324 episcopus
1347 1247 1409 1324 par
1432 1247 1496 1300 nos
1516 1235 1551 1299 et
1571 1247 1634 1322 per
1661 1247 1781 1300 omues
1802 1249 1944 1301 suoca-

525 1367 622 1422 soraa
647 1357 783 1422 nostros
808 1359 843 1424 et
866 1373 931 1426 nos
956 1351 1184 1448 Maymundua
1213 1351 1371 1426 Julianus
1398 1351 1621 1426 Massiliensis
1648 1351 1792 1426 ecelesia
1818 1374 1945 1449 prepo-

525 1473 613 1546 situs
630 1483 665 1547 et
685 1495 752 1569 ego
774 1477 876 1571 Hugo
897 1476 1108 1550 sacristanus
1129 1475 1286 1569 ejusdem
1306 1475 1451 1550 ecclesie
1471 1487 1507 1550 et
1524 1497 1590 1568 ego
1611 1475 1819 1550 Aldebertus
1838 1475 1943 1572 ipsias

525 1600 671 1672 ecclesie
687 1601 868 1698 operarius
887 1610 922 1676 et
941 1623 1004 1675 noa
1024 1603 1231 1697 Bangenos,
1255 1601 1462 1694 Romulius,
1485 1602 1688 1676 Lambcrtus
1703 1612 1738 1676 et
1751 1600 1944 1675 bernardm

527 1724 752 1799 Massiliensis
780 1727 925 1800 ecclesia
953 1727 1153 1824 supradicte
1179 1727 1337 1802 canonici
1366 1749 1428 1824 per
1459 1749 1523 1800 uos
1553 1738 1588 1801 et
1619 1749 1683 1823 per
1713 1748 1834 1801 omnes
1861 1747 1945 1800 suc-

526 1871 679 1924 cessores
705 1859 839 1924 ncatroa
864 1852 1020 1944 singulos
1044 1863 1079 1926 et
1105 1853 1301 1943 universos,
1326 1862 1502 1949 presentes
1524 1861 1585 1926 aut
1609 1854 1744 1926 intuma
1764 1851 1945 1926 canonicos

526 1975 752 2049 Massiliensis
777 1978 939 2070 ecclesie,
971 1977 1065 2052 bona
1089 1977 1159 2053 fida
1177 1989 1213 2052 ct
1235 1980 1310 2052 sine
1335 1978 1415 2052 dolo
1445 1988 1515 2052 tam
1541 1977 1681 2052 nomina
1701 1986 1818 2051 nostro
1840 1997 1943 2073 quam

526 2101 667 2173 nomine
686 2100 885 2198 supradicte
904 2104 1050 2177 ecclesia
1073 2123 1280 2198 cognoscere
1304 2103 1471 2176 faciamus
1493 2102 1614 2194 vobis,
1632 2103 1732 2175 Petro
1751 2101 1799 2176 da
1819 2103 1940 2190 Fonte,

526 2226 718 2300 Bertrando
736 2225 947 2320 Audaoerio,
969 2230 1152 2304 Guilielmo
1170 2227 1334 2319 duriolo,
1355 2226 1537 2302 Guillelmo
1558 2226 1604 2301 de
1625 2225 1836 2320 Castellana,
1863 2228 1943 2301 Rai-

526 2351 659 2426 mundo
692 2352 880 2446 Caminali,
913 2353 1052 2429 Buardo
1084 2353 1251 2446 Galibno,
1286 2353 1387 2428 Petro
1418 2355 1548 2426 Monate
1581 2354 1724 2448 Longo,
1757 2352 1945 2428 bertrando

433 2505 437 2516 ·
525 2479 724 2572 Hugoleno,
755 2480 905 2552 lmbcrto
933 2478 979 2553 de
1003 2479 1120 2572 Mora,
1148 2478 1344 2554 Raimundo
1374 2479 1508 2552 Abeilla
1532 2479 1726 2572 balistario,
1753 2479 1944 2552 rectoribus

526 2603 696 2692 Massilia,
723 2603 973 2702 recipientibus
996 2605 1136 2677 nomine
1163 2614 1278 2678 vestm
1304 2612 1339 2679 et
1365 2604 1505 2678 nomine
1534 2605 1769 2678 universitatis
1796 2605 1944 2678 civitatis

527 2727 777 2802 vicecomitalia
799 2727 1043 2821 Massiliensis,
1064 2730 1160 2824 quod
1176 2749 1297 2802 omues
1316 2727 1412 2802 cives
1435 2739 1469 2804 et
1492 2727 1649 2804 homines
1675 2728 1827 2803 civitatis
1844 2729 1945 2802 vica-

527 2850 696 2925 comitalia
716 2852 868 2926 Massilia
892 2861 961 2926 tam
981 2863 1158 2950 presentes
1176 2875 1282 2948 quam
1307 2853 1434 2946 futuri,
1458 2853 1535 2928 sive
1560 2853 1630 2927 sint
1653 2852 1851 2942 christiani,
1873 2875 1944 2928 sar·

528 2976 644 3048 racani
663 2985 698 3050 et
718 2975 835 3070 judei,
860 2977 993 3074 possint
1010 2976 1056 3051 ad
1081 2998 1219 3051 omnem
1244 2977 1382 3050 libitum
1407 3000 1512 3052 suurn
1531 2976 1684 3052 vendere
1711 2989 1747 3052 at
1771 2977 1944 3074 negotiare

528 3108 564 3172 et
588 3100 657 3172 alia
675 3101 788 3174 lacere
812 3102 849 3172 in
877 3102 1016 3176 civitate
1041 3101 1228 3199 episcopali
1253 3101 1398 3177 ecclesia
1413 3103 1648 3179 Massiliensis
1670 3111 1706 3176 et
1729 3101 1768 3174 in
1790 3101 1942 3194 ejusdem

529 3235 631 3322 portu
659 3233 694 3299 et
714 3226 886 3322 ponubus
907 3227 1073 3322 legitime.
1095 3227 1153 3301 Sic
1173 3227 1331 3302 homines
1352 3227 1503 3303 civitatis
1524 3227 1730 3323 episcopalia
1746 3227 1891 3300 ecclesia
1908 3227 1941 3298 in

527 3350 669 3423 civitate
684 3350 914 3426 vicecomitali
931 3352 1082 3425 Massilia
1100 3361 1135 3426 et
1148 3353 1184 3425 in
1198 3352 1354 3447 ejusdem
1371 3362 1473 3450 portu
1489 3373 1553 3426 seu
1567 3351 1736 3448 portamus
1752 3360 1891 3448 possent
1906 3360 1942 3424 ut

527 3485 728 3574 potuerunt.
748 3475 794 3550 At
811 3499 874 3574 per
890 3500 953 3552 nos
972 3494 1007 3552 et
1030 3501 1093 3575 per
1111 3501 1233 3552 omncs
1253 3501 1469 3554 successores
1488 3488 1622 3553 nostros
1640 3477 1796 3570 singulos
1813 3488 1850 3551 ct
1866 3477 1941 3550 uni·

527 3622 660 3694 versos,
674 3611 852 3699 presentes
867 3612 902 3675 at
917 3604 1052 3677 laturos
1068 3604 1254 3677 canonicos
1269 3603 1419 3677 Massilia
1434 3603 1593 3692 ecclesie,
1609 3600 1834 3676 concedimus
1846 3600 1941 3678 vobis

528 3727 820 3823 supranominatis
835 3728 1039 3820 rectoribus,
1057 3728 1306 3825 recipientibus
1318 3729 1458 3803 nomine
1473 3737 1589 3802 vestro
1602 3736 1636 3799 et
1652 3726 1792 3800 nomine
1802 3727 1942 3798 univer*-

528 3852 639 3925 sitatis
655 3851 806 3926 civitatis
827 3852 1076 3928 vicecomitalia
1094 3855 1268 3947 Massilia,
1287 3856 1383 3951 quod
1397 3855 1559 3950 quotiens
1574 3874 1664 3950 opus
1679 3851 1782 3924 fucrit
1804 3873 1867 3948 per
1882 3871 1942 3922 ue-

528 3979 721 4051 cessitatem
743 3976 1045 4074 supravenientem
1063 3988 1103 4052 ut
1121 3977 1182 4052 frat
1199 3979 1373 4053 interdum
1393 3979 1429 4052 in
1448 3978 1589 4052 civitate
1605 3955 1834 4050 ricecomitali
1848 3977 1941 4048 Maa-

529 4101 660 4175 siliansi
676 4123 721 4176 ne
732 4100 877 4175 bladum
891 4112 952 4176 aut
964 4103 1076 4176 farina
1089 4102 1172 4176 inde
1187 4104 1402 4194 extrahatur,
1420 4103 1457 4178 id
1472 4102 1533 4177 fiat
1549 4111 1620 4176 tam
1634 4101 1779 4175 oonsilio
1794 4099 1940 4198 episeopi

529 4226 752 4300 Massiliensis
772 4227 808 4299 in
826 4226 893 4301 hoc
913 4239 1066 4324 tempore
1084 4228 1265 4302 existentis
1287 4230 1432 4304 ecclesie
1453 4229 1677 4303 Massiliensis
1697 4249 1805 4324 quam
1829 4247 1939 4300 eorum

529 4352 590 4446 qui
605 4374 667 4446 pro
681 4361 835 4448 tempore
848 4367 968 4449 regent
987 4355 1161 4428 civitatem
1178 4355 1465 4430 vicecomitulem.
1486 4356 1521 4428 Si
1539 4355 1597 4428 tali
1617 4364 1772 4450 tempora
1791 4351 1939 4428 homines

531 4474 680 4549 civitatis
701 4477 949 4552 vicecomitalia
964 4488 1128 4576 ceperant
1149 4479 1292 4553 bladum
1310 4491 1372 4554 aut
1389 4482 1536 4556 lerinam
1552 4479 1650 4576 quod
1664 4486 1726 4551 aut
1740 4499 1811 4575 que
1834 4479 1938 4551 forsan

532 4597 772 4672 extraheretur
791 4621 813 4672 a
836 4601 976 4675 civitate
1001 4605 1188 4700 episcopali
1214 4605 1359 4678 ecclesie
1387 4604 1610 4678 Massiliensis
1631 4603 1728 4698 (licet
1752 4601 1819 4676 hoe
1836 4603 1938 4674 lacera

533 4743 603 4797 non
621 4720 783 4820 debent),
802 4725 850 4800 ab
863 4725 930 4800 boe
945 4736 1059 4801 amen
1074 4729 1268 4825 excipietur
1284 4729 1479 4828 episcopale
1499 4730 1645 4805 bladum
1661 4729 1807 4806 eeclesia
1821 4721 1937 4800 Massi-
