4296 5898
539 631 599 694 902
1040 639 1254 706 FlllDElilGl
1279 645 1453 708 ssscuuut
1766 645 1847 724 [list.
1867 645 1950 707 1221.

541 776 652 850 tuens
669 793 710 852 se
723 767 898 856 Venetiae
914 773 1096 880 eontulit,
1115 784 1153 860 et
1169 777 1294 864 dietus
1311 807 1439 867 comes
1457 781 1554 866 redit
1569 781 1609 864 in
1627 804 1806 892 regnum,
1826 779 1893 891 qui
1906 777 1956 862 ab

540 899 768 1011 imperatore
780 915 914 1013 eaptus
931 917 1041 992 estet
1057 918 1199 996 terram
1216 941 1335 1026 quam
1347 915 1500 1001 tenebat
1512 912 1671 1025 amisit(
1698 913 1715 1025 )
1720 972 1949 994 ......

545 1095 556 1114 .
591 1095 600 1114 .
635 1094 645 1115 .
675 1036 880 1148 lp'turper
895 1043 1207 1151 eompositionem
1236 1050 1385 1134 reddita
1411 1049 1586 1134 Damiata
1608 1047 1789 1154 soldano,
1808 1045 1953 1129 liberati

543 1181 632 1252 sunt
656 1172 833 1284 utrinque
854 1176 990 1286 captiui
1013 1187 1050 1262 et
1073 1180 1277 1265 Christiani
1299 1185 1487 1296 principes
1515 1185 1582 1296 qui
1603 1193 1737 1267 eontra
1753 1180 1953 1265 soldanum

542 1305 755 1390 inconsulte
771 1324 1033 1418 processerant
1054 1313 1222 1424 liberati,
1240 1343 1371 1404 mense
1391 1317 1629 1429 septembris,
1650 1317 1690 1398 in
1707 1313 1803 1399 festo
1821 1313 1956 1398 nativi-

541 1441 630 1524 tatis
643 1441 775 1528 beatae
788 1443 969 1558 Virginis.
984 1447 1084 1532 Rrec.
1102 1477 1147 1531 ns
1165 1451 1205 1534 S.
1224 1453 1363 1563 Gara,
1380 1453 1551 1540 Gbroat'e.
1573 1455 1625 1534 nd
1638 1477 1727 1534 ano.

782 1801 1080 1816 u-n--u——p—--n-nun
1093 1807 1246 1818 ..μισ-η..
1261 1807 1724 1818 --α-ι-οο--ι--ιῆ-σ--ι-υ

595 2133 823 2242 Friderious,
842 2134 1103 2220 Romanorum
1134 2137 1353 2248 imperator,
1378 2139 1661 2250 privilegians
1684 2163 1725 2222 se
1755 2137 1839 2248 ipso
1870 2146 1956 2220 ante

540 2278 693 2380 tempus
718 2271 973 2356 eoronationis
1002 2297 1094 2356 suae
1120 2273 1265 2358 civibus
1291 2274 1570 2359 Panormitanis
1596 2272 1790 2356 indultum
1816 2285 1853 2356 et
1884 2271 1955 2354 sibi

539 2413 628 2514 post
651 2404 798 2488 curiam
818 2405 1039 2516 Capuanam
1065 2407 1303 2519 resignatum
1324 2409 1379 2493 eis
1400 2408 1564 2493 restituit
1589 2417 1626 2492 et
1652 2433 1697 2492 ea
1719 2408 1885 2518 quaein
1911 2431 1956 2489 eo

539 2537 780 2624 eontinentur
796 2549 978 2650 perpetuo
996 2540 1209 2625 confirmat.

539 2915 605 2974 doni
619 2915 753 2974 mmiaue
770 2914 934 2987 obstitmmt,
950 2915 1080 2976 discimus
1100 2933 1117 2975 e
1137 2917 1299 2976 documento
1318 2931 1416 2976 eruero
1438 2917 1517 2990 eujus
1532 2921 1638 2991 partem
1655 2914 1702 2974 bie
1718 2929 1815 2972 rursus
1830 2912 1954 2972 adimis:

542 3012 627 3070 «Nos
643 3011 724 3085 igitur
743 3027 806 3070 eum
828 3011 888 3070 aliis
906 3012 1011 3072 aurete
1031 3013 1066 3072 de
1084 3015 1220 3074 mmmuni
1242 3013 1378 3088 legatione
1397 3015 1480 3072 trtius
1496 3013 1632 3074 exereitus
1652 3012 1804 3072 buniam
1825 3009 1957 3068 adivimus

541 3109 669 3185 »populo
680 3109 794 3167 uiduus
812 3109 951 3184 motiones
971 3110 1051 3170 nobis
1070 3112 1204 3187 injunctas
1223 3112 1351 3172 omnibus
1366 3113 1549 3184 ostendentes,
1565 3128 1619 3187 que
1636 3112 1766 3188 episeopo
1787 3109 1954 3178 lehonensi.

541 3225 556 3262 ι
570 3205 728 3265 eanoellario
740 3205 857 3282 (edicet
870 3205 1009 3266 Gualterio
1020 3208 1055 3267 de
1067 3208 1173 3284 Paleer)
1186 3215 1214 3268 et
1224 3210 1340 3269 ilerden
1357 3211 1448 3269 comiti
1466 3211 1501 3280 ds
1518 3209 1599 3268 Malta
1612 3225 1681 3284 quos
1693 3209 1794 3266 ibidem
1806 3207 1956 3265 invenimus

542 3305 716 3381 »plurimum
728 3305 915 3381 displicebam.
928 3306 1077 3367 Voluerunt
1096 3309 1168 3366 enim
1190 3308 1324 3367 civitatem
1347 3307 1505 3382 delendam
1528 3309 1600 3383 quod
1618 3323 1670 3366 nos
1690 3306 1805 3364 multum
1824 3303 1957 3379 approba

543 3422 557 3457 r
572 3419 664 3462 remus
681 3405 705 3462 si
717 3404 817 3462 utiliter
830 3403 889 3463 fieri
901 3405 1033 3480 potuisset
1036 3446 1162 3464 .....
1177 3405 1231 3464 Sed
1243 3407 1336 3466 habita
1349 3423 1399 3482 per
1413 3407 1550 3466 civitatem
1569 3405 1739 3480 indagatione
1756 3404 1847 3479 sagaci
1867 3417 1956 3461 rmum

541 3520 556 3555 a
570 3506 599 3559 et
610 3517 796 3576 personarum,
810 3518 861 3560 nee
873 3503 1015 3578 pecuniam
1027 3511 1195 3578 uergentem
1204 3504 1305 3577 quibus
1315 3505 1451 3564 civitatem
1464 3505 1609 3564 detondere
1621 3503 1774 3579 patrissant
1784 3503 1956 3562 invenerunt.

541 3619 556 3653 ι
570 3600 626 3658 Nos
637 3600 728 3673 itaque
738 3599 803 3658 huie
815 3600 932 3676 pastioni
943 3601 1149 3676 adquieseentes
1159 3609 1327 3660 sacramento
1337 3607 1365 3660 et
1378 3603 1519 3662 obsidibus
1530 3619 1590 3660 eam
1602 3601 1776 3674 firmavimus,
1783 3606 1958 3673 treugsmqus

541 3697 677 3756 »firmam
694 3705 756 3757 oete
775 3714 907 3757 annorum
924 3699 1077 3759 statuimus.
1094 3701 1213 3776 »spira
1234 3703 1266 3760 P.
1285 3699 1318 3758 dr
1334 3702 1506 3760 Hermesta
1523 3701 1651 3775 magistri
1669 3699 1771 3774 Ternpt.
1789 3695 1827 3755 ad
1841 3694 1957 3771 Angites

397 3759 405 3767 ἱ
538 3805 746 3874 praeoptarem,
769 3815 815 3874 ap.
834 3799 926 3858 llas-r.
943 3800 1047 3870 Panas,
1067 3799 1142 3860 uter.
1158 3801 1226 3874 maj.
1241 3799 1334 3875 Aegl..
1355 3817 1384 3875 p.
1403 3801 1468 3858 Μ.
1487 3799 1531 3857 Cl.
1548 3798 1651 3856 litteras
1670 3795 1856 3872 imperatoris,
1876 3796 1893 3851 6
1911 3793 1957 3850 de-

540 3897 630 3955 cemb.
644 3899 724 3970 ⁴227,
742 3901 808 3971 tom.
822 3897 874 3970 111,
887 3915 917 3974 p.
932 3899 977 3956 tr.

576 3993 612 4066 (t)
629 3993 688 4051 Alia
700 4009 766 4052 sero
779 3993 939 4052 adscribitur
954 4009 1034 4052 erma
1050 3993 1171 4053 aseriba
1180 3995 1306 4068 januensi
1319 3996 1365 4071 qui
1378 4012 1423 4053 res
1442 3995 1476 4053 ad
1493 3993 1620 4053 comitem
1635 3991 1781 4050 ilenrieum
1791 3989 1958 4065 pertinentes

539 4089 641 4166 optima
653 4091 740 4150 noscit
749 4095 778 4149 et
788 4090 869 4149 refert
880 4107 888 4146 ε
900 4110 914 4146 ι
927 4090 959 4148 ln
968 4089 1023 4150 boe
1034 4105 1106 4149 anno
1115 4089 1275 4150 HOEXXIll
1288 4087 1413 4149 Saraoem
1424 4087 1528 4150 Sieidae
1540 4089 1655 4148 rebelles
1668 4086 1731 4145 laeti
1742 4091 1807 4143 sant
1817 4085 1958 4142 Fmdarioo

542 4210 556 4241 ι
568 4188 723 4264 imperatori
734 4203 850 4264 quonam
866 4185 998 4263 perfidiae
1009 4203 1073 4245 euna
1083 4191 1210 4263 stpenuus
1222 4203 1316 4246 eomes
1326 4189 1421 4248 balma
1433 4187 1567 4248 ilenrieus
1578 4186 1612 4245 ad
1628 4187 1759 4244 bonorem
1770 4183 1877 4257 imperii
1895 4181 1958 4240 riri·

543 4308 557 4342 r
570 4288 632 4346 liter
642 4293 833 4362 repugnasset,
849 4287 958 4345 demum
969 4287 1033 4362 quia
1046 4287 1081 4344 de
1092 4286 1239 4368 offendere
1251 4286 1370 4360 ipsorum
1384 4303 1414 4344 se
1422 4285 1571 4362 iustissime
1587 4284 1724 4342 excusavit
1740 4283 1776 4340 ad
1790 4297 1872 4357 mam
1889 4279 1959 4337 inie-

545 4403 558 4440 s
569 4387 680 4444 rendam
692 4402 754 4444 eum
767 4385 927 4460 parvissima
939 4383 996 4443 acie
1008 4384 1167 4442 bellatorum
1176 4399 1239 4442 eum
1250 4376 1355 4442 mittere
1366 4378 1512 4458 satagebat,
1524 4386 1613 4458 ipsum
1625 4382 1689 4440 iecit
1697 4379 1813 4439 werris
1820 4377 1961 4437 custodiae

546 4503 560 4537 ι
575 4484 722 4559 mancipari
739 4489 768 4543 et
784 4483 894 4542 demum
906 4483 1099 4557 gubernatione
1112 4483 1210 4542 Multas
1222 4484 1339 4558 priveri3
1354 4469 1404 4542 sed
1417 4484 1526 4541 demum
1539 4481 1612 4540 nulla
1621 4479 1827 4538 restitutioueei
1841 4477 1911 4536 iacta
1923 4477 1958 4534 de

547 4601 561 4635 ι
577 4586 666 4638 eastra
678 4581 785 4653 blattae,
798 4581 827 4638 in
839 4595 889 4638 sua
902 4581 988 4654 gratia
1000 4581 1191 4640 reeoneiliarit.
1202 4601 1216 4634 a
1227 4581 1357 4654 camma,
1368 4581 1470 4640 Annei.
1487 4581 1555 4640 uon.
1565 4595 1611 4655 ap.
1623 4579 1781 4649 bissinam,
1796 4576 1899 4650 Sen'pt.
1909 4574 1956 4632 Vl.

547 4679 713 4738 ominamur
729 4685 818 4736 umen
829 4679 973 4754 quamdam
985 4679 1023 4736 ibi
1037 4685 1190 4754 temporum
1204 4679 1388 4737 confusionem
1407 4695 1483 4749 esse,
1503 4695 1587 4753 quum
1608 4677 1715 4734 ilenriei
1728 4675 1871 4750 eaptivitas
1888 4672 1957 4730 urar

547 4777 650 4854 primos
668 4775 730 4834 anni
746 4778 816 4836 ⁴222
837 4792 955 4849 mensas,
969 4777 1147 4838 reooneiliatio
1157 4781 1249 4835 autam
1263 4775 1299 4834 ad
1317 4779 1501 4836 aerumma
1518 4774 1673 4851 reponenda
1685 4773 1818 4830 uderur.
