4292 5894
191 605 292 666 lantcr.
311 599 373 684 lt]
641 589 1159 657 rtlsvolttttotruortnvlca
1551 589 1608 652 381

193 739 359 836 episcopo
384 744 419 809 et
437 733 589 831 capitulo
606 732 652 807 de
668 732 837 805 Lubrensi
855 727 926 826 (l),
953 739 1022 802 eta
1045 729 1212 802 militibus
1236 726 1408 815 Surrenti,
1429 735 1549 822 petunt
1570 749 1613 802 eo

194 865 337 939 nomine
353 883 415 958 per
433 861 527 956 ipsos
544 857 679 931 restitui
695 857 762 930 sibi
781 857 942 948 villanos,
963 855 1099 951 agendo
1112 853 1246 948 judicio
1265 851 1423 950 petitorio
1437 875 1459 925 a
1474 854 1614 927 Nicolao

195 989 243 1063 do
259 988 372 1060 Cioala
386 992 607 1082 procuratore
625 1004 689 1078 pro
706 990 803 1079 parte
822 980 954 1054 domini
973 979 1200 1076 imperatoris,
1217 999 1306 1075 quos
1321 977 1483 1052 dominus
1499 979 1614 1076 impe-

194 1122 288 1186 rator
305 1119 417 1200 tenct3
437 1107 534 1181 unde
548 1108 670 1181 dicunt
682 1116 718 1179 et
730 1107 824 1201 ipsos
839 1106 986 1179 villanos
1002 1105 1136 1179 restitui
1155 1104 1191 1176 in
1206 1126 1325 1178 eorum
1344 1104 1510 1194 dominio,
1524 1125 1614 1200 quos

195 1247 265 1310 tam
289 1235 434 1308 ecclesia
457 1229 531 1332 [et]
559 1231 765 1304 monasteria
787 1253 895 1326 quam
919 1229 1045 1304 milites
1069 1229 1224 1302 Surrenti
1252 1238 1438 1301 tenuerunt
1460 1237 1614 1324 tempore

195 1383 319 1455 rogum
335 1357 520 1454 Gnglielmi
536 1358 550 1428 l
567 1365 602 1430 ot
617 1357 646 1428 ll
660 1357 754 1449 juste
769 1364 804 1428 et
818 1354 974 1451 pacifice,
996 1352 1171 1449 exigendo
1188 1364 1223 1427 et
1240 1352 1463 1449 percipiendo
1484 1355 1529 1426 ab
1545 1355 1613 1428 illis

196 1485 336 1558 villanis
351 1483 509 1557 redditus
532 1482 568 1553 in
585 1482 704 1577 spallis
724 1489 758 1553 et
775 1480 810 1552 in
828 1481 904 1554 ovis
920 1489 1074 1577 tempore
1097 1478 1312 1576 carnisprivii
1337 1489 1371 1551 et
1391 1480 1521 1554 Pascbe
1541 1481 1615 1554 sol-

197 1609 353 1700 vendoS,
375 1616 409 1680 et
430 1628 553 1702 operas
582 1615 616 1678 et
641 1605 781 1677 servitia
803 1626 866 1701 per
894 1604 983 1678 duos
1010 1603 1086 1677 dies
1111 1604 1147 1676 in
1166 1603 1322 1698 qualibet
1338 1603 1550 1700 septimana,
1580 1612 1615 1677 et

197 1733 375 1827 exigendo
402 1741 437 1805 et
463 1729 686 1826 percipiendo
709 1729 755 1802 ab
781 1751 902 1802 eorum
920 1729 1060 1803 villanis
1079 1737 1114 1802 et
1136 1728 1330 1802 marinariis
1353 1737 1392 1799 ut
1416 1729 1453 1800 in
1476 1728 1614 1802 barchis

196 1879 318 1934 eorum
335 1867 396 1930 aut
410 1853 460 1953 (a)
475 1855 521 1928 ab
537 1854 623 1952 ipsis
641 1854 778 1927 villanis
792 1855 940 1950 pecunia
953 1877 1017 1928 sua
1031 1855 1210 1928 conductis
1224 1853 1380 1928 delerant
1391 1853 1514 1927 vinnm
1527 1875 1615 1928 ven·

198 1980 354 2055 dandum
382 1979 601 2055 dominorum
626 1999 740 2074 nsque
766 1979 812 2053 ad
838 1979 1074 2075 Amalphiam,
1097 1978 1267 2053 morando
1294 1977 1425 2052 ibidem
1452 1999 1514 2076 per
1538 1989 1615 2054 octo

198 2105 275 2180 dies
298 2106 411 2180 donec
436 2105 561 2178 vinum
589 2102 819 2197 venderetur;
843 2102 890 2177 ad
914 2103 1129 2179 vindemiam
1157 2103 1376 2178 dominorum
1400 2111 1435 2176 et
1462 2112 1616 2200 ternpore

197 2228 376 2305 vindemie
380 2281 923 2303 ..............
951 2229 987 2302 in
1015 2228 1202 2302 vindemiis
1229 2227 1407 2302 iaciendis.
1428 2228 1553 2301 Petunt
1580 2238 1615 2302 ot

198 2356 267 2429 sibi
284 2355 418 2429 restitui
444 2377 486 2428 ea
510 2355 592 2447 jura
613 2354 730 2428 omnia
752 2374 823 2449 que
848 2363 1002 2450 tempore
1021 2375 1162 2427 suornm
1189 2352 1262 2451 (ric)
1282 2375 1405 2448 regum
1428 2352 1615 2448 predeces-

199 2501 317 2555 sorum
333 2480 378 2553 ab
392 2479 478 2576 ipsis
492 2478 632 2551 villanis
645 2476 706 2576 (l),
726 2479 809 2574 qnia
824 2479 942 2551 nullus
958 2479 1107 2551 villanus
1120 2500 1231 2573 quum
1248 2477 1398 2551 babebat
1415 2476 1457 2574 (c)
1474 2477 1614 2552 unicam

200 2603 307 2678 filiam
325 2613 359 2678 et
375 2605 404 2678 si
423 2605 540 2700 plnres
560 2601 730 2695 habebat,
751 2623 822 2676 non
839 2601 991 2676 audebat
1008 2625 1068 2676 eas
1086 2604 1246 2676 maritare
1263 2603 1340 2677 sine
1363 2602 1527 2677 mandato
1546 2603 1616 2679 do-

200 2730 375 2801 minorum
392 2739 428 2802 et
446 2727 684 2823 dispositione,
703 2736 738 2799 et
754 2727 784 2799 si
807 2726 982 2800 habebant
997 2727 1087 2801 dnos
1110 2727 1199 2801 lilios
1224 2728 1396 2800 masculos
1411 2735 1472 2801 ant
1498 2730 1615 2824 plures

199 2875 270 2926 non
291 2852 467 2926 audebant
480 2852 633 2948 aliquem
648 2872 767 2925 eorum
787 2851 863 2924 sine
884 2851 1048 2926 mandato
1064 2851 1284 2926 dominorum
1304 2852 1465 2926 clericum
1484 2855 1612 2927 consti·

199 2987 310 3052 tuere.
330 2980 442 3074 Super
460 2978 527 3050 biis
542 2978 703 3051 omnibus
717 2977 777 3050 lite
794 2985 981 3051 contestata
995 2987 1066 3049 tam
1083 2987 1201 3050 contra
1213 2986 1449 3073 procuratores
1464 2980 1616 3055 villano-

199 3125 279 3175 rum
291 3125 397 3198 quam
412 3113 529 3176 contra
543 3102 724 3176 dominum
734 3101 912 3175 Nicolaum
930 3100 975 3175 de
988 3101 1102 3176 Cioala
1115 3103 1341 3176 constitutum
1358 3113 1614 3198 procuratorem

201 3226 248 3300 ad
266 3225 523 3302 defendendum
538 3229 596 3320 jus
610 3227 741 3300 domini
756 3227 863 3300 nostri
877 3227 1104 3322 imperatoris,
1117 3249 1315 3323 processum
1329 3236 1382 3302 est
1396 3229 1431 3300 in
1443 3233 1614 3325 presentia

200 3355 352 3448 partium
377 3351 424 3426 ad
450 3351 711 3449 productionem
737 3353 877 3426 testium
902 3361 938 3425 et
966 3353 1217 3427 exhibitionem
1242 3355 1520 3428 istromentorum
1545 3355 1611 3454 (d).

243 3561 286 3644 (a)
308 3565 366 3642 Ap.
380 3564 505 3628 benaci
516 3571 561 3638 ot,
575 3566 653 3628 mule
664 3568 742 3628 deut
753 3565 844 3628 lurra.

244 3670 285 3751 (b)
306 3673 395 3734 Deest
405 3674 529 3752 aliquid.
544 3673 665 3752 Lrgltur
676 3672 719 3734 lbl
732 3675 765 3733 ln
778 3675 921 3751 impresso
934 3689 1078 3736 numerus
1091 3671 1228 3735 arablens
1242 3682 1299 3748 43,
1315 3675 1393 3760 slent
1405 3681 1435 3736 et
1448 3693 1537 3756 supra
1549 3686 1617 3758 post

200 3779 293 3842 verba
304 3779 423 3841 servitia
435 3786 465 3841 et
476 3779 658 3841 awrioortir.
672 3779 751 3854 Quld
762 3785 862 3841 auum
875 3779 1021 3859 significet
1033 3780 1154 3841 omniuo
1166 3779 1322 3840 nescimus.

242 3883 284 3966 (c)
304 3887 341 3947 ln
353 3888 495 3964 lmpresso
507 3884 585 3968 pund
600 3883 694 3960 tiabat,
706 3887 795 3948 rnnle.

242 3990 288 4073 (d)
308 3993 344 4054 In
357 3995 519 4070 impresso:
533 3992 898 4074 «Proterruotprerentrm
908 3998 1027 4073 partem
1036 3989 1267 4073 adprrduttiooe
1280 3992 1395 4054 tertium
1407 3999 1436 4054 et
1445 3991 1618 4058 exhibitione

199 4101 475 4162 ammonam.»
491 4101 586 4176 Quem
597 4099 695 4161 locum
707 4101 847 4162 mutilum
857 4102 900 4162 sle
911 4099 1125 4161 restituendum
1138 4098 1326 4160 arbltramur.

239 4443 277 4518 (l)
296 4445 357 4502 Non
368 4443 448 4502 datur
467 4459 531 4520 ergo
549 4443 642 4502 titulus
661 4445 781 4520 episcopt·
796 4441 943 4502 martula
959 4443 1087 4520 episcopo
1104 4443 1222 4514 Massae,
1241 4444 1289 4502 sed
1304 4443 1403 4502 dicitur
1418 4443 1450 4502 dc
1466 4446 1601 4507 Lemma
1609 4495 1616 4523 ,

200 4541 306 4602 scilicet
324 4543 360 4601 de
376 4542 492 4600 ecclesia
503 4541 535 4600 dl
546 4549 641 4600 trostro
651 4541 743 4600 bono
755 4539 827 4599 dello
844 4539 945 4613 Lobro;
959 4543 1032 4600 unde
1044 4541 1141 4615 conjici
1153 4547 1243 4615 potest
1260 4542 1330 4600 banc
1350 4549 1415 4601 tunc
1434 4547 1562 4620 temporis
1573 4563 1618 4608 ca-

202 4638 352 4698 thedralem
365 4641 470 4699 llassae
482 4639 565 4699 brisso
581 4639 739 4712 ecclesiam,
752 4639 791 4698 ita
802 4638 966 4698 nominatam
977 4656 994 4698 a
1006 4637 1114 4698 delubro
1128 4639 1277 4725 Minoae,
1290 4641 1363 4716 quod
1374 4640 1403 4699 in
1416 4641 1468 4701 boc
1479 4643 1538 4705 loco
1546 4647 1618 4720 apud

200 4737 364 4796 ambonem
375 4737 548 4798 describitur.
