<?xml version="1.0" encoding="UTF-8"?>
<!DOCTYPE html PUBLIC "-//W3C//DTD XHTML 1.0 Transitional//EN"
    "http://www.w3.org/TR/xhtml1/DTD/xhtml1-transitional.dtd">
<html xmlns="http://www.w3.org/1999/xhtml" xml:lang="en" lang="en">
 <head>
  <title>
</title>
<meta http-equiv="Content-Type" content="text/html;charset=utf-8" />
  <meta name='ocr-system' content='tesseract 3.04.00' />
  <meta name='ocr-capabilities' content='ocr_page ocr_carea ocr_par ocr_line ocrx_word'/>
</head>
<body>
  <div class='ocr_page' id='page_1' title='image "./historiadiploma08fredgoog_0223.png"; bbox 0 0 4296 5898; ppageno 0'>
   <div class='ocr_carea' id='block_1_1' title="bbox 229 495 1639 582">
    <p class='ocr_par' dir='ltr' id='par_1_1' title="bbox 229 495 1639 582">
     <span class='ocr_line' id='line_1_1' title="bbox 229 495 1639 582; baseline -0.002 -21"><span class='ocrx_word' id='word_1_1' title='bbox 229 502 326 564; x_wconf 77' lang='lat' dir='ltr'>inurar.</span> <span class='ocrx_word' id='word_1_2' title='bbox 349 503 407 582; x_wconf 83' lang='lat' dir='ltr'>itt]</span> <span class='ocrx_word' id='word_1_3' title='bbox 678 495 875 558; x_wconf 75' lang='lat' dir='ltr'>HISTORIA</span> <span class='ocrx_word' id='word_1_4' title='bbox 900 495 1192 562; x_wconf 77' lang='lat' dir='ltr'>ulatottarlcrt.</span> <span class='ocrx_word' id='word_1_5' title='bbox 1581 495 1639 558; x_wconf 78' lang='lat' dir='ltr'>alt</span> 
     </span>
    </p>
   </div>
   <div class='ocr_carea' id='block_1_2' title="bbox 116 631 1744 4737">
    <p class='ocr_par' dir='ltr' id='par_1_2' title="bbox 231 631 1744 1464">
     <span class='ocr_line' id='line_1_2' title="bbox 231 631 1639 734; baseline -0.003 -23"><span class='ocrx_word' id='word_1_6' title='bbox 231 638 381 734; x_wconf 79' lang='lat' dir='ltr'>legitime</span> <span class='ocrx_word' id='word_1_7' title='bbox 404 646 438 710; x_wconf 91' lang='lat' dir='ltr'>et</span> <span class='ocrx_word' id='word_1_8' title='bbox 458 655 657 732; x_wconf 82' lang='lat' dir='ltr'>comparere</span> <span class='ocrx_word' id='word_1_9' title='bbox 675 634 828 706; x_wconf 87' lang='lat' dir='ltr'>nolentes</span> <span class='ocrx_word' id='word_1_10' title='bbox 852 631 944 706; x_wconf 88' lang='lat' dir='ltr'>idem</span> <span class='ocrx_word' id='word_1_11' title='bbox 965 632 1128 708; x_wconf 86' lang='lat' dir='ltr'>domiuus</span> <span class='ocrx_word' id='word_1_12' title='bbox 1139 634 1293 730; x_wconf 78' lang='lat' dir='ltr'>Reginus</span> <span class='ocrx_word' id='word_1_13' title='bbox 1307 631 1585 730; x_wconf 88' lang='lat' dir='ltr'>archiepiscopus</span> <span class='ocrx_word' id='word_1_14' title='bbox 1604 643 1639 707; x_wconf 92' lang='lat' dir='ltr'>et</span> 
     </span>
     <span class='ocr_line' id='line_1_3' title="bbox 232 757 1640 856; baseline -0.001 -22"><span class='ocrx_word' id='word_1_15' title='bbox 232 784 295 836; x_wconf 91' lang='lat' dir='ltr'>nos</span> <span class='ocrx_word' id='word_1_16' title='bbox 325 761 570 839; x_wconf 80' lang='lat' dir='ltr'><strong>damnavimus</strong></span> <span class='ocrx_word' id='word_1_17' title='bbox 598 758 645 834; x_wconf 90' lang='lat' dir='ltr'>ad</span> <span class='ocrx_word' id='word_1_18' title='bbox 671 757 959 854; x_wconf 90' lang='lat' dir='ltr'>quinquemillia</span> <span class='ocrx_word' id='word_1_19' title='bbox 993 768 1188 834; x_wconf 88' lang='lat' dir='ltr'>tarenorum</span> <span class='ocrx_word' id='word_1_20' title='bbox 1213 759 1290 832; x_wconf 91' lang='lat' dir='ltr'>auri</span> <span class='ocrx_word' id='word_1_21' title='bbox 1317 781 1440 856; x_wconf 89' lang='lat' dir='ltr'>penam</span> <span class='ocrx_word' id='word_1_22' title='bbox 1469 759 1640 856; x_wconf 89' lang='lat' dir='ltr'>imperiali</span> 
     </span>
     <span class='ocr_line' id='line_1_4' title="bbox 232 882 1640 986; baseline -0.004 -23"><span class='ocrx_word' id='word_1_23' title='bbox 232 889 327 962; x_wconf 90' lang='lat' dir='ltr'>carie</span> <span class='ocrx_word' id='word_1_24' title='bbox 348 885 609 986; x_wconf 79' lang='lat' dir='ltr'>applicandam,</span> <span class='ocrx_word' id='word_1_25' title='bbox 635 903 787 978; x_wconf 90' lang='lat' dir='ltr'>cumque</span> <span class='ocrx_word' id='word_1_26' title='bbox 810 882 951 958; x_wconf 71' lang='lat' dir='ltr'>tandm</span> <span class='ocrx_word' id='word_1_27' title='bbox 974 883 1118 980; x_wconf 91' lang='lat' dir='ltr'>quidam</span> <span class='ocrx_word' id='word_1_28' title='bbox 1141 906 1188 958; x_wconf 83' lang='lat' dir='ltr'>ex</span> <span class='ocrx_word' id='word_1_29' title='bbox 1207 884 1294 981; x_wconf 89' lang='lat' dir='ltr'>ipsis</span> <span class='ocrx_word' id='word_1_30' title='bbox 1319 884 1516 959; x_wconf 88' lang='lat' dir='ltr'>hominibus</span> <span class='ocrx_word' id='word_1_31' title='bbox 1531 885 1640 960; x_wconf 85' lang='lat' dir='ltr'>adae·</span> 
     </span>
     <span class='ocr_line' id='line_1_5' title="bbox 232 1008 1641 1110; baseline -0.002 -22"><span class='ocrx_word' id='word_1_32' title='bbox 232 1015 379 1104; x_wconf 89' lang='lat' dir='ltr'>uisseut,</span> <span class='ocrx_word' id='word_1_33' title='bbox 400 1013 578 1110; x_wconf 90' lang='lat' dir='ltr'>predictus</span> <span class='ocrx_word' id='word_1_34' title='bbox 597 1009 762 1084; x_wconf 90' lang='lat' dir='ltr'>domiuus</span> <span class='ocrx_word' id='word_1_35' title='bbox 778 1008 1059 1107; x_wconf 89' lang='lat' dir='ltr'>archiepiscopus</span> <span class='ocrx_word' id='word_1_36' title='bbox 1080 1019 1115 1082; x_wconf 91' lang='lat' dir='ltr'>et</span> <span class='ocrx_word' id='word_1_37' title='bbox 1140 1029 1205 1084; x_wconf 88' lang='lat' dir='ltr'>uos</span> <span class='ocrx_word' id='word_1_38' title='bbox 1229 1031 1311 1082; x_wconf 92' lang='lat' dir='ltr'>cum</span> <span class='ocrx_word' id='word_1_39' title='bbox 1336 1027 1380 1084; x_wconf 84' lang='lat' dir='ltr'>eo·</span> <span class='ocrx_word' id='word_1_40' title='bbox 1397 1009 1442 1084; x_wconf 92' lang='lat' dir='ltr'>de</span> <span class='ocrx_word' id='word_1_41' title='bbox 1462 1011 1641 1105; x_wconf 80' lang='lat' dir='ltr'>questione</span> 
     </span>
     <span class='ocr_line' id='line_1_6' title="bbox 232 1130 1744 1244; baseline -0.002 -31"><span class='ocrx_word' id='word_1_42' title='bbox 232 1138 459 1236; x_wconf 76' lang='lat' dir='ltr'>procuratoris</span> <span class='ocrx_word' id='word_1_43' title='bbox 479 1135 626 1234; x_wconf 90' lang='lat' dir='ltr'>predicti</span> <span class='ocrx_word' id='word_1_44' title='bbox 647 1143 683 1209; x_wconf 90' lang='lat' dir='ltr'>et</span> <span class='ocrx_word' id='word_1_45' title='bbox 702 1130 925 1231; x_wconf 79' lang='lat' dir='ltr'>responsione</span> <span class='ocrx_word' id='word_1_46' title='bbox 947 1134 1127 1208; x_wconf 88' lang='lat' dir='ltr'>bominum</span> <span class='ocrx_word' id='word_1_47' title='bbox 1151 1133 1384 1231; x_wconf 89' lang='lat' dir='ltr'>predictorum</span> <span class='ocrx_word' id='word_1_48' title='bbox 1406 1156 1454 1208; x_wconf 86' lang='lat' dir='ltr'>cx</span> <span class='ocrx_word' id='word_1_49' title='bbox 1474 1137 1641 1210; x_wconf 88' lang='lat' dir='ltr'>sententia</span> <span class='ocrx_word' id='word_1_50' title='bbox 1735 1229 1744 1244; x_wconf 40' lang='grc'><strong>,</strong></span> 
     </span>
     <span class='ocr_line' id='line_1_7' title="bbox 233 1259 1644 1360; baseline -0.001 -22"><span class='ocrx_word' id='word_1_51' title='bbox 233 1287 338 1360; x_wconf 91' lang='lat' dir='ltr'>quam</span> <span class='ocrx_word' id='word_1_52' title='bbox 356 1263 438 1338; x_wconf 91' lang='lat' dir='ltr'>iude</span> <span class='ocrx_word' id='word_1_53' title='bbox 459 1263 665 1360; x_wconf 88' lang='lat' dir='ltr'>protulimus</span> <span class='ocrx_word' id='word_1_54' title='bbox 684 1261 849 1334; x_wconf 61' lang='lat' dir='ltr'>mamam</span> <span class='ocrx_word' id='word_1_55' title='bbox 871 1261 1076 1335; x_wconf 88' lang='lat' dir='ltr'>monasterio</span> <span class='ocrx_word' id='word_1_56' title='bbox 1098 1261 1231 1358; x_wconf 87' lang='lat' dir='ltr'>prelato</span> <span class='ocrx_word' id='word_1_57' title='bbox 1251 1259 1396 1334; x_wconf 82' lang='lat' dir='ltr'>fecimus</span> <span class='ocrx_word' id='word_1_58' title='bbox 1421 1260 1533 1335; x_wconf 84' lang='lat' dir='ltr'>taliter</span> <span class='ocrx_word' id='word_1_59' title='bbox 1555 1283 1644 1336; x_wconf 89' lang='lat' dir='ltr'>con·</span> 
     </span>
     <span class='ocr_line' id='line_1_8' title="bbox 236 1390 425 1464; baseline -0.005 -3"><span class='ocrx_word' id='word_1_60' title='bbox 236 1390 425 1464; x_wconf 82' lang='lat' dir='ltr'>liuentem:</span> 
     </span>
    </p>

    <p class='ocr_par' dir='ltr' id='par_1_3' title="bbox 116 1509 1656 4737">
     <span class='ocr_line' id='line_1_9' title="bbox 284 1509 1642 1608; baseline -0.002 -21"><span class='ocrx_word' id='word_1_61' title='bbox 284 1516 404 1589; x_wconf 85' lang='lat' dir='ltr'>Mense</span> <span class='ocrx_word' id='word_1_62' title='bbox 421 1513 580 1608; x_wconf 88' lang='lat' dir='ltr'>augusti,</span> <span class='ocrx_word' id='word_1_63' title='bbox 599 1534 690 1586; x_wconf 91' lang='lat' dir='ltr'>noue</span> <span class='ocrx_word' id='word_1_64' title='bbox 710 1511 924 1604; x_wconf 81' lang='lat' dir='ltr'>indictionis,</span> <span class='ocrx_word' id='word_1_65' title='bbox 942 1511 1109 1584; x_wconf 80' lang='lat' dir='ltr'>vicesimo</span> <span class='ocrx_word' id='word_1_66' title='bbox 1128 1513 1258 1586; x_wconf 89' lang='lat' dir='ltr'>scilicet</span> <span class='ocrx_word' id='word_1_67' title='bbox 1274 1510 1344 1586; x_wconf 90' lang='lat' dir='ltr'>die.</span> <span class='ocrx_word' id='word_1_68' title='bbox 1361 1511 1431 1585; x_wconf 83' lang='lat' dir='ltr'>Nos</span> <span class='ocrx_word' id='word_1_69' title='bbox 1444 1509 1564 1585; x_wconf 90' lang='lat' dir='ltr'>Laudo</span> <span class='ocrx_word' id='word_1_70' title='bbox 1580 1511 1642 1586; x_wconf 85' lang='lat' dir='ltr'>Dei</span> 
     </span>
     <span class='ocr_line' id='line_1_10' title="bbox 236 1636 1645 1734; baseline 0 -23"><span class='ocrx_word' id='word_1_71' title='bbox 236 1639 346 1734; x_wconf 89' lang='lat' dir='ltr'>gratia</span> <span class='ocrx_word' id='word_1_72' title='bbox 370 1639 523 1734; x_wconf 83' lang='lat' dir='ltr'>Reginus</span> <span class='ocrx_word' id='word_1_73' title='bbox 548 1637 829 1734; x_wconf 77' lang='lat' dir='ltr'>archiepiscopus</span> <span class='ocrx_word' id='word_1_74' title='bbox 851 1636 982 1711; x_wconf 90' lang='lat' dir='ltr'>domini</span> <span class='ocrx_word' id='word_1_75' title='bbox 1007 1638 1220 1733; x_wconf 90' lang='lat' dir='ltr'>imperatoris</span> <span class='ocrx_word' id='word_1_76' title='bbox 1241 1637 1457 1712; x_wconf 88' lang='lat' dir='ltr'>consiliarius</span> <span class='ocrx_word' id='word_1_77' title='bbox 1482 1645 1516 1711; x_wconf 91' lang='lat' dir='ltr'>et</span> <span class='ocrx_word' id='word_1_78' title='bbox 1539 1639 1645 1711; x_wconf 86' lang='lat' dir='ltr'>lami·</span> 
     </span>
     <span class='ocr_line' id='line_1_11' title="bbox 236 1761 1645 1861; baseline 0.001 -25"><span class='ocrx_word' id='word_1_79' title='bbox 236 1765 329 1839; x_wconf 90' lang='lat' dir='ltr'>liaris</span> <span class='ocrx_word' id='word_1_80' title='bbox 346 1787 388 1838; x_wconf 91' lang='lat' dir='ltr'>ac</span> <span class='ocrx_word' id='word_1_81' title='bbox 406 1765 444 1836; x_wconf 93' lang='lat' dir='ltr'>in</span> <span class='ocrx_word' id='word_1_82' title='bbox 466 1762 629 1838; x_wconf 86' lang='lat' dir='ltr'>omnibus</span> <span class='ocrx_word' id='word_1_83' title='bbox 651 1761 764 1836; x_wconf 87' lang='lat' dir='ltr'>causis</span> <span class='ocrx_word' id='word_1_84' title='bbox 788 1763 985 1836; x_wconf 86' lang='lat' dir='ltr'>monasterii</span> <span class='ocrx_word' id='word_1_85' title='bbox 1012 1763 1127 1837; x_wconf 87' lang='lat' dir='ltr'>Sancti</span> <span class='ocrx_word' id='word_1_86' title='bbox 1155 1762 1319 1859; x_wconf 90' lang='lat' dir='ltr'>Stephani</span> <span class='ocrx_word' id='word_1_87' title='bbox 1343 1761 1389 1837; x_wconf 88' lang='lat' dir='ltr'>de</span> <span class='ocrx_word' id='word_1_88' title='bbox 1412 1763 1558 1836; x_wconf 87' lang='lat' dir='ltr'>Nemore</span> <span class='ocrx_word' id='word_1_89' title='bbox 1583 1785 1645 1861; x_wconf 86' lang='lat' dir='ltr'>per</span> 
     </span>
     <span class='ocr_line' id='line_1_12' title="bbox 236 1886 1645 1988; baseline 0 -26"><span class='ocrx_word' id='word_1_90' title='bbox 236 1890 448 1988; x_wconf 84' lang='lat' dir='ltr'>imperialem</span> <span class='ocrx_word' id='word_1_91' title='bbox 472 1888 686 1962; x_wconf 90' lang='lat' dir='ltr'>clementiam</span> <span class='ocrx_word' id='word_1_92' title='bbox 700 1887 814 1983; x_wconf 84' lang='lat' dir='ltr'>judex</span> <span class='ocrx_word' id='word_1_93' title='bbox 832 1886 1029 1982; x_wconf 89' lang='lat' dir='ltr'>delegatus,</span> <span class='ocrx_word' id='word_1_94' title='bbox 1050 1898 1085 1961; x_wconf 91' lang='lat' dir='ltr'>et</span> <span class='ocrx_word' id='word_1_95' title='bbox 1104 1888 1272 1983; x_wconf 84' lang='lat' dir='ltr'>hogerius</span> <span class='ocrx_word' id='word_1_96' title='bbox 1291 1887 1438 1961; x_wconf 81' lang='lat' dir='ltr'>attavus</span> <span class='ocrx_word' id='word_1_97' title='bbox 1458 1887 1645 1985; x_wconf 88' lang='lat' dir='ltr'>imperialis</span> 
     </span>
     <span class='ocr_line' id='line_1_13' title="bbox 116 1996 1645 2109; baseline 0.001 -24"><span class='ocrx_word' id='word_1_98' title='bbox 116 1996 126 2014; x_wconf 76' lang='grc'><strong>’</strong></span> <span class='ocrx_word' id='word_1_99' title='bbox 232 2013 444 2109; x_wconf 87' lang='lat' dir='ltr'>justiciarius</span> <span class='ocrx_word' id='word_1_100' title='bbox 463 2011 619 2086; x_wconf 88' lang='lat' dir='ltr'>Calabria</span> <span class='ocrx_word' id='word_1_101' title='bbox 638 2011 789 2108; x_wconf 90' lang='lat' dir='ltr'>presenti</span> <span class='ocrx_word' id='word_1_102' title='bbox 812 2011 939 2108; x_wconf 89' lang='lat' dir='ltr'>pagina</span> <span class='ocrx_word' id='word_1_103' title='bbox 967 2010 1183 2086; x_wconf 85' lang='lat' dir='ltr'>declaramus</span> <span class='ocrx_word' id='word_1_104' title='bbox 1199 2010 1297 2106; x_wconf 92' lang='lat' dir='ltr'>quod</span> <span class='ocrx_word' id='word_1_105' title='bbox 1316 2032 1395 2083; x_wconf 91' lang='lat' dir='ltr'>cum</span> <span class='ocrx_word' id='word_1_106' title='bbox 1417 2033 1571 2086; x_wconf 71' lang='lat' dir='ltr'>semmae</span> <span class='ocrx_word' id='word_1_107' title='bbox 1586 2014 1645 2086; x_wconf 92' lang='lat' dir='ltr'>Si-</span> 
     </span>
     <span class='ocr_line' id='line_1_14' title="bbox 236 2135 1647 2235; baseline 0 -25"><span class='ocrx_word' id='word_1_108' title='bbox 236 2139 382 2214; x_wconf 90' lang='lat' dir='ltr'>racusiis</span> <span class='ocrx_word' id='word_1_109' title='bbox 397 2159 460 2235; x_wconf 94' lang='lat' dir='ltr'>pro</span> <span class='ocrx_word' id='word_1_110' title='bbox 475 2137 625 2212; x_wconf 86' lang='lat' dir='ltr'>servitiis</span> <span class='ocrx_word' id='word_1_111' title='bbox 644 2135 880 2234; x_wconf 87' lang='lat' dir='ltr'>imperialibus</span> <span class='ocrx_word' id='word_1_112' title='bbox 900 2136 1134 2232; x_wconf 87' lang='lat' dir='ltr'>exequendis,</span> <span class='ocrx_word' id='word_1_113' title='bbox 1153 2136 1363 2210; x_wconf 87' lang='lat' dir='ltr'>venerabilis</span> <span class='ocrx_word' id='word_1_114' title='bbox 1378 2135 1489 2210; x_wconf 90' lang='lat' dir='ltr'>abbas</span> <span class='ocrx_word' id='word_1_115' title='bbox 1503 2146 1538 2210; x_wconf 92' lang='lat' dir='ltr'>et</span> <span class='ocrx_word' id='word_1_116' title='bbox 1555 2159 1647 2210; x_wconf 87' lang='lat' dir='ltr'>cou-</span> 
     </span>
     <span class='ocr_line' id='line_1_15' title="bbox 237 2261 1645 2359; baseline 0.001 -23"><span class='ocrx_word' id='word_1_117' title='bbox 237 2273 363 2338; x_wconf 82' lang='lat' dir='ltr'>ventus</span> <span class='ocrx_word' id='word_1_118' title='bbox 378 2263 495 2337; x_wconf 89' lang='lat' dir='ltr'>Sancti</span> <span class='ocrx_word' id='word_1_119' title='bbox 511 2261 674 2358; x_wconf 89' lang='lat' dir='ltr'>Stephani</span> <span class='ocrx_word' id='word_1_120' title='bbox 693 2261 739 2335; x_wconf 90' lang='lat' dir='ltr'>ds</span> <span class='ocrx_word' id='word_1_121' title='bbox 756 2263 903 2336; x_wconf 86' lang='lat' dir='ltr'>Nemore</span> <span class='ocrx_word' id='word_1_122' title='bbox 922 2261 1100 2358; x_wconf 88' lang='lat' dir='ltr'>conquesti</span> <span class='ocrx_word' id='word_1_123' title='bbox 1120 2271 1202 2335; x_wconf 86' lang='lat' dir='ltr'>suut</span> <span class='ocrx_word' id='word_1_124' title='bbox 1229 2261 1264 2333; x_wconf 94' lang='lat' dir='ltr'>iu</span> <span class='ocrx_word' id='word_1_125' title='bbox 1290 2261 1393 2359; x_wconf 92' lang='lat' dir='ltr'>plena</span> <span class='ocrx_word' id='word_1_126' title='bbox 1412 2261 1508 2337; x_wconf 89' lang='lat' dir='ltr'>curia</span> <span class='ocrx_word' id='word_1_127' title='bbox 1529 2285 1645 2337; x_wconf 89' lang='lat' dir='ltr'>coram</span> 
     </span>
     <span class='ocr_line' id='line_1_16' title="bbox 237 2386 1645 2484; baseline 0 -22"><span class='ocrx_word' id='word_1_128' title='bbox 237 2388 339 2463; x_wconf 91' lang='lat' dir='ltr'>uobis</span> <span class='ocrx_word' id='word_1_129' title='bbox 354 2410 416 2484; x_wconf 88' lang='lat' dir='ltr'>per</span> <span class='ocrx_word' id='word_1_130' title='bbox 429 2390 566 2463; x_wconf 89' lang='lat' dir='ltr'>lratrem</span> <span class='ocrx_word' id='word_1_131' title='bbox 584 2386 797 2483; x_wconf 88' lang='lat' dir='ltr'>Stephanum</span> <span class='ocrx_word' id='word_1_132' title='bbox 815 2388 1023 2461; x_wconf 89' lang='lat' dir='ltr'>monachum</span> <span class='ocrx_word' id='word_1_133' title='bbox 1043 2387 1235 2482; x_wconf 79' lang='lat' dir='ltr'>generalem</span> <span class='ocrx_word' id='word_1_134' title='bbox 1252 2395 1505 2482; x_wconf 90' lang='lat' dir='ltr'>procuratorem</span> <span class='ocrx_word' id='word_1_135' title='bbox 1527 2409 1645 2462; x_wconf 89' lang='lat' dir='ltr'>eorum</span> 
     </span>
     <span class='ocr_line' id='line_1_17' title="bbox 239 2509 1649 2619; baseline 0.001 -33"><span class='ocrx_word' id='word_1_136' title='bbox 239 2513 285 2588; x_wconf 91' lang='lat' dir='ltr'>de</span> <span class='ocrx_word' id='word_1_137' title='bbox 307 2512 509 2605; x_wconf 86' lang='lat' dir='ltr'>bominibus</span> <span class='ocrx_word' id='word_1_138' title='bbox 534 2535 596 2586; x_wconf 90' lang='lat' dir='ltr'>seu</span> <span class='ocrx_word' id='word_1_139' title='bbox 626 2511 765 2586; x_wconf 89' lang='lat' dir='ltr'>villanis</span> <span class='ocrx_word' id='word_1_140' title='bbox 791 2533 915 2586; x_wconf 86' lang='lat' dir='ltr'>eorum</span> <span class='ocrx_word' id='word_1_141' title='bbox 946 2511 1143 2586; x_wconf 84' lang='lat' dir='ltr'>monasterii</span> <span class='ocrx_word' id='word_1_142' title='bbox 1169 2509 1375 2619; x_wconf 87' lang='lat' dir='ltr'>supradicti,</span> <span class='ocrx_word' id='word_1_143' title='bbox 1407 2511 1452 2584; x_wconf 92' lang='lat' dir='ltr'>de</span> <span class='ocrx_word' id='word_1_144' title='bbox 1477 2515 1649 2588; x_wconf 89' lang='lat' dir='ltr'>casalibus</span> 
     </span>
     <span class='ocr_line' id='line_1_18' title="bbox 240 2635 1649 2734; baseline 0.001 -23"><span class='ocrx_word' id='word_1_145' title='bbox 240 2638 421 2726; x_wconf 77' lang='lat' dir='ltr'>Menahri,</span> <span class='ocrx_word' id='word_1_146' title='bbox 442 2637 647 2734; x_wconf 88' lang='lat' dir='ltr'>Gasparine,</span> <span class='ocrx_word' id='word_1_147' title='bbox 666 2635 838 2730; x_wconf 80' lang='lat' dir='ltr'>brunchi,</span> <span class='ocrx_word' id='word_1_148' title='bbox 849 2645 890 2712; x_wconf 90' lang='lat' dir='ltr'>et</span> <span class='ocrx_word' id='word_1_149' title='bbox 906 2637 1073 2731; x_wconf 86' lang='lat' dir='ltr'>Oliuiani,</span> <span class='ocrx_word' id='word_1_150' title='bbox 1092 2637 1193 2733; x_wconf 90' lang='lat' dir='ltr'>quod</span> <span class='ocrx_word' id='word_1_151' title='bbox 1204 2638 1241 2710; x_wconf 78' lang='lat' dir='ltr'>vi</span> <span class='ocrx_word' id='word_1_152' title='bbox 1258 2647 1293 2710; x_wconf 89' lang='lat' dir='ltr'>et</span> <span class='ocrx_word' id='word_1_153' title='bbox 1308 2637 1508 2712; x_wconf 87' lang='lat' dir='ltr'>auctoritate</span> <span class='ocrx_word' id='word_1_154' title='bbox 1528 2661 1592 2713; x_wconf 90' lang='lat' dir='ltr'>sua</span> <span class='ocrx_word' id='word_1_155' title='bbox 1610 2661 1649 2713; x_wconf 90' lang='lat' dir='ltr'>se</span> 
     </span>
     <span class='ocr_line' id='line_1_19' title="bbox 238 2761 1651 2860; baseline 0.002 -24"><span class='ocrx_word' id='word_1_156' title='bbox 238 2785 261 2836; x_wconf 92' lang='lat' dir='ltr'>a</span> <span class='ocrx_word' id='word_1_157' title='bbox 280 2763 433 2855; x_wconf 82' lang='lat' dir='ltr'>dominio</span> <span class='ocrx_word' id='word_1_158' title='bbox 452 2762 596 2859; x_wconf 90' lang='lat' dir='ltr'>predicti</span> <span class='ocrx_word' id='word_1_159' title='bbox 616 2763 814 2837; x_wconf 87' lang='lat' dir='ltr'>monasterii</span> <span class='ocrx_word' id='word_1_160' title='bbox 828 2763 1092 2860; x_wconf 78' lang='lat' dir='ltr'>subtrahentes,</span> <span class='ocrx_word' id='word_1_161' title='bbox 1116 2763 1273 2837; x_wconf 91' lang='lat' dir='ltr'>debitum</span> <span class='ocrx_word' id='word_1_162' title='bbox 1295 2761 1474 2836; x_wconf 87' lang='lat' dir='ltr'>servitium</span> <span class='ocrx_word' id='word_1_163' title='bbox 1492 2783 1651 2840; x_wconf 88' lang='lat' dir='ltr'>amensa</span> 
     </span>
     <span class='ocr_line' id='line_1_20' title="bbox 239 2885 1650 2986; baseline 0.002 -28"><span class='ocrx_word' id='word_1_164' title='bbox 239 2887 347 2961; x_wconf 92' lang='lat' dir='ltr'>madii</span> <span class='ocrx_word' id='word_1_165' title='bbox 368 2887 501 2962; x_wconf 83' lang='lat' dir='ltr'>solvere</span> <span class='ocrx_word' id='word_1_166' title='bbox 521 2897 735 2961; x_wconf 87' lang='lat' dir='ltr'>recusarunt.</span> <span class='ocrx_word' id='word_1_167' title='bbox 752 2888 966 2975; x_wconf 88' lang='lat' dir='ltr'>Quinetiam</span> <span class='ocrx_word' id='word_1_168' title='bbox 984 2897 1102 2962; x_wconf 89' lang='lat' dir='ltr'>contra</span> <span class='ocrx_word' id='word_1_169' title='bbox 1119 2887 1385 2986; x_wconf 88' lang='lat' dir='ltr'>prohibitionem</span> <span class='ocrx_word' id='word_1_170' title='bbox 1400 2885 1534 2960; x_wconf 91' lang='lat' dir='ltr'>abbatis</span> <span class='ocrx_word' id='word_1_171' title='bbox 1551 2889 1650 2982; x_wconf 88' lang='lat' dir='ltr'>ejus-</span> 
     </span>
     <span class='ocr_line' id='line_1_21' title="bbox 241 3010 1652 3110; baseline 0 -24"><span class='ocrx_word' id='word_1_172' title='bbox 241 3012 322 3086; x_wconf 89' lang='lat' dir='ltr'>dem</span> <span class='ocrx_word' id='word_1_173' title='bbox 346 3012 541 3087; x_wconf 84' lang='lat' dir='ltr'>monasterii</span> <span class='ocrx_word' id='word_1_174' title='bbox 566 3014 691 3086; x_wconf 89' lang='lat' dir='ltr'>iactam</span> <span class='ocrx_word' id='word_1_175' title='bbox 715 3014 782 3086; x_wconf 90' lang='lat' dir='ltr'>sub</span> <span class='ocrx_word' id='word_1_176' title='bbox 803 3035 895 3110; x_wconf 86' lang='lat' dir='ltr'>pena</span> <span class='ocrx_word' id='word_1_177' title='bbox 915 3011 1010 3088; x_wconf 91' lang='lat' dir='ltr'>mille</span> <span class='ocrx_word' id='word_1_178' title='bbox 1030 3024 1226 3088; x_wconf 89' lang='lat' dir='ltr'>tarenorum</span> <span class='ocrx_word' id='word_1_179' title='bbox 1251 3010 1345 3104; x_wconf 85' lang='lat' dir='ltr'>auri,</span> <span class='ocrx_word' id='word_1_180' title='bbox 1364 3013 1591 3086; x_wconf 89' lang='lat' dir='ltr'>communiter</span> <span class='ocrx_word' id='word_1_181' title='bbox 1613 3013 1652 3086; x_wconf 91' lang='lat' dir='ltr'>in</span> 
     </span>
     <span class='ocr_line' id='line_1_22' title="bbox 242 3136 1651 3235; baseline 0.001 -25"><span class='ocrx_word' id='word_1_182' title='bbox 242 3137 413 3211; x_wconf 86' lang='lat' dir='ltr'>casalibus</span> <span class='ocrx_word' id='word_1_183' title='bbox 439 3137 523 3210; x_wconf 86' lang='lat' dir='ltr'>dicti</span> <span class='ocrx_word' id='word_1_184' title='bbox 550 3138 747 3212; x_wconf 89' lang='lat' dir='ltr'>monasterii</span> <span class='ocrx_word' id='word_1_185' title='bbox 773 3139 932 3213; x_wconf 87' lang='lat' dir='ltr'>collectas</span> <span class='ocrx_word' id='word_1_186' title='bbox 961 3151 996 3213; x_wconf 93' lang='lat' dir='ltr'>et</span> <span class='ocrx_word' id='word_1_187' title='bbox 1025 3140 1195 3235; x_wconf 82' lang='lat' dir='ltr'>adjutoria</span> <span class='ocrx_word' id='word_1_188' title='bbox 1221 3140 1260 3211; x_wconf 93' lang='lat' dir='ltr'>in</span> <span class='ocrx_word' id='word_1_189' title='bbox 1283 3136 1514 3235; x_wconf 84' lang='lat' dir='ltr'>prejudicium</span> <span class='ocrx_word' id='word_1_190' title='bbox 1541 3138 1651 3235; x_wconf 88' lang='lat' dir='ltr'>ipsius</span> 
     </span>
     <span class='ocr_line' id='line_1_23' title="bbox 239 3261 1653 3360; baseline 0.001 -26"><span class='ocrx_word' id='word_1_191' title='bbox 239 3261 439 3336; x_wconf 88' lang='lat' dir='ltr'>monasterii</span> <span class='ocrx_word' id='word_1_192' title='bbox 459 3272 661 3359; x_wconf 86' lang='lat' dir='ltr'>posueruut.</span> <span class='ocrx_word' id='word_1_193' title='bbox 682 3264 821 3337; x_wconf 82' lang='lat' dir='ltr'>Vocatis</span> <span class='ocrx_word' id='word_1_194' title='bbox 840 3265 947 3360; x_wconf 86' lang='lat' dir='ltr'>igitur</span> <span class='ocrx_word' id='word_1_195' title='bbox 968 3266 1106 3340; x_wconf 90' lang='lat' dir='ltr'>villanis</span> <span class='ocrx_word' id='word_1_196' title='bbox 1126 3275 1161 3339; x_wconf 92' lang='lat' dir='ltr'>et</span> <span class='ocrx_word' id='word_1_197' title='bbox 1180 3264 1378 3338; x_wconf 89' lang='lat' dir='ltr'>homiuibus</span> <span class='ocrx_word' id='word_1_198' title='bbox 1399 3262 1571 3336; x_wconf 91' lang='lat' dir='ltr'>dictorum</span> <span class='ocrx_word' id='word_1_199' title='bbox 1589 3285 1653 3336; x_wconf 90' lang='lat' dir='ltr'>oa-</span> 
     </span>
     <span class='ocr_line' id='line_1_24' title="bbox 243 3387 1654 3485; baseline -0.001 -24"><span class='ocrx_word' id='word_1_200' title='bbox 243 3387 367 3462; x_wconf 88' lang='lat' dir='ltr'>salium</span> <span class='ocrx_word' id='word_1_201' title='bbox 381 3397 416 3461; x_wconf 89' lang='lat' dir='ltr'>et</span> <span class='ocrx_word' id='word_1_202' title='bbox 435 3388 471 3460; x_wconf 91' lang='lat' dir='ltr'>in</span> <span class='ocrx_word' id='word_1_203' title='bbox 490 3388 585 3461; x_wconf 92' lang='lat' dir='ltr'>curia</span> <span class='ocrx_word' id='word_1_204' title='bbox 601 3389 819 3485; x_wconf 88' lang='lat' dir='ltr'>presentibus</span> <span class='ocrx_word' id='word_1_205' title='bbox 840 3411 955 3463; x_wconf 91' lang='lat' dir='ltr'>coram</span> <span class='ocrx_word' id='word_1_206' title='bbox 976 3391 1094 3483; x_wconf 89' lang='lat' dir='ltr'>uobis,</span> <span class='ocrx_word' id='word_1_207' title='bbox 1117 3390 1276 3464; x_wconf 87' lang='lat' dir='ltr'>Nicolaus</span> <span class='ocrx_word' id='word_1_208' title='bbox 1293 3387 1364 3485; x_wconf 80' lang='lat' dir='ltr'>Asy</span> <span class='ocrx_word' id='word_1_209' title='bbox 1385 3408 1505 3462; x_wconf 90' lang='lat' dir='ltr'>eorum</span> <span class='ocrx_word' id='word_1_210' title='bbox 1524 3409 1654 3485; x_wconf 89' lang='lat' dir='ltr'>procu-</span> 
     </span>
     <span class='ocr_line' id='line_1_25' title="bbox 243 3513 1655 3611; baseline 0.001 -26"><span class='ocrx_word' id='word_1_211' title='bbox 243 3521 353 3605; x_wconf 90' lang='lat' dir='ltr'>rator,</span> <span class='ocrx_word' id='word_1_212' title='bbox 376 3522 415 3585; x_wconf 92' lang='lat' dir='ltr'>ut</span> <span class='ocrx_word' id='word_1_213' title='bbox 437 3513 605 3606; x_wconf 89' lang='lat' dir='ltr'>constitit,</span> <span class='ocrx_word' id='word_1_214' title='bbox 630 3513 808 3611; x_wconf 90' lang='lat' dir='ltr'>respoudit</span> <span class='ocrx_word' id='word_1_215' title='bbox 833 3514 930 3609; x_wconf 92' lang='lat' dir='ltr'>quod</span> <span class='ocrx_word' id='word_1_216' title='bbox 954 3514 1219 3611; x_wconf 89' lang='lat' dir='ltr'>prohibitionem</span> <span class='ocrx_word' id='word_1_217' title='bbox 1242 3514 1377 3590; x_wconf 88' lang='lat' dir='ltr'>abbatis</span> <span class='ocrx_word' id='word_1_218' title='bbox 1397 3523 1597 3609; x_wconf 90' lang='lat' dir='ltr'>receperant</span> <span class='ocrx_word' id='word_1_219' title='bbox 1620 3523 1655 3586; x_wconf 91' lang='lat' dir='ltr'>et</span> 
     </span>
     <span class='ocr_line' id='line_1_26' title="bbox 244 3637 1656 3737; baseline 0.001 -27"><span class='ocrx_word' id='word_1_220' title='bbox 244 3647 466 3712; x_wconf 83' lang='lat' dir='ltr'>servaverant</span> <span class='ocrx_word' id='word_1_221' title='bbox 483 3659 589 3735; x_wconf 86' lang='lat' dir='ltr'>super</span> <span class='ocrx_word' id='word_1_222' title='bbox 607 3648 712 3735; x_wconf 91' lang='lat' dir='ltr'>caput</span> <span class='ocrx_word' id='word_1_223' title='bbox 729 3661 849 3729; x_wconf 89' lang='lat' dir='ltr'>suum,</span> <span class='ocrx_word' id='word_1_224' title='bbox 873 3640 953 3714; x_wconf 88' lang='lat' dir='ltr'>licet</span> <span class='ocrx_word' id='word_1_225' title='bbox 976 3641 1136 3736; x_wconf 88' lang='lat' dir='ltr'>primitus</span> <span class='ocrx_word' id='word_1_226' title='bbox 1161 3640 1319 3713; x_wconf 89' lang='lat' dir='ltr'>homiues</span> <span class='ocrx_word' id='word_1_227' title='bbox 1338 3640 1400 3737; x_wconf 93' lang='lat' dir='ltr'>qui</span> <span class='ocrx_word' id='word_1_228' title='bbox 1428 3637 1594 3713; x_wconf 88' lang='lat' dir='ltr'>venerant</span> <span class='ocrx_word' id='word_1_229' title='bbox 1620 3648 1656 3712; x_wconf 91' lang='lat' dir='ltr'>et</span> 
     </span>
     <span class='ocr_line' id='line_1_27' title="bbox 244 3761 1654 3862; baseline 0.002 -27"><span class='ocrx_word' id='word_1_230' title='bbox 244 3761 359 3836; x_wconf 89' lang='lat' dir='ltr'>dictus</span> <span class='ocrx_word' id='word_1_231' title='bbox 383 3785 502 3837; x_wconf 88' lang='lat' dir='ltr'>eorum</span> <span class='ocrx_word' id='word_1_232' title='bbox 527 3775 728 3860; x_wconf 87' lang='lat' dir='ltr'>procurator</span> <span class='ocrx_word' id='word_1_233' title='bbox 756 3765 1015 3862; x_wconf 87' lang='lat' dir='ltr'>respondissent</span> <span class='ocrx_word' id='word_1_234' title='bbox 1040 3766 1137 3862; x_wconf 92' lang='lat' dir='ltr'>quod</span> <span class='ocrx_word' id='word_1_235' title='bbox 1164 3766 1275 3862; x_wconf 92' lang='lat' dir='ltr'>parati</span> <span class='ocrx_word' id='word_1_236' title='bbox 1297 3777 1366 3838; x_wconf 90' lang='lat' dir='ltr'>non</span> <span class='ocrx_word' id='word_1_237' title='bbox 1394 3773 1561 3838; x_wconf 88' lang='lat' dir='ltr'>venerant</span> <span class='ocrx_word' id='word_1_238' title='bbox 1581 3786 1654 3838; x_wconf 89' lang='lat' dir='ltr'>res·</span> 
     </span>
     <span class='ocr_line' id='line_1_28' title="bbox 244 3886 1656 3988; baseline 0.001 -28"><span class='ocrx_word' id='word_1_239' title='bbox 244 3886 413 3984; x_wconf 89' lang='lat' dir='ltr'>pondere.</span> <span class='ocrx_word' id='word_1_240' title='bbox 431 3890 583 3963; x_wconf 84' lang='lat' dir='ltr'>Instante</span> <span class='ocrx_word' id='word_1_241' title='bbox 607 3901 721 3964; x_wconf 69' lang='lat' dir='ltr'>manen</span> <span class='ocrx_word' id='word_1_242' title='bbox 737 3890 831 3965; x_wconf 89' lang='lat' dir='ltr'>dicto</span> <span class='ocrx_word' id='word_1_243' title='bbox 847 3896 1066 3988; x_wconf 87' lang='lat' dir='ltr'>procuratore</span> <span class='ocrx_word' id='word_1_244' title='bbox 1084 3889 1281 3964; x_wconf 87' lang='lat' dir='ltr'>monasterii</span> <span class='ocrx_word' id='word_1_245' title='bbox 1303 3888 1492 3987; x_wconf 90' lang='lat' dir='ltr'>supradicti</span> <span class='ocrx_word' id='word_1_246' title='bbox 1511 3897 1546 3961; x_wconf 89' lang='lat' dir='ltr'>et</span> <span class='ocrx_word' id='word_1_247' title='bbox 1564 3911 1656 3962; x_wconf 89' lang='lat' dir='ltr'>con-</span> 
     </span>
     <span class='ocr_line' id='line_1_29' title="bbox 244 4012 1656 4111; baseline 0.001 -27"><span class='ocrx_word' id='word_1_248' title='bbox 244 4023 412 4106; x_wconf 89' lang='lat' dir='ltr'>querente</span> <span class='ocrx_word' id='word_1_249' title='bbox 428 4012 525 4107; x_wconf 93' lang='lat' dir='ltr'>quod</span> <span class='ocrx_word' id='word_1_250' title='bbox 542 4013 735 4088; x_wconf 89' lang='lat' dir='ltr'>dominium</span> <span class='ocrx_word' id='word_1_251' title='bbox 755 4017 952 4090; x_wconf 86' lang='lat' dir='ltr'>monasterii</span> <span class='ocrx_word' id='word_1_252' title='bbox 969 4017 1198 4111; x_wconf 78' lang='lat' dir='ltr'>denegassent</span> <span class='ocrx_word' id='word_1_253' title='bbox 1219 4025 1254 4089; x_wconf 92' lang='lat' dir='ltr'>et</span> <span class='ocrx_word' id='word_1_254' title='bbox 1271 4013 1388 4088; x_wconf 87' lang='lat' dir='ltr'>debita</span> <span class='ocrx_word' id='word_1_255' title='bbox 1409 4013 1548 4087; x_wconf 81' lang='lat' dir='ltr'>servitia</span> <span class='ocrx_word' id='word_1_256' title='bbox 1567 4013 1656 4086; x_wconf 91' lang='lat' dir='ltr'>sub·</span> 
     </span>
     <span class='ocr_line' id='line_1_30' title="bbox 244 4133 1655 4232; baseline 0.004 -28"><span class='ocrx_word' id='word_1_257' title='bbox 244 4133 443 4226; x_wconf 86' lang='lat' dir='ltr'>traxissent,</span> <span class='ocrx_word' id='word_1_258' title='bbox 460 4134 625 4210; x_wconf 83' lang='lat' dir='ltr'>dixerunt</span> <span class='ocrx_word' id='word_1_259' title='bbox 637 4137 734 4232; x_wconf 93' lang='lat' dir='ltr'>quod</span> <span class='ocrx_word' id='word_1_260' title='bbox 748 4137 940 4212; x_wconf 89' lang='lat' dir='ltr'>dominium</span> <span class='ocrx_word' id='word_1_261' title='bbox 953 4140 1151 4212; x_wconf 87' lang='lat' dir='ltr'>monasterii</span> <span class='ocrx_word' id='word_1_262' title='bbox 1165 4159 1233 4212; x_wconf 92' lang='lat' dir='ltr'>non</span> <span class='ocrx_word' id='word_1_263' title='bbox 1251 4137 1519 4232; x_wconf 78' lang='lat' dir='ltr'>denegaverant,</span> <span class='ocrx_word' id='word_1_264' title='bbox 1534 4159 1655 4210; x_wconf 89' lang='lat' dir='ltr'>verum</span> 
     </span>
     <span class='ocr_line' id='line_1_31' title="bbox 247 4260 1655 4360; baseline 0.005 -30"><span class='ocrx_word' id='word_1_265' title='bbox 247 4269 362 4332; x_wconf 85' lang='lat' dir='ltr'>tamen</span> <span class='ocrx_word' id='word_1_266' title='bbox 380 4260 520 4333; x_wconf 88' lang='lat' dir='ltr'>servitia</span> <span class='ocrx_word' id='word_1_267' title='bbox 538 4260 782 4336; x_wconf 81' lang='lat' dir='ltr'>subtraxerant</span> <span class='ocrx_word' id='word_1_268' title='bbox 802 4284 866 4360; x_wconf 93' lang='lat' dir='ltr'>pro</span> <span class='ocrx_word' id='word_1_269' title='bbox 882 4284 925 4337; x_wconf 88' lang='lat' dir='ltr'>eo</span> <span class='ocrx_word' id='word_1_270' title='bbox 940 4263 1039 4359; x_wconf 93' lang='lat' dir='ltr'>quod</span> <span class='ocrx_word' id='word_1_271' title='bbox 1054 4263 1287 4358; x_wconf 80' lang='lat' dir='ltr'>gravabantur</span> <span class='ocrx_word' id='word_1_272' title='bbox 1305 4262 1350 4336; x_wconf 93' lang='lat' dir='ltr'>ab</span> <span class='ocrx_word' id='word_1_273' title='bbox 1367 4264 1433 4346; x_wconf 89' lang='lat' dir='ltr'>eie;</span> <span class='ocrx_word' id='word_1_274' title='bbox 1457 4263 1520 4336; x_wconf 88' lang='lat' dir='ltr'>sed</span> <span class='ocrx_word' id='word_1_275' title='bbox 1539 4273 1655 4337; x_wconf 67' lang='lat' dir='ltr'>amen</span> 
     </span>
     <span class='ocr_line' id='line_1_32' title="bbox 246 4383 1655 4484; baseline 0.006 -30"><span class='ocrx_word' id='word_1_276' title='bbox 246 4405 424 4479; x_wconf 92' lang='lat' dir='ltr'>nunquam</span> <span class='ocrx_word' id='word_1_277' title='bbox 441 4406 480 4460; x_wconf 89' lang='lat' dir='ltr'>ee</span> <span class='ocrx_word' id='word_1_278' title='bbox 496 4407 573 4461; x_wconf 86' lang='lat' dir='ltr'>essa</span> <span class='ocrx_word' id='word_1_279' title='bbox 587 4386 745 4462; x_wconf 89' lang='lat' dir='ltr'>homiues</span> <span class='ocrx_word' id='word_1_280' title='bbox 764 4388 960 4462; x_wconf 90' lang='lat' dir='ltr'>monasterii</span> <span class='ocrx_word' id='word_1_281' title='bbox 972 4396 1199 4483; x_wconf 88' lang='lat' dir='ltr'>negaverunt.</span> <span class='ocrx_word' id='word_1_282' title='bbox 1219 4391 1329 4484; x_wconf 88' lang='lat' dir='ltr'>Super</span> <span class='ocrx_word' id='word_1_283' title='bbox 1346 4409 1418 4483; x_wconf 92' lang='lat' dir='ltr'>quo</span> <span class='ocrx_word' id='word_1_284' title='bbox 1436 4383 1655 4462; x_wconf 81' lang='lat' dir='ltr'>decrevimus</span> 
     </span>
     <span class='ocr_line' id='line_1_33' title="bbox 216 4507 1656 4612; baseline 0.004 -32"><span class='ocrx_word' id='word_1_285' title='bbox 216 4589 220 4596; x_wconf 42' lang='grc'>,</span> <span class='ocrx_word' id='word_1_286' title='bbox 244 4507 386 4602; x_wconf 88' lang='lat' dir='ltr'>quodsi</span> <span class='ocrx_word' id='word_1_287' title='bbox 404 4521 604 4608; x_wconf 90' lang='lat' dir='ltr'>procurator</span> <span class='ocrx_word' id='word_1_288' title='bbox 621 4514 817 4588; x_wconf 85' lang='lat' dir='ltr'>monasterii</span> <span class='ocrx_word' id='word_1_289' title='bbox 837 4513 984 4610; x_wconf 80' lang='lat' dir='ltr'>probare</span> <span class='ocrx_word' id='word_1_290' title='bbox 995 4521 1111 4612; x_wconf 84' lang='lat' dir='ltr'>posset</span> <span class='ocrx_word' id='word_1_291' title='bbox 1130 4513 1226 4611; x_wconf 91' lang='lat' dir='ltr'>quod</span> <span class='ocrx_word' id='word_1_292' title='bbox 1247 4513 1315 4610; x_wconf 91' lang='lat' dir='ltr'>ipsi</span> <span class='ocrx_word' id='word_1_293' title='bbox 1330 4513 1487 4588; x_wconf 89' lang='lat' dir='ltr'>homines</span> <span class='ocrx_word' id='word_1_294' title='bbox 1502 4534 1565 4588; x_wconf 86' lang='lat' dir='ltr'>eeu</span> <span class='ocrx_word' id='word_1_295' title='bbox 1581 4514 1656 4588; x_wconf 87' lang='lat' dir='ltr'>vil-</span> 
     </span>
     <span class='ocr_line' id='line_1_34' title="bbox 246 4633 1655 4737; baseline 0.008 -34"><span class='ocrx_word' id='word_1_296' title='bbox 246 4633 318 4705; x_wconf 92' lang='lat' dir='ltr'>lani</span> <span class='ocrx_word' id='word_1_297' title='bbox 335 4635 493 4710; x_wconf 83' lang='lat' dir='ltr'>collectas</span> <span class='ocrx_word' id='word_1_298' title='bbox 513 4638 719 4731; x_wconf 85' lang='lat' dir='ltr'>generaliter</span> <span class='ocrx_word' id='word_1_299' title='bbox 741 4640 952 4736; x_wconf 87' lang='lat' dir='ltr'>posuissent,</span> <span class='ocrx_word' id='word_1_300' title='bbox 978 4640 1025 4715; x_wconf 91' lang='lat' dir='ltr'>ad</span> <span class='ocrx_word' id='word_1_301' title='bbox 1047 4661 1171 4737; x_wconf 87' lang='lat' dir='ltr'>penam</span> <span class='ocrx_word' id='word_1_302' title='bbox 1193 4639 1346 4715; x_wconf 89' lang='lat' dir='ltr'>debitam</span> <span class='ocrx_word' id='word_1_303' title='bbox 1367 4639 1536 4736; x_wconf 87' lang='lat' dir='ltr'>imperiali</span> <span class='ocrx_word' id='word_1_304' title='bbox 1558 4639 1655 4714; x_wconf 87' lang='lat' dir='ltr'>curie</span> 
     </span>
    </p>
   </div>
   <div class='ocr_carea' id='block_1_3' title="bbox 0 0 2173 5892">
    <p class='ocr_par' dir='ltr' id='par_1_4' title="bbox 0 0 2173 5892">
     <span class='ocr_line' id='line_1_35' title="bbox 0 0 2173 5892; baseline 0 0"><span class='ocrx_word' id='word_1_305' title='bbox 0 0 2173 5892; x_wconf 95' lang='lat' dir='ltr'> </span> 
     </span>
    </p>
   </div>
  </div>
 </body>
</html>
