4272 5886
170 553 267 624 Ιιιιισι,
286 551 347 638 14]
621 548 818 612 HISTORIA
842 550 1134 614 ulruounttcrt.
1523 550 1585 614 539

170 691 263 764 mitis
281 699 341 763 tua
360 687 498 763 novarit
515 683 683 760 celsitudo
703 686 800 780 quod
821 688 930 784 ipsius
949 687 1082 761 comitis
1103 688 1217 760 nuntii
1236 687 1407 782 petierunt
1427 688 1579 784 quedam

166 815 238 906 juri
251 814 606 888 etllcclcsielfonrane
620 814 862 904 consuetudini
876 813 1042 887 contraria
1057 815 1249 888 manifeste.
1260 813 1359 888 Unde
1371 816 1452 888 licet
1462 838 1581 912 preces

171 949 249 1014 tuas
268 941 415 1015 velimus
428 961 564 1035 semper
580 938 615 1009 in
630 939 759 1033 quibus
772 939 965 1012 secuudum
980 941 1091 1011 Deum
1107 960 1303 1035 possumus,
1321 943 1501 1035 exaudire,
1519 966 1581 1016 ne·

172 1064 351 1158 quivimus
363 1073 476 1135 tamen
492 1063 646 1158 ipsorum
660 1062 859 1156 petitionem
875 1062 1057 1137 admittere
1071 1065 1290 1153 nuntiorum;
1310 1065 1417 1160 idque
1433 1067 1582 1139 circum·

173 1187 304 1282 spectio
319 1197 379 1258 tua
397 1206 480 1279 egre
495 1187 583 1257 ferre
601 1206 670 1257 non
688 1186 808 1275 debet,
826 1208 904 1258 cum
923 1208 992 1259 non
1005 1188 1109 1281 velie,
1128 1198 1168 1259 ut
1180 1188 1369 1280 credimus,
1383 1191 1480 1285 quod
1496 1191 1585 1286 juris

175 1312 292 1408 scripti
317 1319 352 1384 et
378 1310 567 1407 approbate
593 1311 854 1384 consuetudinis
880 1312 1037 1384 ordinem
1061 1313 1326 1386 confundamus.
1352 1314 1445 1388 Licet
1469 1325 1585 1391 autem

177 1435 269 1508 idem
289 1454 405 1508 comes
423 1435 529 1508 etiam
549 1435 624 1529 ipsa
643 1434 859 1508 exhibitione
872 1436 1004 1530 justitie
1022 1447 1161 1534 propter
1179 1429 1287 1511 multa
1306 1461 1376 1534 quc
1393 1463 1489 1514 nunc
1505 1465 1585 1514 nar·

176 1581 252 1634 rare
269 1581 338 1634 non
356 1560 501 1657 expedit
522 1558 713 1634 reddiderit
729 1581 767 1632 se
787 1560 983 1656 indignum,
1005 1570 1141 1634 tuarum
1159 1573 1273 1636 tamen
1299 1585 1441 1659 precum
1460 1567 1587 1642 intuitu

178 1686 352 1760 voluimus
366 1694 475 1758 totum
490 1686 605 1780 ipsum
620 1685 796 1778 negotium
811 1686 913 1758 bonis
925 1686 1011 1760 viris
1025 1687 1236 1760 committere
1253 1689 1319 1762 sub
1334 1691 1398 1762 hac
1411 1692 1532 1784 forma,
1551 1702 1589 1766 ut

177 1811 341 1885 videlicet
355 1810 448 1884 idem
463 1831 577 1883 comes
596 1819 763 1906 prestaret
779 1810 815 1884 in
831 1832 953 1885 eornm
967 1813 1127 1886 manibus
1146 1815 1380 1907 juramentum
1400 1815 1445 1888 de
1466 1817 1590 1891 stando

178 1933 352 2010 mandatis
372 1935 525 2010 Ecclesie
542 1957 648 2031 super
670 1937 713 2008 iis
735 1957 799 2032 pro
817 1936 946 2031 quibus
964 1937 1002 2008 in
1028 1959 1108 2010 eum
1125 1939 1293 2012 senmntia
1310 1944 1591 2016 excommunica·

179 2061 282 2135 tionis
300 2061 369 2134 lata
386 2060 452 2132 fuit
464 2081 506 2132 ac
521 2059 650 2133 deinde
665 2070 830 2156 prestaret
848 2062 892 2135 de
909 2063 1099 2136 manifestis
1118 2064 1301 2137 emendam
1317 2087 1358 2137 ac
1377 2066 1422 2138 de
1439 2069 1593 2162 parendo

175 2187 247 2279 juri
268 2209 373 2282 super
396 2185 514 2260 dubiis
536 2185 718 2259 exhiberet
742 2185 902 2259 idoneam
919 2187 1133 2279 cautionem
1157 2211 1229 2283 quo
1256 2191 1346 2262 facto
1367 2191 1593 2266 absolutionis

181 2311 387 2385 beneficium
406 2309 664 2406 impenderetur
680 2310 794 2384 eidem
816 2319 851 2383 et
877 2321 1126 2407 consequenter
1150 2313 1194 2386 de
1214 2314 1333 2388 dubiis
1358 2317 1509 2409 cognitio
1529 2318 1592 2392 ha·

182 2438 321 2510 beretur
339 2445 375 2509 et
390 2444 597 2508 statueretur
611 2434 708 2530 quod
725 2446 883 2532 posceret
897 2436 984 2509 ordo
996 2437 1097 2529 juris.
1112 2439 1155 2510 Et
1169 2438 1234 2511 hec
1247 2440 1364 2512 omnia
1378 2439 1480 2515 dictis
1498 2467 1596 2514 nun-

182 2561 240 2634 tiis
261 2559 411 2654 benigne
438 2559 627 2632 obtulimus
647 2582 709 2655 per
726 2561 961 2634 venerabilem
984 2563 1123 2635 fratrem
1147 2573 1302 2636 nostrum
1327 2567 1370 2638 ll.
1394 2566 1596 2663 episcopum

182 2685 372 2760 Ostiensem
407 2705 448 2757 ac
476 2685 642 2756 dilectum
673 2683 783 2756 filium
812 2693 967 2758 nostrum
988 2683 1030 2757 G.
1063 2687 1152 2758 tituli
1185 2689 1298 2762 Sancti
1328 2689 1466 2763 Martini
1498 2714 1598 2787 pres-

182 2811 344 2907 byterum
364 2817 399 2882 et
424 2808 625 2903 Gregorium
651 2810 768 2882 Sancti
795 2809 964 2883 Theodori
993 2808 1177 2884 diaconum
1201 2811 1410 2902 cardinales,
1429 2839 1450 2890 a
1470 2817 1599 2912 quibus

183 2935 325 3009 eosdem
351 2934 491 3007 nuntios
523 2933 639 3006 audiri
666 2934 812 3007 fecimus
844 2933 1038 3028 diligenter,
1068 2959 1146 3010 cum
1172 2939 1311 3011 nonsit
1336 2942 1598 3016 consuetudinis

183 3061 279 3155 quod
298 3061 473 3132 Romanus
494 3058 652 3154 pontifex
671 3058 738 3132 nisi
764 3080 825 3153 per
849 3051 1084 3156 interpositam
1111 3083 1291 3157 personam
1315 3064 1361 3137 ad
1387 3067 1597 3164 colloquium

183 3185 503 3258 excommunicatos
533 3183 713 3274 admittat;
743 3184 811 3280 ipsi
837 3196 951 3258 autern
976 3188 1089 3260 nuntii
1112 3189 1266 3284 predicta
1294 3190 1447 3286 recipere
1474 3215 1598 3268 renue-

184 3320 276 3399 runt,
291 3317 484 3382 asserentes
499 3307 597 3381 seed
611 3309 762 3382 bocnou
777 3310 905 3382 habere
917 3312 1133 3405 mandatnm,
1148 3335 1213 3387 nec
1225 3335 1301 3406 nos,
1315 3323 1355 3386 nt
1367 3317 1595 3412 prediximus,

183 3435 360 3530 potuimus
381 3436 493 3507 facere
508 3433 605 3529 quod
625 3434 805 3529 petebant,
826 3457 905 3508 cum
924 3437 985 3508 ubi
1004 3439 1118 3531 agitur
1134 3437 1179 3511 de
1192 3439 1343 3532 justitia,
1364 3443 1503 3536 gratie
1493 3467 1529 3515 ru
1545 3445 1596 3518 al·

184 3559 292 3632 terius
315 3559 478 3653 injuriam
496 3581 565 3632 nou
585 3560 630 3632 eit
654 3562 773 3650 locus,
792 3569 859 3633 etc.
877 3560 930 3658 (l)
934 3611 1595 3644 .................

233 3686 358 3758 Datum
374 3685 498 3777 Reate,
516 3684 563 3757 lli
580 3683 748 3758 kalendas
761 3683 942 3780 februarii,
961 3689 1114 3762 annuli.

239 4213 494 4326 Imperator
483 4248 563 4333 rpse
593 4224 803 4309 baronibus
837 4236 875 4309 et
909 4223 1094 4310 militibus
1130 4227 1333 4315 infeudatis
1368 4236 1601 4348 caeterisque
1641 4271 1698 4371 rap
1698 4275 1775 4330 ιιιιι,

186 4351 404 4436 mandatut
387 4361 554 4440 tomnee
573 4384 613 4442 ee
630 4370 857 4469 praeparent
873 4361 1105 4446 adeundum
1119 4389 1249 4448 secum
1266 4365 1306 4449 in
1329 4367 1598 4456 lombardiam
1652 4303 1775 4382 m]

226 4615 346 4690 (llllnde
355 4623 479 4681 cumdem
488 4626 613 4684 comitem
622 4627 741 4702 pontifex
750 4628 927 4688 anathematis
935 4630 1069 4688 sententia
1078 4631 1174 4688 iterum
1183 4632 1298 4705 perculit
1305 4634 1599 4711 ejusquetcrrasinter·

188 4711 1597 4809 dictosubjecit,litterispaulopcstdatis,scilicettlral.februariiejusdemanni.ltcpsst.,ibid.,mlta.
