4272 5886
192 517 288 576 lvnrcr.
306 514 369 594 lt]
648 512 845 576 HISTORIA
871 511 1165 574 sustollentes.
1551 515 1611 578 567

190 652 422 724 Romanorum
442 650 628 746 imperator
649 649 898 724 recordationis
923 650 1053 743 inclita,
1078 650 1301 747 predecessor
1321 659 1449 742 noster,
1477 651 1533 746 pie
1550 651 1609 724 in-

191 777 366 869 dulxerat,
382 777 546 850 attentius
564 777 799 872 supplicantes
816 785 855 848 nt
879 798 941 871 pro
965 797 1007 848 eo
1027 776 1122 870 qnod
1139 785 1209 848 tam
1228 777 1265 849 in
1289 775 1417 872 pagina
1440 798 1545 870 quam
1571 777 1606 850 iu

191 901 394 976 bullacerea
404 925 475 997 qna
487 903 658 975 munitum
670 903 831 976 extiterat
843 901 949 976 nimia
957 903 1030 994 jam
1045 902 1157 974 fuerat
1170 909 1340 976 vetustate
1348 924 1489 974 consum
1493 912 1604 996 ptum,

190 1027 435 1102 mandaremus
458 1027 503 1102 do
518 1028 625 1101 verbo
640 1027 687 1101 ad
705 1027 852 1102 verbum
873 1027 1051 1100 transcribi
1068 1038 1102 1100 ct
1122 1027 1326 1102 confirmare
1340 1028 1408 1099 sibi
1429 1028 1474 1102 de
1493 1038 1609 1101 nostra

189 1153 299 1245 gratia
317 1151 559 1248 dignaremur,
578 1155 678 1246 cujus
697 1153 907 1226 continentia
926 1153 1003 1226 talis
1017 1162 1114 1226 erat:

237 1278 276 1350 ln
297 1279 437 1351 nomine
450 1288 568 1352 sancte
589 1279 824 1353 etindividuc
838 1279 1025 1352 Trinitatis.
1044 1279 1211 1352 Henricus
1232 1278 1353 1352 divina
1378 1278 1515 1350 favente
1539 1278 1606 1350 cle-

192 1401 318 1475 mentia
334 1414 492 1496 quartus,
508 1403 739 1476 Romanorum
758 1401 943 1498 imperator
961 1402 1194 1497 augustensi
1210 1402 1301 1475 circa
1318 1411 1515 1476 sanctorum
1531 1403 1606 1476 loca

188 1525 357 1600 beneficia
376 1527 550 1622 condigna
579 1527 830 1622 impendimus,
858 1527 948 1600 banc
971 1541 1122 1600 nostram
1147 1527 1362 1624 imperialem
1393 1531 1605 1622 majestatem

190 1652 382 1726 concedere
407 1653 582 1726 credimus
607 1664 644 1726 et
670 1653 812 1748 insuper
835 1664 954 1728 eterna
978 1656 1110 1750 premia
1128 1676 1192 1728 nos
1213 1653 1296 1727 inde
1323 1655 1471 1750 adipisci
1495 1653 1604 1727 conti-

189 1777 317 1850 dimns.
336 1779 412 1864 Qua
430 1787 569 1875 propter
581 1778 737 1852 omnium
752 1778 875 1851 Christi
892 1789 1156 1876 nostrorumque
1175 1779 1330 1852 fidelium
1343 1779 1602 1852 universitatem

188 1902 276 1975 scire
290 1905 452 1976 volumus
468 1905 616 2000 qualiter
631 1926 694 1978 noe
711 1905 757 1979 ob
779 1927 930 1978 emerem
949 1905 1072 1978 Christi
1092 1914 1126 1978 et
1147 1907 1224 1998 ejus
1240 1905 1418 1999 genitricis
1435 1913 1470 1978 et
1485 1905 1602 1978 Sancti

188 2027 321 2116 Vitatis,
341 2049 462 2123 anper
484 2029 717 2104 interventum
739 2040 855 2103 nostre
877 2032 1077 2104 contectalis
1099 2031 1271 2104 blactildis
1286 2040 1321 2104 et
1339 2031 1486 2104 aliorum
1506 2031 1602 2126 prin·

187 2153 304 2247 cipum
321 2163 530 2244 nostrorum,
546 2154 677 2228 scilicet
693 2153 788 2252 Arpo
813 2157 998 2251 episcopus
1019 2156 1218 2246 Feltrensis,
1238 2154 1440 2250 Arnnlpbus
1461 2158 1600 2252 cappel-

187 2278 301 2368 lanus,
316 2277 499 2352 Anselmns
513 2279 558 2353 de
571 2282 683 2354 Busco
701 2280 866 2370 marchio,
880 2278 995 2353 Guido
1011 2285 1134 2372 Strata,
1148 2281 1402 2376 Maluspcrone‚
1422 2279 1601 2354 Conradus

186 2405 427 2496 mariscalcus,
443 2405 718 2496 Molestatliatns,
739 2427 891 2479 necnon
910 2406 1200 2500 bloteguarnitus,
1219 2427 1285 2478 nec
1308 2426 1377 2477 non
1398 2403 1598 2492 Ansatmus,

187 2537 447 2623 ceterorumque
473 2529 629 2604 fidelium
651 2541 866 2621 nostrorum,
895 2530 1069 2604 abbatiam
1091 2530 1207 2603 Sancti
1228 2530 1350 2602 Vitatis
1369 2531 1532 2602 Ravenna
1555 2530 1601 2602 ab

186 2663 402 2727 antecessore
415 2663 530 2728 nostro
544 2656 667 2730 Ottone
684 2657 889 2752 imperatore
903 2678 924 2730 a
939 2658 1071 2731 Ioanne
1083 2657 1293 2729 Ravennatis
1305 2657 1449 2728 ecclesie
1460 2656 1601 2728 archie-

187 2779 329 2874 piscopo
346 2780 504 2853 ordinato
521 2781 728 2855 monasterio
742 2780 817 2879 (cic)
835 2803 877 2854 ac
893 2792 1012 2877 postea
1029 2782 1075 2856 ab
1092 2782 1238 2857 ilenrico
1253 2791 1368 2854 nostro
1386 2791 1602 2854 antecessore

186 2907 439 2978 corroboratam
461 2928 541 2978 curn
560 2906 722 2980 omnibns
742 2908 816 2980 suis
831 2908 1058 3003 pertinentiis,
1077 2906 1248 3002 quicquid
1265 2907 1429 2982 videlicet
1447 2907 1601 3001 predicta

186 3030 324 3103 abbatia
352 3033 579 3126 paratiquod
609 3033 787 3105 munimen
815 3033 1022 3106 cartularum
1051 3033 1108 3105 vet
1134 3032 1356 3106 traditionum
1382 3033 1514 3107 detinet
1541 3034 1598 3104 vel

185 3155 299 3228 cidem
316 3157 464 3251 pertinet
475 3159 521 3230 ab
533 3158 677 3230 ecclesia
689 3158 843 3231 Romana
858 3168 893 3230 et
906 3159 1105 3232 Rauennate
1119 3167 1179 3230 ant
1192 3158 1310 3253 aliqua
1323 3159 1404 3250 alia,
1419 3180 1482 3230 seu
1496 3158 1598 3229 eliam

184 3280 353 3376 quicquid
373 3283 452 3374 jure
474 3283 690 3377 proprietatis
712 3283 843 3356 detinet
864 3293 926 3356 aut
946 3284 1126 3378 acquirere
1145 3283 1181 3354 in
1205 3285 1320 3356 tuturo
1336 3283 1472 3379 poterit,
1494 3283 1599 3356 idest

185 3407 353 3502 quicquid
372 3409 460 3482 intra
476 3430 595 3481 muros
609 3409 759 3482 civitatis
773 3410 830 3482 vel
852 3410 889 3482 in
912 3409 1081 3483 suburbio
1103 3409 1207 3481 habet
1227 3411 1284 3482 vel
1307 3429 1505 3505 possessura
1524 3417 1596 3495 est,

185 3543 220 3604 ct
238 3534 380 3629 insuper
400 3545 533 3608 curtem
551 3535 667 3608 Sancti
686 3535 861 3608 Laurentii
879 3535 916 3607 in
933 3535 1076 3608 Scornio
1095 3557 1174 3608 cum
1201 3535 1364 3607 omnibus
1386 3533 1600 3629 pertinentiis

184 3657 258 3729 suis
274 3659 364 3732 intra
382 3669 452 3733 toto
472 3659 635 3732 comitatu
659 3661 812 3732 Ferraria
836 3669 871 3731 et
896 3659 932 3730 in
953 3670 1023 3733 toto
1047 3660 1137 3732 saltu
1163 3680 1242 3732 cnm
1270 3659 1426 3754 piscariis
1452 3658 1487 3729 in
1506 3656 1601 3731 Pado

184 3783 240 3854 vat
258 3783 392 3878 ubique
407 3783 541 3880 positis,
557 3805 639 3856 cnm
658 3785 861 3879 paludibus,
882 3784 1139 3871 venationibus,
1161 3785 1454 3879 ancupationibus
1471 3785 1601 3856 circum

182 3907 384 3980 Ravennam
402 3908 558 3981 similiter
574 3909 711 4005 positis;
733 3919 866 3983 curtem
884 3910 989 3984 etiam
1010 3911 1125 3982 Sancti
1143 3909 1314 3983 Theodori
1334 3931 1414 3981 cum
1437 3909 1600 3982 omnibns

183 4033 398 4126 pertinentiis
414 4033 500 4123 suis,
515 4056 595 4106 cum
608 4034 812 4130 paludibus,
830 4033 999 4128 piscariis,
1019 4033 1276 4126 venationibus,
1291 4032 1595 4128 aucupationibus,

183 4158 292 4251 silvie,
308 4159 464 4253 spinetis,
483 4160 616 4252 salinis,
633 4161 777 4234 colomis
789 4157 848 4234 vel
866 4159 1036 4255 quioquid
1054 4159 1159 4232 babet
1172 4160 1228 4234 vel
1245 4158 1424 4253 acquirere
1440 4157 1545 4232 debet
1562 4157 1598 4228 in

181 4293 253 4356 toto
272 4285 436 4358 comitatu
460 4285 648 4359 ficoclensi
671 4285 730 4359 vel
752 4286 899 4376 Cesene,
926 4305 1048 4358 vemm
1068 4285 1173 4358 ctiam
1195 4292 1328 4358 curtem
1353 4273 1476 4356 Sancte
1493 4283 1600 4356 llario

174 4389 218 4479 ¹in
240 4408 403 4482 Gauriolo
426 4431 505 4484 cnm
528 4410 692 4483 omnibns
715 4409 781 4482 sibi
808 4410 1075 4506 pertinentibus,
1101 4418 1232 4482 curtam
1259 4407 1375 4482 Sancti
1402 4407 1542 4485 loannis
1562 4407 1599 4478 in

181 4534 374 4608 blariniano
400 4557 480 4608 cnm
503 4537 666 4610 omnibns
688 4535 755 4608 sibi
779 4537 836 4609 vel
856 4535 1117 4627 subjacentibus
1134 4534 1191 4607 vel
1213 4533 1345 4628 ubique
1367 4533 1487 4628 positis
1511 4532 1600 4604 intra

181 4669 252 4734 toro
267 4661 431 4734 comitatu
449 4660 616 4755 Arimini,
634 4683 758 4736 verum
777 4660 881 4734 etiam
899 4657 1070 4755 quicquid
1087 4658 1192 4734 habet
1208 4657 1244 4730 in
1263 4667 1334 4733 tcto
1349 4659 1512 4732 comitatu
1529 4657 1601 4730 Fa-
