<?xml version="1.0" encoding="UTF-8"?>
<!DOCTYPE html PUBLIC "-//W3C//DTD XHTML 1.0 Transitional//EN"
    "http://www.w3.org/TR/xhtml1/DTD/xhtml1-transitional.dtd">
<html xmlns="http://www.w3.org/1999/xhtml" xml:lang="en" lang="en">
 <head>
  <title>
</title>
<meta http-equiv="Content-Type" content="text/html;charset=utf-8" />
  <meta name='ocr-system' content='tesseract 3.04.00' />
  <meta name='ocr-capabilities' content='ocr_page ocr_carea ocr_par ocr_line ocrx_word'/>
</head>
<body>
  <div class='ocr_page' id='page_1' title='image "./historiadiploma08fredgoog_0286.png"; bbox 0 0 4296 5898; ppageno 0'>
   <div class='ocr_carea' id='block_1_1' title="bbox 537 579 1946 662">
    <p class='ocr_par' dir='ltr' id='par_1_1' title="bbox 537 579 1946 662">
     <span class='ocr_line' id='line_1_1' title="bbox 537 579 1946 662; baseline 0.002 -20"><span class='ocrx_word' id='word_1_1' title='bbox 537 579 602 642; x_wconf 69' lang='lat' dir='ltr'><strong>E&#39;ld</strong></span> <span class='ocrx_word' id='word_1_2' title='bbox 1045 581 1259 644; x_wconf 71' lang='lat' dir='ltr'><strong>tutotuto!</strong></span> <span class='ocrx_word' id='word_1_3' title='bbox 1284 581 1456 645; x_wconf 71' lang='lat' dir='ltr'><strong>sectant</strong></span> <span class='ocrx_word' id='word_1_4' title='bbox 1764 581 1846 662; x_wconf 77' lang='lat' dir='ltr'><strong>[Ass.</strong></span> <span class='ocrx_word' id='word_1_5' title='bbox 1865 581 1946 645; x_wconf 65' lang='lat' dir='ltr'><strong>lm</strong></span> 
     </span>
    </p>
   </div>
   <div class='ocr_carea' id='block_1_2' title="bbox 538 717 1949 3557">
    <p class='ocr_par' dir='ltr' id='par_1_2' title="bbox 538 717 1949 3305">
     <span class='ocr_line' id='line_1_2' title="bbox 543 717 1949 816; baseline 0.002 -27"><span class='ocrx_word' id='word_1_6' title='bbox 543 717 644 790; x_wconf 89' lang='lat' dir='ltr'><strong>nobis</strong></span> <span class='ocrx_word' id='word_1_7' title='bbox 668 717 819 790; x_wconf 91' lang='lat' dir='ltr'><strong>innotuit</strong></span> <span class='ocrx_word' id='word_1_8' title='bbox 846 717 1048 792; x_wconf 73' lang='lat' dir='ltr'><strong>detestande</strong></span> <span class='ocrx_word' id='word_1_9' title='bbox 1072 719 1164 792; x_wconf 94' lang='lat' dir='ltr'><strong>illins</strong></span> <span class='ocrx_word' id='word_1_10' title='bbox 1180 719 1328 816; x_wconf 79' lang='lat' dir='ltr'><strong>dapiferi</strong></span> <span class='ocrx_word' id='word_1_11' title='bbox 1346 718 1546 794; x_wconf 89' lang='lat' dir='ltr'><strong>temeritatis</strong></span> <span class='ocrx_word' id='word_1_12' title='bbox 1567 739 1749 812; x_wconf 84' lang='lat' dir='ltr'><strong>excessus,</strong></span> <span class='ocrx_word' id='word_1_13' title='bbox 1774 729 1810 792; x_wconf 88' lang='lat' dir='ltr'><strong>et</strong></span> <span class='ocrx_word' id='word_1_14' title='bbox 1826 729 1949 814; x_wconf 88' lang='lat' dir='ltr'><strong>quanto</strong></span> 
     </span>
     <span class='ocr_line' id='line_1_3' title="bbox 543 841 1949 940; baseline 0.004 -26"><span class='ocrx_word' id='word_1_15' title='bbox 543 841 659 914; x_wconf 92' lang='lat' dir='ltr'><strong>miuus</strong></span> <span class='ocrx_word' id='word_1_16' title='bbox 674 841 885 916; x_wconf 78' lang='lat' dir='ltr'><strong>credidimus</strong></span> <span class='ocrx_word' id='word_1_17' title='bbox 901 843 997 939; x_wconf 92' lang='lat' dir='ltr'><strong>qnod</strong></span> <span class='ocrx_word' id='word_1_18' title='bbox 1013 865 1086 916; x_wconf 87' lang='lat' dir='ltr'><strong>rem</strong></span> <span class='ocrx_word' id='word_1_19' title='bbox 1102 853 1173 916; x_wconf 68' lang='lat' dir='ltr'><strong>mm</strong></span> <span class='ocrx_word' id='word_1_20' title='bbox 1188 842 1357 934; x_wconf 91' lang='lat' dir='ltr'><strong>arduam,</strong></span> <span class='ocrx_word' id='word_1_21' title='bbox 1373 865 1444 940; x_wconf 92' lang='lat' dir='ltr'><strong>que</strong></span> <span class='ocrx_word' id='word_1_22' title='bbox 1461 843 1550 918; x_wconf 89' lang='lat' dir='ltr'><strong>adeo</strong></span> <span class='ocrx_word' id='word_1_23' title='bbox 1566 843 1667 918; x_wconf 91' lang='lat' dir='ltr'><strong>uobis</strong></span> <span class='ocrx_word' id='word_1_24' title='bbox 1682 843 1865 940; x_wconf 87' lang='lat' dir='ltr'><strong>displicere</strong></span> <span class='ocrx_word' id='word_1_25' title='bbox 1885 843 1949 920; x_wconf 88' lang='lat' dir='ltr'><strong>de-</strong></span> 
     </span>
     <span class='ocr_line' id='line_1_4' title="bbox 541 967 1949 1064; baseline 0.001 -24"><span class='ocrx_word' id='word_1_26' title='bbox 541 967 651 1054; x_wconf 87' lang='lat' dir='ltr'><strong>beret,</strong></span> <span class='ocrx_word' id='word_1_27' title='bbox 673 967 806 1064; x_wconf 79' lang='lat' dir='ltr'><strong>absque</strong></span> <span class='ocrx_word' id='word_1_28' title='bbox 819 977 934 1043; x_wconf 73' lang='lat' dir='ltr'><strong>neena</strong></span> <span class='ocrx_word' id='word_1_29' title='bbox 951 969 1173 1044; x_wconf 80' lang='lat' dir='ltr'><strong>conniventia</strong></span> <span class='ocrx_word' id='word_1_30' title='bbox 1186 977 1378 1042; x_wconf 86' lang='lat' dir='ltr'><strong>attentaret.</strong></span> <span class='ocrx_word' id='word_1_31' title='bbox 1399 969 1504 1042; x_wconf 91' lang='lat' dir='ltr'><strong>Porro</strong></span> <span class='ocrx_word' id='word_1_32' title='bbox 1520 990 1601 1042; x_wconf 89' lang='lat' dir='ltr'><strong>cum</strong></span> <span class='ocrx_word' id='word_1_33' title='bbox 1619 969 1784 1042; x_wconf 90' lang='lat' dir='ltr'><strong>nonnulla</strong></span> <span class='ocrx_word' id='word_1_34' title='bbox 1798 989 1949 1063; x_wconf 88' lang='lat' dir='ltr'><strong>unquam</strong></span> 
     </span>
     <span class='ocr_line' id='line_1_5' title="bbox 541 1091 1949 1188; baseline 0.001 -24"><span class='ocrx_word' id='word_1_35' title='bbox 541 1091 673 1166; x_wconf 88' lang='lat' dir='ltr'><strong>ratione</strong></span> <span class='ocrx_word' id='word_1_36' title='bbox 688 1093 838 1166; x_wconf 89' lang='lat' dir='ltr'><strong>velimus</strong></span> <span class='ocrx_word' id='word_1_37' title='bbox 853 1091 949 1188; x_wconf 92' lang='lat' dir='ltr'><strong>quod</strong></span> <span class='ocrx_word' id='word_1_38' title='bbox 967 1102 1076 1167; x_wconf 87' lang='lat' dir='ltr'><strong>mater</strong></span> <span class='ocrx_word' id='word_1_39' title='bbox 1090 1103 1206 1168; x_wconf 78' lang='lat' dir='ltr'><strong>nosna</strong></span> <span class='ocrx_word' id='word_1_40' title='bbox 1221 1094 1373 1166; x_wconf 87' lang='lat' dir='ltr'><strong>llomnna</strong></span> <span class='ocrx_word' id='word_1_41' title='bbox 1391 1093 1559 1180; x_wconf 78' lang='lat' dir='ltr'><strong>Ecclesia,</strong></span> <span class='ocrx_word' id='word_1_42' title='bbox 1580 1093 1681 1186; x_wconf 89' lang='lat' dir='ltr'><strong>cnjus</strong></span> <span class='ocrx_word' id='word_1_43' title='bbox 1704 1102 1753 1166; x_wconf 91' lang='lat' dir='ltr'><strong>tot</strong></span> <span class='ocrx_word' id='word_1_44' title='bbox 1770 1093 1949 1166; x_wconf 89' lang='lat' dir='ltr'><strong>recolimus</strong></span> 
     </span>
     <span class='ocr_line' id='line_1_6' title="bbox 540 1216 1948 1316; baseline 0.002 -29"><span class='ocrx_word' id='word_1_45' title='bbox 540 1216 731 1316; x_wconf 88' lang='lat' dir='ltr'><strong>beneficia,</strong></span> <span class='ocrx_word' id='word_1_46' title='bbox 752 1240 814 1313; x_wconf 92' lang='lat' dir='ltr'><strong>per</strong></span> <span class='ocrx_word' id='word_1_47' title='bbox 832 1240 895 1291; x_wconf 90' lang='lat' dir='ltr'><strong>nos</strong></span> <span class='ocrx_word' id='word_1_48' title='bbox 914 1228 975 1292; x_wconf 90' lang='lat' dir='ltr'><strong>ant</strong></span> <span class='ocrx_word' id='word_1_49' title='bbox 993 1228 1127 1292; x_wconf 90' lang='lat' dir='ltr'><strong>nostros</strong></span> <span class='ocrx_word' id='word_1_50' title='bbox 1147 1217 1268 1292; x_wconf 86' lang='lat' dir='ltr'><strong>leviter</strong></span> <span class='ocrx_word' id='word_1_51' title='bbox 1291 1239 1330 1291; x_wconf 87' lang='lat' dir='ltr'><strong>se</strong></span> <span class='ocrx_word' id='word_1_52' title='bbox 1353 1225 1488 1314; x_wconf 89' lang='lat' dir='ltr'><strong>reputet</strong></span> <span class='ocrx_word' id='word_1_53' title='bbox 1510 1217 1695 1306; x_wconf 81' lang='lat' dir='ltr'><strong>offensam,</strong></span> <span class='ocrx_word' id='word_1_54' title='bbox 1715 1219 1948 1314; x_wconf 87' lang='lat' dir='ltr'><strong>prenominato</strong></span> 
     </span>
     <span class='ocr_line' id='line_1_7' title="bbox 541 1341 1949 1440; baseline -0.001 -25"><span class='ocrx_word' id='word_1_55' title='bbox 541 1341 696 1436; x_wconf 88' lang='lat' dir='ltr'><strong>dapilerc</strong></span> <span class='ocrx_word' id='word_1_56' title='bbox 714 1341 781 1413; x_wconf 93' lang='lat' dir='ltr'><strong>sub</strong></span> <span class='ocrx_word' id='word_1_57' title='bbox 798 1363 887 1438; x_wconf 89' lang='lat' dir='ltr'><strong>pene</strong></span> <span class='ocrx_word' id='word_1_58' title='bbox 902 1343 1012 1437; x_wconf 76' lang='lat' dir='ltr'><strong>gratie</strong></span> <span class='ocrx_word' id='word_1_59' title='bbox 1028 1351 1142 1416; x_wconf 90' lang='lat' dir='ltr'><strong>nostre</strong></span> <span class='ocrx_word' id='word_1_60' title='bbox 1158 1341 1311 1415; x_wconf 89' lang='lat' dir='ltr'><strong>districte</strong></span> <span class='ocrx_word' id='word_1_61' title='bbox 1323 1341 1548 1440; x_wconf 84' lang='lat' dir='ltr'><strong>precipiendo</strong></span> <span class='ocrx_word' id='word_1_62' title='bbox 1561 1341 1766 1416; x_wconf 83' lang='lat' dir='ltr'><strong>mandamus</strong></span> <span class='ocrx_word' id='word_1_63' title='bbox 1782 1351 1949 1436; x_wconf 87' lang='lat' dir='ltr'><strong>quatenus</strong></span> 
     </span>
     <span class='ocr_line' id='line_1_8' title="bbox 539 1465 1948 1562; baseline 0.002 -25"><span class='ocrx_word' id='word_1_64' title='bbox 539 1487 761 1562; x_wconf 87' lang='lat' dir='ltr'><strong>quecumque</strong></span> <span class='ocrx_word' id='word_1_65' title='bbox 778 1467 814 1539; x_wconf 94' lang='lat' dir='ltr'><strong>in</strong></span> <span class='ocrx_word' id='word_1_66' title='bbox 832 1465 983 1541; x_wconf 87' lang='lat' dir='ltr'><strong>Marchia</strong></span> <span class='ocrx_word' id='word_1_67' title='bbox 999 1475 1162 1540; x_wconf 86' lang='lat' dir='ltr'><strong>attentata</strong></span> <span class='ocrx_word' id='word_1_68' title='bbox 1181 1477 1263 1540; x_wconf 89' lang='lat' dir='ltr'><strong>suut</strong></span> <span class='ocrx_word' id='word_1_69' title='bbox 1284 1477 1320 1540; x_wconf 92' lang='lat' dir='ltr'><strong>et</strong></span> <span class='ocrx_word' id='word_1_70' title='bbox 1335 1469 1471 1540; x_wconf 88' lang='lat' dir='ltr'><strong>Ducatu</strong></span> <span class='ocrx_word' id='word_1_71' title='bbox 1489 1489 1559 1540; x_wconf 92' lang='lat' dir='ltr'><strong>non</strong></span> <span class='ocrx_word' id='word_1_72' title='bbox 1578 1465 1713 1540; x_wconf 80' lang='lat' dir='ltr'><strong>differat</strong></span> <span class='ocrx_word' id='word_1_73' title='bbox 1728 1487 1891 1540; x_wconf 89' lang='lat' dir='ltr'><strong>revocare</strong></span> <span class='ocrx_word' id='word_1_74' title='bbox 1910 1488 1948 1540; x_wconf 89' lang='lat' dir='ltr'><strong>nc</strong></span> 
     </span>
     <span class='ocr_line' id='line_1_9' title="bbox 541 1591 1948 1688; baseline 0.001 -26"><span class='ocrx_word' id='word_1_75' title='bbox 541 1612 762 1686; x_wconf 88' lang='lat' dir='ltr'><strong>nequaquam</strong></span> <span class='ocrx_word' id='word_1_76' title='bbox 778 1591 824 1666; x_wconf 91' lang='lat' dir='ltr'><strong>de</strong></span> <span class='ocrx_word' id='word_1_77' title='bbox 844 1599 959 1666; x_wconf 91' lang='lat' dir='ltr'><strong>cetero</strong></span> <span class='ocrx_word' id='word_1_78' title='bbox 983 1591 1107 1665; x_wconf 89' lang='lat' dir='ltr'><strong>similia</strong></span> <span class='ocrx_word' id='word_1_79' title='bbox 1130 1601 1394 1688; x_wconf 85' lang='lat' dir='ltr'><strong>presumpturos</strong></span> <span class='ocrx_word' id='word_1_80' title='bbox 1410 1591 1563 1665; x_wconf 86' lang='lat' dir='ltr'><strong>Ecclesia</strong></span> <span class='ocrx_word' id='word_1_81' title='bbox 1582 1591 1717 1665; x_wconf 87' lang='lat' dir='ltr'><strong>balivos</strong></span> <span class='ocrx_word' id='word_1_82' title='bbox 1739 1591 1814 1664; x_wconf 88' lang='lat' dir='ltr'><strong>suis</strong></span> <span class='ocrx_word' id='word_1_83' title='bbox 1831 1591 1948 1664; x_wconf 88' lang='lat' dir='ltr'><strong>amotis</strong></span> 
     </span>
     <span class='ocr_line' id='line_1_10' title="bbox 540 1715 1948 1814; baseline 0.003 -28"><span class='ocrx_word' id='word_1_84' title='bbox 540 1715 719 1805; x_wconf 86' lang='lat' dir='ltr'><strong>restituat,</strong></span> <span class='ocrx_word' id='word_1_85' title='bbox 737 1717 892 1788; x_wconf 90' lang='lat' dir='ltr'><strong>bannum</strong></span> <span class='ocrx_word' id='word_1_86' title='bbox 917 1717 1108 1792; x_wconf 87' lang='lat' dir='ltr'><strong>relaxando</strong></span> <span class='ocrx_word' id='word_1_87' title='bbox 1129 1717 1187 1789; x_wconf 94' lang='lat' dir='ltr'><strong>cni</strong></span> <span class='ocrx_word' id='word_1_88' title='bbox 1203 1739 1326 1790; x_wconf 91' lang='lat' dir='ltr'><strong>omnes</strong></span> <span class='ocrx_word' id='word_1_89' title='bbox 1346 1717 1529 1814; x_wconf 89' lang='lat' dir='ltr'><strong>supposuit</strong></span> <span class='ocrx_word' id='word_1_90' title='bbox 1546 1716 1610 1812; x_wconf 93' lang='lat' dir='ltr'><strong>qui</strong></span> <span class='ocrx_word' id='word_1_91' title='bbox 1627 1739 1698 1790; x_wconf 93' lang='lat' dir='ltr'><strong>non</strong></span> <span class='ocrx_word' id='word_1_92' title='bbox 1720 1717 1877 1808; x_wconf 89' lang='lat' dir='ltr'><strong>jurarent</strong></span> <span class='ocrx_word' id='word_1_93' title='bbox 1897 1717 1948 1790; x_wconf 90' lang='lat' dir='ltr'><strong>ei-</strong></span> 
     </span>
     <span class='ocr_line' id='line_1_11' title="bbox 541 1837 1945 1936; baseline 0.002 -25"><span class='ocrx_word' id='word_1_94' title='bbox 541 1837 764 1934; x_wconf 84' lang='lat' dir='ltr'><strong>dematque</strong></span> <span class='ocrx_word' id='word_1_95' title='bbox 788 1851 925 1936; x_wconf 86' lang='lat' dir='ltr'><strong>recepta</strong></span> <span class='ocrx_word' id='word_1_96' title='bbox 950 1850 1031 1914; x_wconf 90' lang='lat' dir='ltr'><strong>suut</strong></span> <span class='ocrx_word' id='word_1_97' title='bbox 1049 1841 1095 1914; x_wconf 89' lang='lat' dir='ltr'><strong>ab</strong></span> <span class='ocrx_word' id='word_1_98' title='bbox 1112 1839 1312 1916; x_wconf 90' lang='lat' dir='ltr'><strong>eorumdem</strong></span> <span class='ocrx_word' id='word_1_99' title='bbox 1337 1842 1492 1914; x_wconf 90' lang='lat' dir='ltr'><strong>locorum</strong></span> <span class='ocrx_word' id='word_1_100' title='bbox 1513 1839 1712 1912; x_wconf 90' lang='lat' dir='ltr'><strong>hominibus</strong></span> <span class='ocrx_word' id='word_1_101' title='bbox 1734 1842 1945 1932; x_wconf 86' lang='lat' dir='ltr'><strong>juramenta;</strong></span> 
     </span>
     <span class='ocr_line' id='line_1_12' title="bbox 540 1963 1948 2060; baseline 0.001 -25"><span class='ocrx_word' id='word_1_102' title='bbox 540 1970 696 2058; x_wconf 87' lang='lat' dir='ltr'><strong>preterea</strong></span> <span class='ocrx_word' id='word_1_103' title='bbox 722 1986 827 2060; x_wconf 90' lang='lat' dir='ltr'><strong>snper</strong></span> <span class='ocrx_word' id='word_1_104' title='bbox 853 1964 1018 2060; x_wconf 84' lang='lat' dir='ltr'><strong>predictis</strong></span> <span class='ocrx_word' id='word_1_105' title='bbox 1042 1964 1204 2038; x_wconf 91' lang='lat' dir='ltr'><strong>omnibus</strong></span> <span class='ocrx_word' id='word_1_106' title='bbox 1230 1973 1349 2038; x_wconf 90' lang='lat' dir='ltr'><strong>contra</strong></span> <span class='ocrx_word' id='word_1_107' title='bbox 1378 1963 1505 2038; x_wconf 90' lang='lat' dir='ltr'><strong>Sedem</strong></span> <span class='ocrx_word' id='word_1_108' title='bbox 1531 1963 1753 2060; x_wconf 87' lang='lat' dir='ltr'><strong>apostolicum</strong></span> <span class='ocrx_word' id='word_1_109' title='bbox 1779 1964 1948 2038; x_wconf 83' lang='lat' dir='ltr'><strong>attentatis</strong></span> 
     </span>
     <span class='ocr_line' id='line_1_13' title="bbox 540 2087 1948 2186; baseline 0.001 -27"><span class='ocrx_word' id='word_1_110' title='bbox 540 2108 617 2159; x_wconf 92' lang='lat' dir='ltr'><strong>eam</strong></span> <span class='ocrx_word' id='word_1_111' title='bbox 644 2087 713 2160; x_wconf 90' lang='lat' dir='ltr'><strong>sibi</strong></span> <span class='ocrx_word' id='word_1_112' title='bbox 736 2089 1005 2162; x_wconf 79' lang='lat' dir='ltr'><strong>satisfactionem</strong></span> <span class='ocrx_word' id='word_1_113' title='bbox 1038 2090 1203 2164; x_wconf 80' lang='lat' dir='ltr'><strong>exhibeat</strong></span> <span class='ocrx_word' id='word_1_114' title='bbox 1228 2089 1324 2186; x_wconf 92' lang='lat' dir='ltr'><strong>quod</strong></span> <span class='ocrx_word' id='word_1_115' title='bbox 1347 2089 1481 2185; x_wconf 92' lang='lat' dir='ltr'><strong>liquido</strong></span> <span class='ocrx_word' id='word_1_116' title='bbox 1508 2098 1735 2184; x_wconf 79' lang='lat' dir='ltr'><strong>cognoscatur</strong></span> <span class='ocrx_word' id='word_1_117' title='bbox 1762 2088 1830 2162; x_wconf 90' lang='lat' dir='ltr'><strong>hec</strong></span> <span class='ocrx_word' id='word_1_118' title='bbox 1852 2088 1948 2162; x_wconf 90' lang='lat' dir='ltr'><strong>nobis</strong></span> 
     </span>
     <span class='ocr_line' id='line_1_14' title="bbox 540 2213 1949 2310; baseline 0.002 -28"><span class='ocrx_word' id='word_1_119' title='bbox 540 2213 948 2310; x_wconf 87' lang='lat' dir='ltr'><strong>nolentibnsprasumpta</strong></span> <span class='ocrx_word' id='word_1_120' title='bbox 963 2213 1080 2300; x_wconf 85' lang='lat' dir='ltr'><strong>luisse,</strong></span> <span class='ocrx_word' id='word_1_121' title='bbox 1094 2237 1135 2288; x_wconf 90' lang='lat' dir='ltr'><strong>ac</strong></span> <span class='ocrx_word' id='word_1_122' title='bbox 1151 2236 1214 2287; x_wconf 91' lang='lat' dir='ltr'><strong>nos</strong></span> <span class='ocrx_word' id='word_1_123' title='bbox 1228 2213 1502 2308; x_wconf 77' lang='lat' dir='ltr'><strong>indignationem</strong></span> <span class='ocrx_word' id='word_1_124' title='bbox 1514 2235 1622 2308; x_wconf 89' lang='lat' dir='ltr'><strong>qnam</strong></span> <span class='ocrx_word' id='word_1_125' title='bbox 1636 2235 1684 2286; x_wconf 85' lang='lat' dir='ltr'><strong>ex</strong></span> <span class='ocrx_word' id='word_1_126' title='bbox 1699 2213 1767 2286; x_wconf 93' lang='lat' dir='ltr'><strong>hoc</strong></span> <span class='ocrx_word' id='word_1_127' title='bbox 1783 2213 1949 2288; x_wconf 81' lang='lat' dir='ltr'><strong>adversus</strong></span> 
     </span>
     <span class='ocr_line' id='line_1_15' title="bbox 540 2336 1949 2436; baseline 0.003 -28"><span class='ocrx_word' id='word_1_128' title='bbox 540 2336 653 2432; x_wconf 89' lang='lat' dir='ltr'><strong>ipsum</strong></span> <span class='ocrx_word' id='word_1_129' title='bbox 674 2337 893 2433; x_wconf 80' lang='lat' dir='ltr'><strong>concepimus</strong></span> <span class='ocrx_word' id='word_1_130' title='bbox 915 2338 1123 2432; x_wconf 80' lang='lat' dir='ltr'><strong>mitigemus.</strong></span> <span class='ocrx_word' id='word_1_131' title='bbox 1145 2338 1313 2424; x_wconf 83' lang='lat' dir='ltr'><strong>Quocirca</strong></span> <span class='ocrx_word' id='word_1_132' title='bbox 1334 2339 1573 2436; x_wconf 86' lang='lat' dir='ltr'><strong>paternitatem</strong></span> <span class='ocrx_word' id='word_1_133' title='bbox 1594 2347 1742 2412; x_wconf 89' lang='lat' dir='ltr'><strong>vestram</strong></span> <span class='ocrx_word' id='word_1_134' title='bbox 1766 2337 1949 2412; x_wconf 75' lang='lat' dir='ltr'><strong>affectuose</strong></span> 
     </span>
     <span class='ocr_line' id='line_1_16' title="bbox 539 2459 1949 2557; baseline 0.001 -25"><span class='ocrx_word' id='word_1_135' title='bbox 539 2459 709 2534; x_wconf 81' lang='lat' dir='ltr'><strong>duximus</strong></span> <span class='ocrx_word' id='word_1_136' title='bbox 730 2461 943 2536; x_wconf 83' lang='lat' dir='ltr'><strong>exorandum</strong></span> <span class='ocrx_word' id='word_1_137' title='bbox 969 2471 1142 2556; x_wconf 89' lang='lat' dir='ltr'><strong>quatenns</strong></span> <span class='ocrx_word' id='word_1_138' title='bbox 1167 2482 1320 2556; x_wconf 78' lang='lat' dir='ltr'><strong>congruo</strong></span> <span class='ocrx_word' id='word_1_139' title='bbox 1350 2461 1464 2534; x_wconf 87' lang='lat' dir='ltr'><strong>velitis</strong></span> <span class='ocrx_word' id='word_1_140' title='bbox 1490 2463 1608 2536; x_wconf 84' lang='lat' dir='ltr'><strong>lavore</strong></span> <span class='ocrx_word' id='word_1_141' title='bbox 1627 2461 1790 2557; x_wconf 87' lang='lat' dir='ltr'><strong>prosequi</strong></span> <span class='ocrx_word' id='word_1_142' title='bbox 1811 2461 1949 2534; x_wconf 86' lang='lat' dir='ltr'><strong>exube-</strong></span> 
     </span>
     <span class='ocr_line' id='line_1_17' title="bbox 539 2585 1947 2679; baseline -0.001 -22"><span class='ocrx_word' id='word_1_143' title='bbox 539 2595 670 2660; x_wconf 87' lang='lat' dir='ltr'><strong>rantem</strong></span> <span class='ocrx_word' id='word_1_144' title='bbox 687 2585 734 2660; x_wconf 90' lang='lat' dir='ltr'><strong>ad</strong></span> <span class='ocrx_word' id='word_1_145' title='bbox 750 2587 939 2660; x_wconf 86' lang='lat' dir='ltr'><strong>Romanam</strong></span> <span class='ocrx_word' id='word_1_146' title='bbox 954 2588 1141 2660; x_wconf 89' lang='lat' dir='ltr'><strong>Ecclesiam</strong></span> <span class='ocrx_word' id='word_1_147' title='bbox 1166 2597 1280 2660; x_wconf 90' lang='lat' dir='ltr'><strong>nostre</strong></span> <span class='ocrx_word' id='word_1_148' title='bbox 1301 2586 1496 2659; x_wconf 88' lang='lat' dir='ltr'><strong>devotionis</strong></span> <span class='ocrx_word' id='word_1_149' title='bbox 1512 2587 1690 2676; x_wconf 79' lang='lat' dir='ltr'><strong>affectum,</strong></span> <span class='ocrx_word' id='word_1_150' title='bbox 1708 2607 1781 2679; x_wconf 92' lang='lat' dir='ltr'><strong>quo</strong></span> <span class='ocrx_word' id='word_1_151' title='bbox 1806 2585 1856 2658; x_wconf 90' lang='lat' dir='ltr'><strong>ita</strong></span> <span class='ocrx_word' id='word_1_152' title='bbox 1875 2595 1947 2658; x_wconf 90' lang='lat' dir='ltr'><strong>stn-</strong></span> 
     </span>
     <span class='ocr_line' id='line_1_18' title="bbox 540 2709 1944 2808; baseline -0.001 -24"><span class='ocrx_word' id='word_1_153' title='bbox 540 2711 663 2786; x_wconf 91' lang='lat' dir='ltr'><strong>demus</strong></span> <span class='ocrx_word' id='word_1_154' title='bbox 683 2719 836 2784; x_wconf 91' lang='lat' dir='ltr'><strong>nostrum</strong></span> <span class='ocrx_word' id='word_1_155' title='bbox 857 2712 1041 2807; x_wconf 83' lang='lat' dir='ltr'><strong>imperium</strong></span> <span class='ocrx_word' id='word_1_156' title='bbox 1060 2711 1141 2785; x_wconf 92' lang='lat' dir='ltr'><strong>Sedi</strong></span> <span class='ocrx_word' id='word_1_157' title='bbox 1158 2711 1345 2807; x_wconf 88' lang='lat' dir='ltr'><strong>apostolice</strong></span> <span class='ocrx_word' id='word_1_158' title='bbox 1360 2719 1520 2808; x_wconf 85' lang='lat' dir='ltr'><strong>coaptare</strong></span> <span class='ocrx_word' id='word_1_159' title='bbox 1537 2722 1576 2783; x_wconf 92' lang='lat' dir='ltr'><strong>ut</strong></span> <span class='ocrx_word' id='word_1_160' title='bbox 1593 2709 1785 2784; x_wconf 88' lang='lat' dir='ltr'><strong>debeamus</strong></span> <span class='ocrx_word' id='word_1_161' title='bbox 1799 2731 1944 2806; x_wconf 88' lang='lat' dir='ltr'><strong>semper,</strong></span> 
     </span>
     <span class='ocr_line' id='line_1_19' title="bbox 538 2835 1946 2931; baseline 0.001 -25"><span class='ocrx_word' id='word_1_162' title='bbox 538 2835 758 2929; x_wconf 88' lang='lat' dir='ltr'><strong>quantumin</strong></span> <span class='ocrx_word' id='word_1_163' title='bbox 777 2836 879 2910; x_wconf 90' lang='lat' dir='ltr'><strong>nobis</strong></span> <span class='ocrx_word' id='word_1_164' title='bbox 894 2846 964 2928; x_wconf 90' lang='lat' dir='ltr'><strong>est,</strong></span> <span class='ocrx_word' id='word_1_165' title='bbox 982 2836 1072 2910; x_wconf 87' lang='lat' dir='ltr'><strong>inter</strong></span> <span class='ocrx_word' id='word_1_166' title='bbox 1087 2836 1239 2910; x_wconf 83' lang='lat' dir='ltr'><strong>Ecclesia</strong></span> <span class='ocrx_word' id='word_1_167' title='bbox 1258 2837 1366 2910; x_wconf 88' lang='lat' dir='ltr'><strong>ubera</strong></span> <span class='ocrx_word' id='word_1_168' title='bbox 1389 2835 1541 2910; x_wconf 89' lang='lat' dir='ltr'><strong>retineri.</strong></span> <span class='ocrx_word' id='word_1_169' title='bbox 1560 2837 1604 2910; x_wconf 92' lang='lat' dir='ltr'><strong>Ut</strong></span> <span class='ocrx_word' id='word_1_170' title='bbox 1626 2845 1742 2910; x_wconf 89' lang='lat' dir='ltr'><strong>antem</strong></span> <span class='ocrx_word' id='word_1_171' title='bbox 1758 2835 1895 2931; x_wconf 90' lang='lat' dir='ltr'><strong>plenius</strong></span> <span class='ocrx_word' id='word_1_172' title='bbox 1914 2845 1946 2908; x_wconf 89' lang='lat' dir='ltr'><strong>ct</strong></span> 
     </span>
     <span class='ocr_line' id='line_1_20' title="bbox 538 2959 1943 3056; baseline 0.001 -26"><span class='ocrx_word' id='word_1_173' title='bbox 538 2959 682 3032; x_wconf 88' lang='lat' dir='ltr'><strong>nitidius</strong></span> <span class='ocrx_word' id='word_1_174' title='bbox 698 2960 943 3033; x_wconf 77' lang='lat' dir='ltr'><strong>exhiberemus</strong></span> <span class='ocrx_word' id='word_1_175' title='bbox 955 2981 1060 3054; x_wconf 90' lang='lat' dir='ltr'><strong>quern</strong></span> <span class='ocrx_word' id='word_1_176' title='bbox 1072 2959 1117 3032; x_wconf 89' lang='lat' dir='ltr'><strong>ad</strong></span> <span class='ocrx_word' id='word_1_177' title='bbox 1132 2962 1353 3056; x_wconf 88' lang='lat' dir='ltr'><strong>apostolicam</strong></span> <span class='ocrx_word' id='word_1_178' title='bbox 1368 2961 1491 3034; x_wconf 64' lang='lat' dir='ltr'><strong>&amp;dem</strong></span> <span class='ocrx_word' id='word_1_179' title='bbox 1505 2959 1675 3034; x_wconf 88' lang='lat' dir='ltr'><strong>hebernus</strong></span> <span class='ocrx_word' id='word_1_180' title='bbox 1685 2959 1879 3035; x_wconf 87' lang='lat' dir='ltr'><strong>devotionis</strong></span> <span class='ocrx_word' id='word_1_181' title='bbox 1893 2981 1943 3032; x_wconf 92' lang='lat' dir='ltr'><strong>ur·</strong></span> 
     </span>
     <span class='ocr_line' id='line_1_21' title="bbox 538 3083 1942 3182; baseline -0.004 -24"><span class='ocrx_word' id='word_1_182' title='bbox 538 3083 674 3175; x_wconf 69' lang='lat' dir='ltr'><strong>domm,</strong></span> <span class='ocrx_word' id='word_1_183' title='bbox 689 3084 792 3175; x_wconf 85' lang='lat' dir='ltr'><strong>juxta</strong></span> <span class='ocrx_word' id='word_1_184' title='bbox 810 3085 1022 3158; x_wconf 85' lang='lat' dir='ltr'><strong>voluntatem</strong></span> <span class='ocrx_word' id='word_1_185' title='bbox 1047 3084 1169 3180; x_wconf 89' lang='lat' dir='ltr'><strong>prelati</strong></span> <span class='ocrx_word' id='word_1_186' title='bbox 1191 3085 1304 3158; x_wconf 91' lang='lat' dir='ltr'><strong>nuntii</strong></span> <span class='ocrx_word' id='word_1_187' title='bbox 1327 3084 1504 3182; x_wconf 91' lang='lat' dir='ltr'><strong>apostolici</strong></span> <span class='ocrx_word' id='word_1_188' title='bbox 1528 3086 1566 3157; x_wconf 93' lang='lat' dir='ltr'><strong>in</strong></span> <span class='ocrx_word' id='word_1_189' title='bbox 1592 3085 1744 3158; x_wconf 90' lang='lat' dir='ltr'><strong>marchia</strong></span> <span class='ocrx_word' id='word_1_190' title='bbox 1761 3096 1797 3159; x_wconf 90' lang='lat' dir='ltr'><strong>et</strong></span> <span class='ocrx_word' id='word_1_191' title='bbox 1820 3084 1942 3159; x_wconf 86' lang='lat' dir='ltr'><strong>ducatu</strong></span> 
     </span>
     <span class='ocr_line' id='line_1_22' title="bbox 538 3206 1231 3305; baseline 0.004 -25"><span class='ocrx_word' id='word_1_192' title='bbox 538 3208 783 3282; x_wconf 85' lang='lat' dir='ltr'><strong>mandavimus</strong></span> <span class='ocrx_word' id='word_1_193' title='bbox 798 3209 975 3303; x_wconf 80' lang='lat' dir='ltr'><strong>negotium</strong></span> <span class='ocrx_word' id='word_1_194' title='bbox 993 3206 1181 3305; x_wconf 85' lang='lat' dir='ltr'><strong>expediri(</strong></span> <span class='ocrx_word' id='word_1_195' title='bbox 1205 3208 1231 3302; x_wconf 89' lang='lat'><strong>).</strong></span> 
     </span>
    </p>

    <p class='ocr_par' dir='ltr' id='par_1_3' title="bbox 585 3331 1675 3430">
     <span class='ocr_line' id='line_1_23' title="bbox 585 3331 1675 3430; baseline -0.002 -24"><span class='ocrx_word' id='word_1_196' title='bbox 585 3334 710 3406; x_wconf 88' lang='lat' dir='ltr'><strong>Datum</strong></span> <span class='ocrx_word' id='word_1_197' title='bbox 729 3331 825 3429; x_wconf 88' lang='lat' dir='ltr'><strong>apud</strong></span> <span class='ocrx_word' id='word_1_198' title='bbox 842 3333 963 3406; x_wconf 89' lang='lat' dir='ltr'><strong>Joham</strong></span> <span class='ocrx_word' id='word_1_199' title='bbox 979 3331 1046 3430; x_wconf 76' lang='lat'>(2),</span> <span class='ocrx_word' id='word_1_200' title='bbox 1064 3334 1159 3406; x_wconf 88' lang='lat' dir='ltr'>XXII</span> <span class='ocrx_word' id='word_1_201' title='bbox 1175 3333 1395 3426; x_wconf 88' lang='lat' dir='ltr'><strong>novembris,</strong></span> <span class='ocrx_word' id='word_1_202' title='bbox 1411 3333 1459 3406; x_wconf 83' lang='lat' dir='ltr'><strong>Xl</strong></span> <span class='ocrx_word' id='word_1_203' title='bbox 1475 3331 1675 3406; x_wconf 89' lang='lat' dir='ltr'><strong>indictione.</strong></span> 
     </span>
    </p>

    <p class='ocr_par' dir='ltr' id='par_1_4' title="bbox 587 3456 1942 3557">
     <span class='ocr_line' id='line_1_24' title="bbox 587 3456 1942 3557; baseline -0.001 -25"><span class='ocrx_word' id='word_1_204' title='bbox 587 3457 775 3557; x_wconf 88' lang='lat' dir='ltr'><strong>[Scriptum</strong></span> <span class='ocrx_word' id='word_1_205' title='bbox 793 3467 846 3532; x_wconf 89' lang='lat' dir='ltr'><strong>est</strong></span> <span class='ocrx_word' id='word_1_206' title='bbox 868 3457 914 3530; x_wconf 86' lang='lat' dir='ltr'><strong>ab</strong></span> <span class='ocrx_word' id='word_1_207' title='bbox 938 3456 1084 3551; x_wconf 89' lang='lat' dir='ltr'><strong>eodem,</strong></span> <span class='ocrx_word' id='word_1_208' title='bbox 1113 3459 1254 3533; x_wconf 86' lang='lat' dir='ltr'><strong>mutatis</strong></span> <span class='ocrx_word' id='word_1_209' title='bbox 1276 3467 1508 3556; x_wconf 88' lang='lat' dir='ltr'><strong>competenter</strong></span> <span class='ocrx_word' id='word_1_210' title='bbox 1529 3458 1722 3551; x_wconf 84' lang='lat' dir='ltr'><strong>mutandis,</strong></span> <span class='ocrx_word' id='word_1_211' title='bbox 1749 3459 1818 3554; x_wconf 90' lang='lat' dir='ltr'><strong>ipsi</strong></span> <span class='ocrx_word' id='word_1_212' title='bbox 1837 3459 1942 3554; x_wconf 87' lang='lat' dir='ltr'><strong>Papae</strong></span> 
     </span>
    </p>
   </div>
   <div class='ocr_carea' id='block_1_3' title="bbox 536 3581 1980 3680">
    <p class='ocr_par' dir='ltr' id='par_1_5' title="bbox 536 3581 1980 3680">
     <span class='ocr_line' id='line_1_25' title="bbox 536 3581 1980 3680; baseline -0.003 -22"><span class='ocrx_word' id='word_1_213' title='bbox 536 3581 632 3679; x_wconf 89' lang='lat' dir='ltr'><strong>apud</strong></span> <span class='ocrx_word' id='word_1_214' title='bbox 646 3605 750 3678; x_wconf 90' lang='lat' dir='ltr'><strong>quem</strong></span> <span class='ocrx_word' id='word_1_215' title='bbox 769 3604 829 3679; x_wconf 92' lang='lat' dir='ltr'><strong>per</strong></span> <span class='ocrx_word' id='word_1_216' title='bbox 851 3581 1018 3678; x_wconf 87' lang='lat' dir='ltr'><strong>speciales</strong></span> <span class='ocrx_word' id='word_1_217' title='bbox 1039 3582 1169 3658; x_wconf 90' lang='lat' dir='ltr'><strong>litteras</strong></span> <span class='ocrx_word' id='word_1_218' title='bbox 1187 3584 1353 3658; x_wconf 79' lang='lat' dir='ltr'><strong>Iacobum</strong></span> <span class='ocrx_word' id='word_1_219' title='bbox 1372 3583 1573 3680; x_wconf 90' lang='lat' dir='ltr'><strong>episcopum</strong></span> <span class='ocrx_word' id='word_1_220' title='bbox 1593 3583 1787 3656; x_wconf 88' lang='lat' dir='ltr'><strong>Pattensem</strong></span> <span class='ocrx_word' id='word_1_221' title='bbox 1804 3590 1839 3656; x_wconf 91' lang='lat' dir='ltr'><strong>et</strong></span> <span class='ocrx_word' id='word_1_222' title='bbox 1856 3583 1942 3655; x_wconf 88' lang='lat' dir='ltr'><strong>ller-</strong></span> <span class='ocrx_word' id='word_1_223' title='bbox 1977 3661 1980 3673; x_wconf 27' lang='lat'><strong>¹</strong></span> 
     </span>
    </p>
   </div>
   <div class='ocr_carea' id='block_1_4' title="bbox 536 3706 1943 3929">
    <p class='ocr_par' dir='ltr' id='par_1_6' title="bbox 536 3706 1943 3929">
     <span class='ocr_line' id='line_1_26' title="bbox 537 3706 1943 3804; baseline -0.001 -23"><span class='ocrx_word' id='word_1_224' title='bbox 537 3729 703 3782; x_wconf 86' lang='lat' dir='ltr'><strong>mannum</strong></span> <span class='ocrx_word' id='word_1_225' title='bbox 716 3707 919 3802; x_wconf 77' lang='lat' dir='ltr'><strong>magistrum</strong></span> <span class='ocrx_word' id='word_1_226' title='bbox 937 3706 1226 3781; x_wconf 84' lang='lat' dir='ltr'><strong>Tbeutouioorum</strong></span> <span class='ocrx_word' id='word_1_227' title='bbox 1243 3709 1346 3804; x_wconf 90' lang='lat' dir='ltr'><strong>plenu</strong></span> <span class='ocrx_word' id='word_1_228' title='bbox 1365 3707 1566 3781; x_wconf 86' lang='lat' dir='ltr'><strong>auctoritate</strong></span> <span class='ocrx_word' id='word_1_229' title='bbox 1584 3729 1649 3780; x_wconf 90' lang='lat' dir='ltr'><strong>sua</strong></span> <span class='ocrx_word' id='word_1_230' title='bbox 1672 3706 1832 3780; x_wconf 81' lang='lat' dir='ltr'><strong>suffultos</strong></span> <span class='ocrx_word' id='word_1_231' title='bbox 1848 3725 1943 3802; x_wconf 86' lang='lat' dir='ltr'><strong>super</strong></span> 
     </span>
     <span class='ocr_line' id='line_1_27' title="bbox 536 3830 1290 3929; baseline -0.007 -20"><span class='ocrx_word' id='word_1_232' title='bbox 536 3832 661 3909; x_wconf 91' lang='lat' dir='ltr'><strong>eodem</strong></span> <span class='ocrx_word' id='word_1_233' title='bbox 677 3833 814 3929; x_wconf 78' lang='lat' dir='ltr'><strong>negotio</strong></span> <span class='ocrx_word' id='word_1_234' title='bbox 832 3830 1025 3906; x_wconf 88' lang='lat' dir='ltr'><strong>audiendos</strong></span> <span class='ocrx_word' id='word_1_235' title='bbox 1042 3832 1290 3923; x_wconf 83' lang='lat' dir='ltr'><strong>commendat]</strong></span> 
     </span>
    </p>
   </div>
   <div class='ocr_carea' id='block_1_5' title="bbox 536 4137 1941 4788">
    <p class='ocr_par' dir='ltr' id='par_1_7' title="bbox 536 4137 1941 4606">
     <span class='ocr_line' id='line_1_28' title="bbox 573 4137 1940 4218; baseline -0.004 -18"><span class='ocrx_word' id='word_1_236' title='bbox 573 4142 611 4218; x_wconf 79' lang='lat' dir='ltr'><strong>(t)</strong></span> <span class='ocrx_word' id='word_1_237' title='bbox 630 4141 728 4199; x_wconf 81' lang='lat' dir='ltr'><strong>Extant</strong></span> <span class='ocrx_word' id='word_1_238' title='bbox 741 4139 841 4198; x_wconf 85' lang='lat' dir='ltr'><strong>etenim</strong></span> <span class='ocrx_word' id='word_1_239' title='bbox 854 4155 917 4198; x_wconf 91' lang='lat' dir='ltr'><strong>cum</strong></span> <span class='ocrx_word' id='word_1_240' title='bbox 930 4140 1002 4198; x_wconf 88' lang='lat' dir='ltr'><strong>uotis</strong></span> <span class='ocrx_word' id='word_1_241' title='bbox 1015 4138 1210 4214; x_wconf 79' lang='lat' dir='ltr'><strong>cmcuologicie</strong></span> <span class='ocrx_word' id='word_1_242' title='bbox 1223 4139 1326 4198; x_wconf 87' lang='lat' dir='ltr'><strong>eisdem</strong></span> <span class='ocrx_word' id='word_1_243' title='bbox 1346 4139 1452 4198; x_wconf 84' lang='lat' dir='ltr'><strong>litterae</strong></span> <span class='ocrx_word' id='word_1_244' title='bbox 1467 4145 1496 4198; x_wconf 90' lang='lat' dir='ltr'><strong>et</strong></span> <span class='ocrx_word' id='word_1_245' title='bbox 1513 4140 1640 4198; x_wconf 86' lang='lat' dir='ltr'><strong>mandatu</strong></span> <span class='ocrx_word' id='word_1_246' title='bbox 1658 4139 1802 4197; x_wconf 77' lang='lat' dir='ltr'><strong>bertholdo</strong></span> <span class='ocrx_word' id='word_1_247' title='bbox 1814 4137 1940 4212; x_wconf 84' lang='lat' dir='ltr'><strong>quondum</strong></span> 
     </span>
     <span class='ocr_line' id='line_1_29' title="bbox 536 4233 1939 4311; baseline -0.006 -14"><span class='ocrx_word' id='word_1_248' title='bbox 536 4239 614 4297; x_wconf 88' lang='lat' dir='ltr'><strong>ducis</strong></span> <span class='ocrx_word' id='word_1_249' title='bbox 624 4238 739 4296; x_wconf 75' lang='lat' dir='ltr'><strong>conradi</strong></span> <span class='ocrx_word' id='word_1_250' title='bbox 752 4237 807 4294; x_wconf 85' lang='lat' dir='ltr'><strong>Elio</strong></span> <span class='ocrx_word' id='word_1_251' title='bbox 815 4243 843 4294; x_wconf 89' lang='lat' dir='ltr'><strong>et</strong></span> <span class='ocrx_word' id='word_1_252' title='bbox 853 4235 1000 4294; x_wconf 86' lang='lat' dir='ltr'><strong>Gunzelino</strong></span> <span class='ocrx_word' id='word_1_253' title='bbox 1009 4235 1156 4310; x_wconf 83' lang='lat' dir='ltr'><strong>imperialis</strong></span> <span class='ocrx_word' id='word_1_254' title='bbox 1169 4235 1244 4293; x_wconf 81' lang='lat' dir='ltr'><strong>suba</strong></span> <span class='ocrx_word' id='word_1_255' title='bbox 1255 4235 1374 4311; x_wconf 77' lang='lat' dir='ltr'><strong>dapifero</strong></span> <span class='ocrx_word' id='word_1_256' title='bbox 1385 4235 1495 4307; x_wconf 87' lang='lat' dir='ltr'><strong>directa,</strong></span> <span class='ocrx_word' id='word_1_257' title='bbox 1509 4250 1613 4293; x_wconf 89' lang='lat' dir='ltr'><strong>necnon</strong></span> <span class='ocrx_word' id='word_1_258' title='bbox 1626 4241 1655 4292; x_wconf 89' lang='lat' dir='ltr'><strong>et</strong></span> <span class='ocrx_word' id='word_1_259' title='bbox 1666 4233 1799 4292; x_wconf 78' lang='lat' dir='ltr'><strong>umremis</strong></span> <span class='ocrx_word' id='word_1_260' title='bbox 1810 4235 1838 4292; x_wconf 90' lang='lat' dir='ltr'><strong>in</strong></span> <span class='ocrx_word' id='word_1_261' title='bbox 1850 4235 1939 4292; x_wconf 73' lang='lat' dir='ltr'><strong>ducatu</strong></span> 
     </span>
     <span class='ocr_line' id='line_1_30' title="bbox 536 4327 1941 4414; baseline -0.004 -18"><span class='ocrx_word' id='word_1_262' title='bbox 536 4336 637 4414; x_wconf 86' lang='lat' dir='ltr'><strong>Spoleti</strong></span> <span class='ocrx_word' id='word_1_263' title='bbox 655 4343 683 4394; x_wconf 88' lang='lat' dir='ltr'><strong>et</strong></span> <span class='ocrx_word' id='word_1_264' title='bbox 696 4334 1005 4406; x_wconf 69' lang='lat' dir='ltr'><strong>montemontano,</strong></span> <span class='ocrx_word' id='word_1_265' title='bbox 1025 4333 1124 4408; x_wconf 88' lang='lat' dir='ltr'><strong>quibus</strong></span> <span class='ocrx_word' id='word_1_266' title='bbox 1142 4339 1234 4392; x_wconf 79' lang='lat' dir='ltr'><strong>coutm</strong></span> <span class='ocrx_word' id='word_1_267' title='bbox 1254 4349 1331 4392; x_wconf 88' lang='lat' dir='ltr'><strong>suurn</strong></span> <span class='ocrx_word' id='word_1_268' title='bbox 1350 4335 1515 4394; x_wconf 71' lang='lat' dir='ltr'><strong>volunmtem</strong></span> <span class='ocrx_word' id='word_1_269' title='bbox 1537 4333 1638 4390; x_wconf 86' lang='lat' dir='ltr'><strong>lactum</strong></span> <span class='ocrx_word' id='word_1_270' title='bbox 1657 4330 1800 4408; x_wconf 86' lang='lat' dir='ltr'><strong>profitetur</strong></span> <span class='ocrx_word' id='word_1_271' title='bbox 1819 4327 1941 4406; x_wconf 83' lang='lat' dir='ltr'><strong>quidquid</strong></span> 
     </span>
     <span class='ocr_line' id='line_1_31' title="bbox 537 4430 1938 4509; baseline -0.004 -16"><span class='ocrx_word' id='word_1_272' title='bbox 537 4435 642 4509; x_wconf 73' lang='lat' dir='ltr'><strong>(tupiter</strong></span> <span class='ocrx_word' id='word_1_273' title='bbox 653 4435 745 4508; x_wconf 77' lang='lat' dir='ltr'><strong>egerit,</strong></span> <span class='ocrx_word' id='word_1_274' title='bbox 761 4437 927 4492; x_wconf 85' lang='lat' dir='ltr'><strong>sacramenta</strong></span> <span class='ocrx_word' id='word_1_275' title='bbox 945 4431 1079 4489; x_wconf 83' lang='lat' dir='ltr'><strong>fidelitatis</strong></span> <span class='ocrx_word' id='word_1_276' title='bbox 1089 4431 1219 4505; x_wconf 84' lang='lat' dir='ltr'><strong>exigendo</strong></span> <span class='ocrx_word' id='word_1_277' title='bbox 1239 4439 1267 4490; x_wconf 88' lang='lat' dir='ltr'><strong>et</strong></span> <span class='ocrx_word' id='word_1_278' title='bbox 1287 4432 1396 4507; x_wconf 86' lang='lat' dir='ltr'><strong>papales</strong></span> <span class='ocrx_word' id='word_1_279' title='bbox 1413 4431 1570 4507; x_wconf 85' lang='lat' dir='ltr'><strong>expellendo</strong></span> <span class='ocrx_word' id='word_1_280' title='bbox 1591 4430 1701 4488; x_wconf 78' lang='lat' dir='ltr'><strong>betros.</strong></span> <span class='ocrx_word' id='word_1_281' title='bbox 1712 4430 1773 4488; x_wconf 84' lang='lat' dir='ltr'><strong>vid.</strong></span> <span class='ocrx_word' id='word_1_282' title='bbox 1787 4431 1938 4496; x_wconf 72' lang='lat' dir='ltr'><strong>nomam„</strong></span> 
     </span>
     <span class='ocr_line' id='line_1_32' title="bbox 539 4526 1906 4606; baseline -0.009 -15"><span class='ocrx_word' id='word_1_283' title='bbox 539 4535 641 4606; x_wconf 75' lang='lat' dir='ltr'><strong>depost.</strong></span> <span class='ocrx_word' id='word_1_284' title='bbox 655 4535 764 4606; x_wconf 73' lang='lat' dir='ltr'><strong>imper,</strong></span> <span class='ocrx_word' id='word_1_285' title='bbox 779 4547 809 4605; x_wconf 87' lang='lat' dir='ltr'><strong>p.</strong></span> <span class='ocrx_word' id='word_1_286' title='bbox 823 4533 884 4602; x_wconf 77' lang='lat' dir='ltr'><strong>tat,</strong></span> <span class='ocrx_word' id='word_1_287' title='bbox 898 4539 931 4586; x_wconf 84' lang='lat' dir='ltr'><strong>n⁰</strong></span> <span class='ocrx_word' id='word_1_288' title='bbox 944 4529 1013 4600; x_wconf 73' lang='lat' dir='ltr'><strong>tel,</strong></span> <span class='ocrx_word' id='word_1_289' title='bbox 1035 4545 1050 4586; x_wconf 94' lang='lat' dir='ltr'><strong>e</strong></span> <span class='ocrx_word' id='word_1_290' title='bbox 1068 4529 1154 4602; x_wconf 89' lang='lat' dir='ltr'><strong>copiis</strong></span> <span class='ocrx_word' id='word_1_291' title='bbox 1173 4545 1240 4602; x_wconf 88' lang='lat' dir='ltr'><strong>quas</strong></span> <span class='ocrx_word' id='word_1_292' title='bbox 1259 4529 1336 4587; x_wconf 86' lang='lat' dir='ltr'><strong>Pertz</strong></span> <span class='ocrx_word' id='word_1_293' title='bbox 1351 4529 1378 4586; x_wconf 90' lang='lat' dir='ltr'><strong>in</strong></span> <span class='ocrx_word' id='word_1_294' title='bbox 1396 4527 1593 4602; x_wconf 84' lang='lat' dir='ltr'><strong>pontificalibus</strong></span> <span class='ocrx_word' id='word_1_295' title='bbox 1604 4526 1715 4601; x_wconf 80' lang='lat' dir='ltr'><strong>regestis</strong></span> <span class='ocrx_word' id='word_1_296' title='bbox 1725 4527 1906 4602; x_wconf 79' lang='lat' dir='ltr'><strong>uunsumpsit.</strong></span> 
     </span>
    </p>

    <p class='ocr_par' dir='ltr' id='par_1_8' title="bbox 540 4619 1937 4788">
     <span class='ocr_line' id='line_1_33' title="bbox 577 4619 1937 4704; baseline -0.009 -15"><span class='ocrx_word' id='word_1_297' title='bbox 577 4630 614 4704; x_wconf 67' lang='lat' dir='ltr'><strong>tt)</strong></span> <span class='ocrx_word' id='word_1_298' title='bbox 633 4628 764 4689; x_wconf 83' lang='lat' dir='ltr'><strong>Videlicet</strong></span> <span class='ocrx_word' id='word_1_299' title='bbox 786 4629 881 4700; x_wconf 76' lang='lat' dir='ltr'><strong>Gtcto,</strong></span> <span class='ocrx_word' id='word_1_300' title='bbox 903 4628 978 4686; x_wconf 81' lang='lat' dir='ltr'><strong>tous</strong></span> <span class='ocrx_word' id='word_1_301' title='bbox 997 4627 1147 4685; x_wconf 87' lang='lat' dir='ltr'><strong>maritimus</strong></span> <span class='ocrx_word' id='word_1_302' title='bbox 1164 4643 1218 4686; x_wconf 89' lang='lat' dir='ltr'><strong>nou</strong></span> <span class='ocrx_word' id='word_1_303' title='bbox 1238 4626 1352 4684; x_wconf 89' lang='lat' dir='ltr'><strong>multum</strong></span> <span class='ocrx_word' id='word_1_304' title='bbox 1373 4627 1455 4702; x_wconf 83' lang='lat' dir='ltr'><strong>ltegio</strong></span> <span class='ocrx_word' id='word_1_305' title='bbox 1474 4627 1592 4697; x_wconf 86' lang='lat' dir='ltr'><strong>distans;</strong></span> <span class='ocrx_word' id='word_1_306' title='bbox 1617 4625 1687 4684; x_wconf 91' lang='lat' dir='ltr'><strong>unde</strong></span> <span class='ocrx_word' id='word_1_307' title='bbox 1702 4639 1801 4683; x_wconf 85' lang='lat' dir='ltr'><strong>nornen</strong></span> <span class='ocrx_word' id='word_1_308' title='bbox 1819 4623 1893 4698; x_wconf 77' lang='lat' dir='ltr'><strong>Golsc</strong></span> <span class='ocrx_word' id='word_1_309' title='bbox 1910 4619 1937 4678; x_wconf 78' lang='lat' dir='ltr'><strong>di</strong></span> 
     </span>
     <span class='ocr_line' id='line_1_34' title="bbox 540 4730 632 4788; baseline -0.043 0"><span class='ocrx_word' id='word_1_310' title='bbox 540 4730 632 4788; x_wconf 78' lang='lat' dir='ltr'><strong>Gtolc.</strong></span> 
     </span>
    </p>
   </div>
   <div class='ocr_carea' id='block_1_6' title="bbox 0 0 2152 5895">
    <p class='ocr_par' dir='ltr' id='par_1_9' title="bbox 0 0 2152 5895">
     <span class='ocr_line' id='line_1_35' title="bbox 0 0 2152 5895; baseline 0 0"><span class='ocrx_word' id='word_1_311' title='bbox 0 0 2152 5895; x_wconf 95' lang='lat' dir='ltr'><strong> </strong></span> 
     </span>
    </p>
   </div>
  </div>
 </body>
</html>
