4436 5870
518 529 559 591 52
1026 537 1239 600 vatoeatct
1264 537 1436 599 sectant
1747 541 1828 621 [dn.
1847 544 1931 608 1220.

520 669 599 742 vola
618 668 692 743 lieri
715 673 953 766 permittimus.
974 675 1130 748 Preterea
1147 673 1362 770 principibus
1383 681 1419 747 et
1432 672 1605 748 nobilibus
1617 674 1716 768 vnn,
1735 679 1797 772 qui
1816 680 1934 776 predia

521 795 630 890 ipsius
655 795 799 870 ecclesie
815 820 895 871 cum
913 799 1042 894 quibus
1061 799 1204 873 lundata
1232 796 1347 871 extitit
1373 819 1419 870 ex
1443 799 1522 892 jure
1548 819 1712 873 concesso
1735 801 1928 898 possident,

521 918 668 992 lideliter
686 919 876 994 suademus
892 932 927 995 et
944 923 1061 996 lavore
1085 932 1200 996 nostre
1218 921 1430 995 auctoritatis
1447 922 1669 996 oonoedimus
1687 925 1853 1018 quatinus
1872 928 1930 1000 in-

519 1043 647 1114 stinctu
665 1043 807 1138 spiritus
824 1044 954 1117 timoris
976 1046 1110 1118 Domini
1125 1045 1238 1118 ablata
1257 1042 1372 1118 eidem
1390 1044 1534 1118 ecclesie
1550 1046 1672 1142 predia
1690 1048 1737 1121 ad
1754 1051 1830 1142 ejus
1849 1073 1930 1146 pru-

519 1167 708 1239 tensionem
738 1177 773 1240 et
804 1171 1084 1243 sustentationem
1117 1169 1264 1242 fideliter
1293 1169 1484 1242 restituant.
1510 1169 1553 1241 llt
1580 1191 1625 1243 ne
1654 1171 1735 1265 quis
1766 1174 1928 1270 scriptum

519 1291 679 1376 irivolum
709 1313 784 1365 esse
811 1303 1008 1389 presumat,
1036 1293 1142 1367 nostri
1170 1292 1395 1389 impressione
1421 1292 1524 1388 sigilli
1550 1293 1623 1366 lieri
1646 1295 1813 1390 jussimus
1833 1318 1928 1371 com·

516 1416 700 1489 munitum.

564 1543 675 1633 liujus
692 1541 879 1636 imperialis
890 1540 1016 1632 judicii
1029 1549 1131 1614 testes
1145 1550 1226 1614 sunt
1237 1539 1443 1615 Bertholdus
1457 1541 1649 1637 patriarcha
1661 1542 1923 1640 aquilegiensis,

516 1665 694 1738 Conradus
715 1665 902 1760 imperialis
921 1665 1000 1738 aule
1017 1665 1240 1738 cancellarius
1258 1664 1324 1761 (l),
1340 1665 1488 1739 Sifridus
1503 1667 1776 1759 Mogontinensis
1792 1668 1926 1741 archie-

516 1789 695 1884 piscopus,
715 1789 862 1863 Silridus
879 1787 1119 1883 Augustensis,
1135 1787 1339 1862 Bertholdus
1356 1790 1569 1862 Brixinensis
1586 1791 1751 1887 episcopi,
1767 1791 1924 1866 Albertm

517 1911 738 1984 Tridentinus
752 1913 901 2003 electus,
919 1911 1129 1986 Ludewicus
1143 1933 1258 1985 comes
1275 1912 1447 2008 palatinus
1459 1913 1543 1986 lieni
1563 1912 1638 1987 dux
1656 1915 1831 2008 Bavvarie,
1852 1916 1923 1989 An·

515 2037 643 2109 seimus
658 2038 877 2126 marscalcus,
894 2037 1106 2108 Wemherus
1119 2035 1265 2132 dapifer,
1284 2037 1392 2108 etalii
1406 2037 1640 2132 quamplures.

566 2162 688 2234 Datum
709 2162 746 2232 in
766 2161 887 2234 castris
907 2181 1014 2256 prope
1032 2170 1182 2233 montem
1195 2162 1360 2234 llosulum
1370 2165 1472 2257 juxta
1493 2162 1660 2255 Sutrium,
1680 2184 1771 2236 anno
1793 2163 1921 2236 Domini

517 2285 663 2358 MCCXX
682 2284 755 2382 (2),
773 2285 961 2359 indictione
978 2287 1086 2374 Vllll,
1106 2287 1252 2382 septimo
1269 2285 1435 2360 kalendas
1455 2286 1666 2377 decembris,
1683 2308 1774 2360 anno
1792 2287 1920 2384 imperii

515 2411 731 2484 invictissimi
746 2409 877 2484 domini
894 2410 1000 2484 nostri
1016 2409 1179 2484 Friderici
1195 2411 1319 2506 primo.

1364 2739 1686 2748 n———-·-—----—-—---

436 3060 441 3070 '
564 3043 754 3127 Honorius
780 3069 880 3154 papa
904 3041 1079 3126 Conrado
1096 3041 1292 3125 scolastico
1313 3041 1535 3152 Magumtino
1551 3042 1703 3123 nuntiat
1727 3045 1918 3152 quomodo

510 3175 694 3261 exercitus
707 3175 936 3259 christianus
959 3175 1062 3284 apud
1083 3173 1298 3256 Damiatam
1325 3173 1375 3255 sit
1396 3174 1436 3254 in
1461 3183 1624 3286 angusto
1640 3174 1806 3284 positns;
1826 3203 1917 3286 spe-

509 3311 674 3393 randum
692 3318 819 3392 tamen
835 3309 939 3419 quod
952 3307 992 3390 in
1006 3307 1111 3390 brevi
1124 3308 1159 3390 ei
1175 3315 1431 3415 succurretur,
1450 3332 1571 3417 quum
1587 3305 1615 3388 F
1616 3307 1817 3416 ridericus,
1834 3309 1917 3392 llo-

509 3468 713 3527 manorum
741 3443 966 3552 imperator,
994 3441 1056 3524 die
1083 3440 1336 3524 coronationis
1367 3465 1458 3523 suae
1485 3466 1526 3522 se
1554 3440 1594 3521 in
1624 3439 1752 3526 tuturo
1779 3443 1918 3526 mensis

510 3579 663 3690 augusti
681 3577 859 3687 passagio
876 3575 1210 3658 monsirelaturum
1227 3573 1425 3684 juraverit,
1444 3585 1482 3656 et
1498 3574 1610 3657 multi
1623 3601 1712 3657 cum
1725 3601 1770 3660 eo
1784 3575 1917 3660 Theu-

508 3713 635 3796 toniae
651 3719 689 3793 et
711 3709 870 3819 Apuliae
892 3718 1091 3820 magnates
1118 3733 1158 3792 se
1180 3708 1220 3790 in
1242 3707 1416 3818 proximo
1437 3706 1580 3792 mensis
1603 3709 1730 3792 martii
1742 3709 1916 3819 passagio

507 3847 815 3932 transfretaturos
828 3844 1058 3929 devoverint.

590 4063 694 4143 (Edld.
708 4065 815 4140 partlm
828 4061 1005 4140 munim,
1015 4055 1127 4121 aaut.
1142 4053 1246 4132 colea,
1261 4057 1300 4120 ad
1311 4073 1382 4120 ann.
1397 4066 1487 4132 1²2⁰,
1499 4054 1618 4138 scm,
1632 4055 1776 4136 allegent.
1790 4057 1915 4131 Honor„

627 4170 680 4232 llb.
696 4168 735 4244 V,
747 4171 833 4246 eplst.
847 4166 930 4244 nat.)

545 4479 580 4554 (t)
599 4478 671 4535 luter
690 4477 794 4535 insolita
812 4491 921 4551 quoque
939 4475 1085 4533 notandum
1104 4479 1147 4532 est
1166 4473 1239 4548 quod
1254 4472 1392 4531 Comedus
1409 4471 1582 4530 molanus
1598 4473 1737 4547 episcopeo
1748 4472 1875 4532 lletonsis
1888 4477 1916 4529 et

507 4577 640 4653 Spirensis
651 4580 713 4634 ante
722 4573 849 4632 Siiridum
860 4573 1045 4646 lloguntinum
1059 4571 1290 4644 archiepiscopum
1302 4571 1371 4626 inter
1385 4575 1469 4628 testea
1482 4569 1642 4626 nominetur.

548 4676 584 4752 (a)
601 4673 746 4743 ltccxltt,
759 4670 840 4728 mole.
854 4699 887 4713 -·
902 4669 970 4728 Vide
981 4673 1073 4725 notam
1084 4667 1112 4722 in
1125 4667 1294 4740 praecedenti
1308 4667 1427 4738 docum,
1440 4683 1468 4740 p.
1483 4671 1533 4736 tto,
1547 4673 1601 4724 not.
1617 4671 1644 4724 2.
