4368 5876
551 601 610 663 164
1051 605 1266 666 FlllllElllCl
1290 603 1464 666 SEGlllllll
1773 605 1852 690 [dau.
1873 605 1957 666 1221.

551 749 776 834 augmentum
799 752 833 816 ot
857 745 988 817 cultum
1025 743 1136 816 divini
1171 741 1323 815 nominis
1348 743 1600 838 ampliandum.
1628 743 1816 838 Eaprupter
1841 751 1961 815 notum

550 865 696 938 iacimus
725 867 896 940 universis
921 878 991 942 mm
1016 867 1235 964 presentibus
1253 889 1360 961 quarn
1396 866 1508 940 uturis
1534 865 1632 961 quod
1655 887 1718 939 nos
1741 864 1962 938 meditatione
2084 901 2086 905 ·

549 990 705 1086 piissima
723 992 939 1067 attendentes
957 993 1104 1089 qualiter
1127 1014 1225 1066 sacra
1243 991 1369 1066 domus
1388 992 1568 1088 hospitalis
1582 993 1707 1064 Sancte
1721 991 1828 1063 lllarie
1844 990 1961 1062 Thec-

551 1116 741 1189 lonicorum
752 1119 788 1191 in
800 1119 1021 1192 Jerusalema
1026 1169 1689 1191 .................
1708 1113 1960 1187 Fridertoonvo

550 1251 665 1314 nostro
678 1243 815 1338 pietatis
829 1244 955 1316 intuitu
976 1250 1164 1339 propagata
1176 1241 1212 1314 in
1233 1243 1439 1339 multiplices
1453 1243 1585 1314 fructus
1603 1241 1730 1338 prodiit
1745 1291 1956 1312 ......
1955 1311 1960 1320 ,

551 1420 804 1440 .......
821 1368 999 1463 quondam
1022 1367 1169 1440 ilenrico
1191 1367 1310 1440 inclite
1331 1367 1577 1441 recordationis
1597 1375 1693 1462 patre
1718 1375 1834 1438 nostro
1858 1364 1961 1438 rebus

548 1511 589 1562 ac
627 1491 844 1565 libertatibus
881 1546 1175 1566 ........
1211 1493 1459 1566 incrementum
1493 1491 1645 1587 suscepit
1681 1488 1901 1586 spiritualiter
1927 1499 1961 1560 et

550 1607 585 1688 .’
590 1671 1573 1691 .........................
1605 1617 1749 1688 fratrum
1776 1614 1960 1688 dedicato-

547 1763 624 1811 rum
644 1740 774 1814 ibidem
799 1740 846 1814 ad
868 1742 988 1816 diuina
1011 1743 1123 1815 officia
1141 1764 1221 1814 curn
1242 1741 1313 1815 lide
1330 1743 1470 1816 devotio
1485 1763 1621 1836 semper
1624 1793 1955 1812 .........

547 1887 683 1938 necnon
714 1867 884 1939 celebrem
914 1868 1021 1940 vitam
1050 1878 1086 1940 et
1112 1867 1254 1940 honeste
1286 1867 1462 1960 religionis
1489 1867 1620 1938 cultum
1655 1864 1783 1960 quibus
1814 1863 1960 1936 dilectus

547 1989 648 2062 nobis
665 1990 701 2062 in
725 1991 870 2064 Domino
887 1993 990 2064 trater
1005 1995 1221 2066 Hermannus
1236 1993 1400 2086 magister
1415 1993 1593 2087 hospitalis
1609 1989 1767 2085 ejusdem
1785 1997 1820 2062 et
1841 1990 1960 2060 tratres

547 2116 602 2187 sui
623 2117 750 2188 clarere
773 2127 980 2208 noscuntur,
1002 2117 1136 2189 labores
1161 2117 1264 2189 etiarn
1285 2126 1320 2190 et
1338 2115 1483 2190 sudores
1507 2117 1667 2189 assiduos
1689 2135 1779 2210 quos
1803 2133 1865 2210 pro
1890 2110 1967 2184 lide'

547 2239 812 2314 christianorum
829 2251 863 2315 et
880 2242 988 2336 gloria
1007 2241 1177 2314 sustinent
1195 2242 1418 2333 incessanter,
1437 2241 1521 2336 quia
1540 2251 1654 2314 nostre
1668 2239 1819 2312 innotuit
1832 2247 1868 2312 et
1882 2239 1960 2312 cla-

546 2367 614 2436 ruit
639 2367 807 2459 majcslati
823 2367 918 2462 quod
933 2367 1110 2462 predictus
1133 2366 1297 2439 dominus
1318 2375 1415 2460 pater
1430 2375 1545 2438 noster
1565 2367 1624 2460 pia
1647 2365 1850 2437 liberalitate
1876 2385 1958 2437 con·

544 2502 692 2563 cesserat
708 2503 743 2564 et
759 2491 949 2564 donaverat
966 2491 1078 2564 sidem
1096 2490 1214 2563 domui
1233 2493 1449 2563 blanzaneum
1465 2501 1628 2580 castrum,
1646 2488 1807 2563 videlicet
1821 2488 1957 2561 interra

544 2614 705 2704 Ydronti,
725 2616 820 2710 quod
841 2625 893 2688 est
910 2616 997 2686 inter
1014 2612 1251 2684 Brundusium
1270 2631 1305 2685 et
1321 2613 1437 2685 Oriam
1462 2635 1542 2685 cum
1565 2612 1728 2684 omnibus
1739 2611 1843 2704 justis
1867 2611 1959 2682 teni-

543 2741 669 2812 mentis
687 2750 722 2813 et
736 2740 951 2835 pertinentiis
965 2741 1055 2829 suis,
1077 2751 1112 2810 et
1125 2736 1222 2831 quod
1242 2737 1463 2834 privilegium
1481 2737 1695 2833 imperatoris
1713 2735 1868 2829 ejusdem
1887 2736 1958 2808 ad·-

542 2865 703 2938 veniente
718 2887 800 2936 casu
820 2866 931 2937 furerat
950 2865 1132 2952 amissum,
1156 2873 1309 2960 tempore
1330 2863 1493 2936 videlicet
1507 2884 1578 2958 quo
1601 2861 1815 2935 brundusini
1841 2872 1959 2934 contra

541 2987 700 3060 camdem
726 2987 868 3060 domum
892 2989 1058 3059 insultum
1083 2988 1303 3060 temerarium
1325 2988 1489 3060 facientes
1513 2987 1548 3058 in
1576 2988 1687 3085 ipsam
1711 2995 1745 3060 et
1767 2985 1860 3058 bona
1883 2989 1958 3079 ejus

541 3111 698 3204 nequiter
726 3121 760 3184 et
782 3113 950 3208 rapaciter
970 3113 1163 3202 irruerunt,
1194 3112 1322 3184 intuitu
1345 3112 1578 3186 retributionis
1604 3120 1721 3185 eterne
1745 3120 1779 3184 et
1809 3132 1872 3206 pro
1898 3132 1959 3183 re-

542 3236 659 3309 medio
687 3237 880 3309 animarum
909 3236 1071 3309 divorum
1104 3248 1329 3330 augustorum
1361 3246 1543 3331 parentum
1580 3249 1776 3309 nostrorum
1803 3236 1958 3308 volentes

540 3360 637 3455 quod
652 3361 746 3434 idem
762 3360 947 3457 imperator
963 3361 1090 3434 lecerat
1104 3361 1149 3434 de
1162 3361 1362 3434 liberalitate
1376 3359 1542 3434 munifica
1555 3362 1735 3452 innovare,
1747 3369 1912 3436 castrum.
1945 3413 1953 3432 .

544 3539 796 3558 .......
820 3508 899 3558 oum
925 3486 1087 3558 omnibus
1106 3486 1210 3578 justis
1236 3486 1431 3558 tenimentis
1453 3495 1489 3559 et
1512 3486 1726 3580 pertinentiis
1749 3487 1823 3557 suis
1841 3484 1956 3557 eidem

541 3609 660 3682 domui
674 3609 853 3705 hospitalis
873 3619 908 3682 et
929 3610 1093 3682 fratribus
1112 3610 1319 3706 supradictis
1336 3611 1525 3700 donamus,
1543 3610 1767 3684 concedimus
1780 3619 1816 3681 et
1830 3611 1865 3680 in
1878 3631 1957 3706 per-

540 3742 684 3829 petuum
699 3733 956 3807 confirmamus.
977 3737 1173 3807 statuentes
1186 3744 1221 3806 et
1237 3736 1437 3808 auctoritate
1455 3735 1623 3831 presentis
1640 3733 1814 3830 privilegii
1833 3733 1958 3826 injun-

539 3867 660 3952 gentes
676 3856 819 3930 firmiter
838 3858 1011 3930 universis
1034 3880 1078 3930 ne
1095 3859 1221 3953 aliquis
1246 3869 1469 3932 memoratam
1494 3858 1637 3931 domum
1653 3867 1690 3930 et
1708 3859 1830 3928 fratres
1847 3856 1958 3952 ipsius

539 3995 658 4057 contra
678 3985 769 4057 hanc
792 3992 942 4057 nostram
962 3981 1205 4074 donationem,
1223 3985 1479 4056 concessionem
1502 3992 1537 4056 et
1560 3981 1858 4055 confirmationem
1879 4002 1958 4075 prs-

539 4120 655 4182 sumat
683 4111 901 4205 aliquatenus
935 4109 1127 4180 molestare.
1160 4107 1262 4192 Quod
1290 4109 1351 4202 qui
1382 4107 1649 4205 presumpserit,
1680 4105 1957 4199 indignationem

539 4244 690 4306 nostram
710 4243 744 4306 et
760 4256 884 4328 penam
906 4240 1043 4305 centum
1059 4232 1227 4304 librarum
1247 4234 1323 4305 auri
1339 4256 1377 4306 sc
1394 4233 1531 4307 noverit
1546 4233 1786 4322 incursurum,
1806 4251 1956 4324 quarum

540 4358 707 4429 medietas
718 4379 853 4429 camera
863 4365 991 4447 nostre,
1005 4355 1138 4448 reliqua
1153 4376 1235 4428 vero
1247 4357 1357 4451 passis
1371 4358 1531 4451 injuriam
1545 4357 1774 4452 persolvatur.
1786 4353 1841 4426 Ad
1852 4354 1959 4446 hujus

541 4491 657 4553 autem
672 4482 722 4552 rei
736 4481 936 4553 memoriam
952 4488 986 4551 et
999 4480 1105 4550 robur
1121 4489 1287 4573 perpetuo
1300 4481 1487 4553 valiturum
1501 4501 1644 4577 presens
1658 4478 1883 4576 privilegium
1897 4497 1958 4571 per

542 4625 666 4676 manus
678 4604 844 4676 iohannis
862 4605 906 4677 de
925 4605 1048 4675 Sancto
1065 4599 1234 4675 Germano
1251 4605 1373 4676 notarii
1390 4614 1424 4677 et
1439 4603 1551 4677 fidelis
1568 4604 1677 4676 nostri
1697 4601 1773 4674 lieri
1791 4611 1825 4673 et
1842 4601 1958 4696 sigillo

541 4728 847 4820 majestatisnostre
852 4729 1020 4821 jussimus
1029 4728 1247 4819 communiri,
1257 4750 1360 4823 anno,
1369 4739 1529 4804 mensset
1536 4728 1725 4802 indictione
1733 4725 1952 4822 subscriptis.
