4368 5876
518 600 577 662 156
1020 613 1233 676 relocatur
1259 615 1431 676 SECUNDl
1745 617 1823 699 [linus.
1843 615 1927 678 ml.

517 758 715 873 privilegia
745 789 769 847 a
800 767 1153 875 praedecessoribus
1180 773 1261 858 suis
1292 775 1522 859 monasterio
1553 775 1721 860 Florensi
1752 802 1930 860 concessa

515 893 728 980 confiunat.

590 1110 757 1195 (Memorat.
772 1133 819 1194 ap.
838 1117 981 1200 Lauann,
995 1122 1029 1181 B.
1042 1121 1173 1182 amasa
1185 1121 1252 1187 all.
1268 1121 1345 1185 Flar.
1362 1121 1490 1188 mut.
1504 1126 1611 1187 acutas
1623 1121 1748 1206 ἀίων,
1763 1143 1795 1204 p·
1811 1134 1881 1201 ¹⁵⁴,
1891 1142 1929 1186 ex

638 1223 759 1286 archlvn
773 1243 834 1305 reg.
852 1243 986 1290 camerae
999 1231 1198 1308 nummariae.)

561 1413 687 1484 Datum
705 1414 906 1503 Brundusii,
921 1437 1012 1488 anno
1026 1416 1199 1492 dominice
1211 1418 1456 1493 incarnationis
1469 1418 1645 1503 cccxxi
1659 1417 1788 1492 mensis
1800 1418 1927 1508 martii,

513 1537 701 1610 indictione
715 1539 779 1630 lX,
795 1541 930 1637 imperii
946 1543 1078 1616 domini
1090 1545 1253 1619 Friderici
1268 1547 1329 1619 Dei
1345 1547 1454 1641 gratia
1467 1544 1684 1618 invictissimi
1698 1545 1928 1618 Romanorum

513 1660 740 1755 imperatoris,
759 1686 895 1760 semper
908 1668 1046 1760 angusti
1063 1679 1098 1740 et
1116 1670 1206 1764 regis
1225 1671 1340 1744 Sicilie
1354 1692 1447 1744 anno
1460 1671 1590 1768 primo,
1606 1670 1704 1764 regni
1720 1688 1802 1741 vero
1816 1667 1928 1740 Sicilie

512 1809 605 1861 anno
622 1789 792 1883 vigesimo
806 1792 919 1883 tertio,
937 1794 1093 1866 feliciter.
1109 1794 1234 1869 Amen.

371 2434 410 2468 ⁸¹
439 2397 454 2468 ’·
563 2435 800 2542 Fridericus,
830 2437 1092 2521 Romanorum
1119 2440 1348 2548 imperator,
1378 2440 1565 2549 hospitale
1597 2440 1757 2522 Sanctae
1788 2436 1927 2521 Mariae

510 2569 830 2654 Tbeutonicorum
849 2581 887 2653 et
903 2571 1039 2655 domos
1057 2598 1191 2655 omnes
1210 2573 1260 2656 ab
1277 2572 1361 2681 ipso
1378 2573 1567 2656 derivatas
1590 2571 1663 2656 sub
1685 2597 1755 2655 sua
1774 2568 1926 2679 speciali

508 2706 739 2814 protectione
767 2705 918 2814 recipit,
939 2706 1200 2789 eoncessiones
1226 2717 1264 2789 et
1289 2707 1488 2818 privilegia
1505 2707 1636 2789 omnia
1653 2705 1796 2788 eisdem
1824 2729 1924 2786 oon-

507 2840 659 2944 firmat‚
681 2840 888 2949 statuitque
905 2850 949 2923 ut
966 2866 1034 2949 per
1055 2851 1178 2924 totum
1206 2842 1408 2952 imperium
1435 2842 1531 2924 nibil
1558 2867 1628 2951 pro
1655 2838 1827 2950 quolibet
1839 2836 1926 2947 jure

508 2983 609 3055 terra
626 2973 800 3082 marique
819 2972 963 3056 solvere
980 2983 1193 3057 teneantur.

586 3187 697 3262 (Edldlt
711 3188 847 3257 flauum,
863 3185 934 3248 God.
950 3185 1070 3267 uptam.
1085 3191 1149 3252 ord.
1164 3189 1196 3250 S.
1214 3188 1329 3252 Marsae
1346 3187 1525 3266 ulmeae„
1541 3207 1573 3269 p.
1589 3198 1640 3264 51,
1655 3199 1691 3250 η·
1704 3197 1756 3264 54,
1766 3191 1921 3268 exorlgln.

625 3297 658 3354 ln
677 3294 789 3355 archlv.
806 3293 987 3373 vindobon.)

552 3492 747 3565 Fridericus
760 3491 937 3564 secundus
952 3491 1012 3563 Dei
1028 3493 1138 3586 gratia
1152 3495 1383 3566 Romanorum
1399 3494 1598 3590 imperator,
1609 3513 1745 3589 semper
1755 3501 1926 3587 angustus

504 3628 539 3693 et
565 3643 629 3692 rex
656 3616 781 3690 Sicilie.
814 3617 878 3689 Per
901 3640 1043 3712 presens
1071 3619 1235 3714 scriplum
1257 3611 1387 3692 'notum
1418 3619 1564 3692 lecimus
1591 3617 1764 3691 universis
1790 3617 1924 3712 imperii

504 3743 666 3816 fidelibus
690 3751 760 3814 mm
786 3743 1002 3836 presentibus
1029 3765 1135 3837 quam
1167 3743 1290 3816 lutaris
1318 3742 1415 3838 quod
1440 3764 1578 3814 sacrum
1603 3742 1773 3838 hospitale
1802 3743 1925 3815 Sancte

504 3869 612 3942 Marie
629 3865 941 3940 Tbeuthonioorom
960 3866 996 3936 in
1013 3867 1201 3940 Jerusalem
1221 3878 1386 3962 tanquam
1405 3868 1519 3940 locum
1539 3868 1636 3940 illurn
1650 3867 1712 3962 qui
1729 3889 1750 3940 a
1767 3867 1925 3940 laticibus

505 3994 663 4081 augustis
689 3990 965 4088 progenitoribus
992 3993 1118 4063 nostris
1144 3992 1326 4065 recolende
1353 3992 1517 4065 memorie
1543 3991 1753 4087 principium
1777 3991 1921 4082 habuit,

504 4120 702 4190 successiva
727 4115 959 4210 benignitate,
980 4115 1025 4187 ad
1051 4127 1252 4211 perpetuam
1274 4117 1474 4189 memoriam
1498 4113 1720 4189 laudatorum
1738 4125 1773 4188 et
1791 4116 1837 4190 ad
1857 4115 1925 4189 ho-

505 4265 623 4316 norem
640 4241 763 4314 Christi
784 4241 819 4311 in
838 4241 938 4333 cujus
956 4239 1132 4334 obsequiis
1154 4243 1273 4314 tratres
1292 4241 1402 4338 ipsius
1420 4263 1517 4313 sacre
1535 4240 1661 4314 domus
1678 4241 1828 4314 militare
1846 4263 1924 4314 nos·

505 4379 647 4454 cuntur,
664 4373 888 4458 augmentare
912 4364 1144 4457 multipliciter
1162 4385 1205 4437 ac
1222 4365 1338 4437 lovere
1360 4365 1534 4456 volentes,
1553 4364 1794 4438 tamdomnm
1811 4365 1924 4460 ipsam

504 4513 609 4586 quam
631 4489 752 4562 domos
773 4509 1012 4582 quascumque
1031 4489 1116 4560 alias
1136 4489 1268 4583 ubique
1292 4489 1467 4563 derivatas
1487 4490 1533 4562 ab
1554 4491 1628 4585 ipsa
1648 4511 1784 4562 necnon
1803 4491 1924 4563 iratres

503 4624 538 4688 el
553 4613 737 4685 confratres
752 4613 861 4705 ipsius
878 4613 943 4684 sub
958 4622 1072 4684 nostra
1087 4613 1227 4708 speciali
1242 4615 1703 4708 protectioneeldelensione
1713 4614 1923 4710 recepimus,

503 4737 743 4812 confirmantes
760 4737 875 4811 eidem
893 4737 1011 4810 domui
1033 4736 1216 4833 privilegia
1236 4738 1353 4812 omnia
1370 4750 1406 4812 et
1422 4761 1663 4836 quascumque
1683 4737 1925 4812 concessiones
