4298 5898
546 505 608 568 488
1049 504 1264 568 tatnnntct
1289 506 1463 570 secutio!
1778 509 1861 593 [liu
1879 508 1972 572 1225.

547 639 837 714 conventionibus
857 639 986 713 illicitis
1005 639 1240 716 intercedente
1259 643 1486 738 jurisjurandi
1504 641 1669 738 religione
1688 644 1734 718 ab
1751 645 1885 719 eisdem
1915 646 1971 718 ci-

548 765 653 838 vibus
684 765 915 861 attemptatis,
952 787 1014 862 per
1046 765 1257 862 easdemque
1292 767 1423 842 litteras
1452 777 1568 843 nostra
1595 769 1761 844 serenitas
1794 771 1972 845 intellexit

548 891 698 985 qualiter
719 912 782 988 per
803 891 1007 966 sententiam
1031 891 1235 966 dilectorum
1258 894 1453 990 principum
1470 903 1662 968 nostrorum
1678 895 1719 967 Ε.
1736 894 1970 983 coloniensis,

547 1015 612 1090 Tb.
630 1017 863 1090 Treveriensis
878 1013 928 1112 (o)
947 1018 1201 1090 venerabilium
1223 1018 1579 1114 archiepiscoporum,
1602 1018 1846 1114 augustensis,
1868 1021 1970 1092 lau-

547 1141 728 1230 sanensis,
764 1142 964 1214 Basiliensis
994 1143 1234 1238 episcoporum
1270 1141 1488 1237 aliorumque
1523 1157 1723 1238 magnatum
1761 1143 1969 1238 Burgundie

545 1266 719 1366 predictas
745 1267 1027 1359 communitates,
1052 1267 1328 1355 constitutiones,
1358 1268 1527 1342 novitates
1550 1279 1586 1341 et
1603 1269 1802 1364 questiones
1828 1269 1969 1342 illicitas

543 1391 780 1479 revocaveris,
810 1391 904 1465 dieto
934 1390 1113 1486 quondam
1142 1391 1400 1488 archiepiscopo
1429 1393 1608 1466 Bisuntino
1639 1395 1755 1467 claves
1784 1402 1966 1489 portarurn

545 1525 580 1591 et
608 1526 748 1590 stratam
774 1517 811 1589 in
835 1526 895 1590 toa
920 1517 1017 1592 curia
1046 1517 1291 1591 sententialiter
1318 1527 1554 1613 recuperante.
1583 1518 1707 1592 Docuit
1730 1539 1795 1590 nos
1821 1520 1968 1614 insuper

546 1643 748 1716 earumdem
775 1642 985 1716 coutinentia
1013 1643 1202 1718 litterarum
1227 1641 1324 1736 qnod
1347 1663 1428 1716 cum
1454 1641 1593 1716 dederis
1615 1642 1748 1716 endam
1771 1642 1966 1714 Bisuntinis

546 1767 683 1842 civibus
698 1767 735 1840 in
754 1766 925 1841 mandatis
941 1777 979 1839 nt
994 1768 1107 1841 nullas
1125 1767 1372 1842 conventiones
1391 1767 1542 1840 lacerent
1559 1787 1624 1840 nec
1638 1765 1765 1840 inirent
1778 1767 1965 1840 consilium

547 1891 615 1964 nisi
636 1901 696 1965 tue
718 1892 814 1965 curie
834 1914 876 1966 ac
898 1893 1043 1988 predicti
1067 1892 1245 1988 quondam
1265 1891 1436 1966 bisuntini
1460 1892 1708 1988 archiepiscopi
1734 1894 1881 1966 consdiu
1900 1915 1967 1965 re-

547 2017 697 2114 quisito,
726 2017 809 2090 dicti
833 2017 928 2090 cives
947 2026 1064 2091 contra
1087 2028 1240 2092 tenorem
1258 2017 1326 2090 late
1349 2017 1518 2090 sententie
1536 2017 1572 2088 iu
1595 2017 1693 2090 curia
1712 2025 1793 2107 tue,
1815 2017 1852 2090 in
1876 2039 1966 2092 cou-

548 2151 677 2238 templu
702 2141 857 2216 mandati
884 2143 935 2214 tui
954 2151 988 2216 et
1010 2163 1080 2215 non
1103 2143 1236 2238 absque
1253 2141 1352 2239 gravi
1371 2142 1577 2216 contumelia
1599 2143 1733 2238 imperii
1755 2141 1852 2238 quod
1877 2166 1966 2238 gra-

547 2267 636 2340 viter
650 2266 778 2341 leditur
790 2267 825 2338 in
840 2266 905 2340 hac
919 2277 1030 2364 parte,
1046 2268 1133 2340 inire
1147 2267 1289 2340 consilia
1302 2275 1337 2340 et
1349 2266 1550 2360 hujusmodi
1567 2267 1815 2341 conventiones
1827 2267 1965 2341 illicitas

546 2393 659 2464 lacere
680 2412 750 2465 non
771 2391 968 2484 dimittunt,
987 2392 1292 2466 communitatibus
1309 2401 1346 2465 et
1362 2392 1458 2465 initis
1474 2392 1687 2466 novitatibus
1710 2403 1838 2466 temere
1858 2393 1965 2466 iuhe-

545 2526 671 2589 rentes.
698 2514 858 2588 volentes
882 2515 990 2609 igitur
1011 2526 1137 2590 statum
1167 2515 1390 2590 ecclesiarum
1414 2515 1550 2614 imperii
1572 2516 1819 2610 tranquillitate
1842 2516 1963 2590 votiva

546 2641 699 2736 gaudere
728 2651 763 2712 et
791 2641 996 2714 inconcussa
1021 2641 1153 2738 perfrui
1186 2641 1360 2733 libertate,
1391 2641 1595 2714 sententiam
1629 2641 1828 2736 principum
1856 2663 1963 2738 super

545 2767 733 2838 irritatione
752 2766 1059 2860 communitatum,
1079 2765 1383 2859 constitutionum,
1401 2767 1594 2839 novitatum
1607 2776 1643 2838 et
1656 2766 1856 2839 illicitarum
1872 2787 1961 2839 eou-

545 2893 749 2964 ventionum
769 2913 791 2963 a
812 2891 949 2964 civibus
969 2891 1159 2964 Bisantinis
1184 2891 1443 2963 commissarum
1466 2901 1500 2962 et
1523 2889 1569 2964 de
1591 2897 1696 2964 strata
1719 2892 1756 2963 in
1783 2901 1843 2964 tua
1864 2891 1960 2963 curia

546 3020 796 3115 promulgatam
823 3017 989 3090 duximus
1012 3017 1272 3115 approbandam
1295 3028 1330 3090 et
1351 3019 1461 3114 ipsam
1486 3018 1532 3090 de
1553 3018 1673 3090 innata
1693 3017 1804 3112 gratia
1832 3015 1959 3090 confir-

546 3163 695 3235 mamus,
718 3142 841 3217 dantes
864 3142 995 3216 eisdem
1021 3143 1158 3216 civibus
1177 3163 1238 3238 per
1257 3142 1343 3215 alias
1362 3151 1496 3214 ncstms
1519 3142 1648 3215 litteras
1668 3142 1706 3215 in
1728 3142 1904 3216 mandatis
1920 3153 1958 3215 ut

546 3269 660 3345 eidem
679 3265 847 3340 sententie
865 3267 901 3337 in
923 3267 1086 3364 predictis
1108 3266 1261 3340 articulis
1284 3265 1485 3340 confirmate
1505 3287 1575 3339 nou
1598 3274 1801 3362 presumant
1820 3267 1956 3362 aliqua-

544 3403 647 3468 tenus
668 3391 822 3464 obviare.
850 3393 961 3488 Super
986 3413 1028 3464 eo
1049 3412 1133 3465 vero
1159 3389 1255 3486 quod
1280 3390 1325 3465 de
1349 3390 1583 3484 assignatione
1602 3390 1754 3464 clavium
1781 3401 1955 3489 portarum

544 3519 804 3616 pronuntiatum
827 3517 941 3589 extitit
964 3540 1025 3612 per
1049 3517 1222 3612 principes
1247 3523 1470 3607 memoratos,
1497 3515 1610 3590 taliter
1634 3516 1880 3612 supplicationi
1899 3526 1954 3588 tue

543 3643 711 3716 duximus
732 3641 1011 3736 respondendnm
1032 3648 1072 3711 ut
1092 3641 1175 3734 quie
1197 3649 1335 3735 propter
1353 3638 1557 3713 hostilitates
1576 3649 1612 3712 et
1630 3640 1712 3714 odia
1728 3641 1860 3734 quibus
1878 3661 1954 3736 prs-

544 3766 629 3841 dicti
653 3767 747 3838 cives
768 3761 920 3838 infestari
941 3763 1116 3851 dicuntur,
1136 3773 1251 3859 posset
1269 3764 1315 3837 de
1333 3763 1474 3836 civitate
1496 3764 1572 3858 ipsa
1597 3763 1790 3836 invasionis
1811 3765 1952 3857 alicujus

543 3891 737 3990 periculum
753 3888 930 3961 formidari
949 3889 980 3960 si
1001 3888 1115 3961 claves
1128 3895 1306 3984 portarum
1325 3896 1428 3984 pmut
1444 3886 1588 3962 dictavit
1607 3889 1778 3962 sententia
1799 3888 1953 3983 resigna-

542 4025 636 4108 rent,
654 4014 700 4089 ad
721 4013 891 4086 cautelam
907 4021 1094 4085 eventuum
1113 4011 1176 4105 qui
1192 3999 1368 4103 timentur,
1388 4009 1451 4083 tibi
1471 4019 1505 4084 et
1524 4009 1649 4084 dilecto
1668 4011 1818 4109 principi
1841 4021 1952 4086 uestro

542 4139 583 4212 E.
608 4136 794 4212 venerabili
811 4136 1003 4209 Coloniensi
1022 4135 1280 4230 archiepiscopo
1301 4133 1548 4208 committimus
1570 4135 1848 4231 providendum,
1869 4157 1952 4209 exe-

543 4263 717 4336 cutionem
743 4260 911 4333 sententie
932 4281 1038 4355 super
1063 4260 1209 4332 articulo
1231 4259 1382 4332 clavium
1405 4259 1542 4332 interim
1568 4259 1821 4354 suspendentes
1844 4260 1950 4334 donec

545 4387 590 4462 de
619 4385 869 4482 indempnitate
892 4385 1041 4458 civitatis
1069 4383 1227 4478 ejusdem
1253 4405 1334 4458 eum
1360 4382 1485 4458 eodem
1515 4383 1776 4482 archiepiscopo
1798 4382 1947 4479 diligenti

584 4633 621 4717 (b)
641 4636 677 4696 In
692 4637 791 4700 radice
807 4638 1012 4714 ramlense,
1027 4641 1110 4704 male
