4292 5894
223 627 323 691 tuin.
341 627 401 707 11.]
671 628 868 692 HISTORIA
890 629 1186 694 nlrnollanlcll.
1577 626 1635 690 361

306 787 480 866 (Memorat.
495 804 544 866 ap.
559 789 724 864 Bonnam,
740 791 850 873 chcrt
865 793 980 874 imper,
995 811 1034 855 cx
1052 796 1138 872 copia
1150 807 1242 873 quam
1254 791 1339 853 Pcrtn
1359 793 1392 853 ln
1411 791 1532 870 regestis
1551 789 1639 852 Vati·

343 897 427 957 canis
439 895 647 975 transcripsit.)

274 1083 399 1155 Datum
416 1084 512 1180 apud
529 1085 728 1177 Pacarium,
745 1087 839 1160 XXV
853 1087 987 1185 aprilis,
1005 1086 1201 1162 indictionis
1215 1087 1275 1159 lll.

282 1699 404 1782 Lucas
429 1700 733 1810 archiepiscopus
753 1695 989 1806 {Cusentinus
1011 1708 1049 1781 et
1068 1698 1253 1782 Terrisius
1276 1699 1523 1782 Cassanensis
1549 1699 1639 1811 epi·-

230 1860 387 1946 scopus,
415 1834 546 1946 vigore
571 1835 738 1918 duorum
759 1834 1030 1916 mandatorum
1055 1831 1311 1943 imperialium
1337 1858 1503 1943 quorum
1535 1843 1644 1918 tenor

229 1969 423 2073 inseritur,
443 1968 542 2050 inter
562 1966 741 2051 abbatem
762 1977 1068 2078 conventumque
1084 1968 1132 2050 de
1150 1967 1260 2050 Flore
1282 1976 1319 2051 et
1341 1966 1518 2051 abbatem
1541 1994 1643 2051 oon·-

230 2113 462 2213 veutumque
476 2100 525 2183 de
540 2101 667 2184 Patiro
684 2099 791 2184 litem
808 2100 994 2183 dirimunt
1012 2099 1061 2183 de
1082 2100 1315 2210 quibusdam
1332 2101 1484 2210 pascuis
1500 2101 1540 2184 in
1556 2127 1646 2212 par·

231 2236 333 2322 tibus
351 2236 465 2320 Silae.

313 2460 408 2536 (ltdld.
424 2457 686 2536 Ucnmnr,1talic
698 2477 796 2538 mon,
812 2466 883 2522 tom.
899 2461 959 2536 lx,
974 2476 1006 2539 p.
1022 2457 1105 2540 212.)

282 2669 383 2744 Anno
406 2667 579 2744 dominice
602 2669 848 2744 incarnationis
872 2669 1054 2742 millesimo
1081 2666 1318 2741 ducentesimo
1337 2668 1507 2763 vigesimo
1526 2669 1643 2758 lertio,

236 2815 355 2868 mense
378 2795 537 2887 augusti,
561 2794 609 2866 Xl
629 2793 847 2886 indictionis,
870 2813 960 2866 anno
975 2814 1063 2875 ,vero
1084 2793 1218 2888 imperii
1242 2791 1375 2866 domini
1393 2794 1500 2866 nostri
1522 2793 1648 2868 Frede-

234 2917 297 2990 rici
312 2917 376 2991 Dei
392 2918 502 3013 gratia
516 2917 732 2990 invictissimi
747 2917 979 2991 Romanorum
997 2919 1211 3014 imperatoris
1222 2939 1358 3014 semper
1375 2919 1515 3013 augusti
1532 2919 1644 3010 tertio,

234 3043 334 3138 regni
351 3052 467 3116 antem
482 3043 598 3116 Sicilie
614 3042 722 3134 XXV,
739 3043 908 3137 regnique
925 3041 1058 3116 domini
1073 3042 1212 3115 Hearici
1231 3041 1293 3114 filii
1308 3047 1384 3138 ejus
1399 3043 1520 3117 eadem
1538 3043 1648 3139 gratia

235 3167 470 3261 gloriosissimi
489 3167 580 3262 regis
603 3165 732 3258 Sicilie,
751 3165 899 3240 ducatus
916 3165 1042 3262 Apulie
1062 3176 1096 3239 et
1115 3167 1329 3264 principatus
1349 3166 1466 3264 Capue
1486 3169 1548 3254 Xl,
1565 3171 1648 3244 ieli-

235 3297 332 3370 citer.
358 3294 483 3369 Amen.
505 3293 575 3366 Nos
598 3293 709 3365 Lucas
729 3293 791 3366 Dei
813 3291 923 3386 gratia
945 3291 1153 3365 Cusentinus
1172 3291 1452 3389 archiepiscopus
1475 3303 1509 3366 et
1533 3295 1649 3367 Terri-

234 3423 308 3494 sius
322 3419 541 3493 &mancosis
553 3415 736 3513 episcopus
749 3416 898 3512 presenti
912 3416 1040 3512 scripto
1054 3426 1174 3490 notum
1186 3417 1332 3489 iacimus
1344 3417 1439 3512 qnod
1454 3419 1649 3515 recepimus

236 3567 298 3642 per
315 3566 440 3618 manus
460 3541 592 3616 domini
614 3542 756 3616 Matthei
774 3542 982 3617 venerabilis
999 3542 1135 3615 abbatis
1151 3551 1185 3615 et
1203 3552 1393 3617 conventus
1405 3543 1514 3618 Floria
1532 3544 1650 3641 impe·

236 3671 338 3743 riales
351 3669 481 3742 litteras
493 3667 584 3741 hanc
601 3667 725 3740 seriem
741 3666 954 3740 continentes
972 3693 981 3738 ε

284 3791 488 3866 Fredericus
503 3791 564 3864 Dei
581 3792 691 3886 gratia
707 3792 938 3866 Romanorum
964 3791 1161 3887 imperator,
1181 3813 1318 3887 semper
1335 3805 1506 3888 augustus
1529 3804 1563 3869 et
1585 3817 1651 3869 rex

236 3918 373 4010 Sicilie,
393 3917 583 3990 venerabili
601 3916 860 4014 archiepiscopo
878 3915 1063 3989 Cusentino
1082 3924 1117 3988 et
1133 3915 1296 4012 episcopo
1312 3917 1533 4010 Cassanensi,
1554 3918 1649 3994 fide·

238 4043 331 4118 libus
348 4042 434 4132 suis,
450 4043 595 4136 gratiam
609 4063 707 4114 suam
722 4049 757 4113 et
770 4041 896 4114 bonam
913 4041 1139 4113 voluntatem.
1153 4040 1336 4134 Conquesti
1354 4051 1435 4114 sunt
1452 4042 1648 4117 celsitudini

239 4176 355 4242 nostre
371 4165 578 4240 venerabilis
595 4165 705 4240 abbas
716 4171 752 4237 et
766 4173 957 4238 conventus
972 4163 1144 4238 Florensis
1161 4164 1372 4258 monasterii,
1393 4163 1511 4240 fideles
1526 4167 1649 4261 nostri,

239 4477 368 4552 »ubique
384 4476 522 4552 dispersos
532 4481 565 4533 ut
576 4475 611 4534 ad
624 4475 733 4551 propria
745 4475 856 4533 redeant
868 4479 897 4533 ot
911 4474 1055 4533 mdcuntcs
1073 4474 1147 4550 capit
1164 4481 1193 4534 ct
1212 4476 1241 4534 in
1258 4475 1478 4536 Siciliam'rnittit
1495 4495 1564 4555 quos
1577 4481 1650 4555 apud

240 4594 255 4629 ι
268 4574 377 4632 llaltam
388 4573 480 4648 dirigit
489 4573 644 4646 imperator.

276 4670 395 4749 »[ηἰη
410 4685 504 4730 mense
515 4670 593 4744 julio,
605 4670 766 4730 Gelancnses
779 4685 875 4728 omncs
889 4671 936 4745 qui
955 4671 1053 4746 capn'vi
1070 4671 1099 4728 iu
1112 4671 1200 4730 Sicilia
1217 4671 1378 4732 tenebantur
1393 4673 1471 4734 liberi
1481 4675 1652 4752 dimittuntur

242 4769 431 4844 »imperatore
443 4768 624 4828 mandante.»
639 4769 714 4827 Rrec.
729 4783 766 4826 ns
777 4767 806 4827 S.
820 4767 926 4842 Gsnffi,
940 4767 1067 4828 Omontc.
1081 4768 1119 4828 nd
1130 4786 1227 4829 coms.

320 4871 363 4932 Π.
1458 4879 1497 4934 to

1690 1695 1826 1798 cuman

1682 1803 1839 1848 transnanti.
