4292 5894
232 577 334 640 lmcr.
352 571 413 660 ll]
680 567 879 632 HISTORIA
905 567 1200 632 ulrnotlllrlcn
1587 565 1648 628 379

280 710 483 788 innomine
506 706 644 782 Domini
669 707 753 780 Jesu
777 705 912 781 Christi.
936 705 1060 781 limen.
1079 707 1180 782 Anno
1201 705 1376 782 salutifere
1399 685 1645 777 incarnationis

232 836 389 932 ejusdem
418 833 601 908 millesimo
636 830 873 906 ducentesimo
900 831 1071 926 vigesimo
1100 841 1244 928 quarto,
1272 851 1392 905 mense
1416 827 1643 925 septembris,

231 963 309 1038 xlll
324 958 539 1050 indictionis,
550 958 741 1054 imperante
754 955 896 1030 domino
911 966 1028 1031 nostro
1045 956 1208 1032 Federico
1221 956 1283 1030 Dei
1295 954 1406 1050 gratia
1421 953 1648 1028 invictissimo

231 1087 464 1162 Romanorum
480 1084 698 1179 imperatore,
716 1102 852 1178 semper
867 1091 1017 1175 augusto
1033 1091 1069 1156 et
1082 1103 1165 1178 rege
1177 1082 1294 1155 Sicilie
1304 1079 1563 1174 gloriosissimo,
1577 1080 1648 1154 llo-

230 1211 327 1286 mani
344 1207 481 1304 imperii
498 1210 575 1301 ejus
595 1228 689 1280 anno
704 1215 840 1302 quarto,
860 1206 960 1301 regni
979 1227 1063 1282 vero
1080 1207 1197 1282 Sicilie
1215 1207 1386 1302 vigesimo
1403 1206 1548 1302 septimo
1564 1205 1649 1280 ieli-

231 1334 329 1409 citer.
342 1335 467 1408 Amen.
485 1332 571 1404 Cum
582 1331 719 1426 questio
734 1340 926 1405 vuteretur
944 1331 1034 1405 inter
1050 1333 1227 1425 ecclosias,
1247 1332 1453 1406 monasteria
1470 1340 1505 1406 et
1521 1331 1648 1406 milites

231 1459 388 1534 Surrenti
409 1479 456 1532 ex
481 1479 552 1531 una
575 1463 674 1554 parte
698 1465 733 1531 et
755 1456 904 1530 villanos
928 1456 974 1531 de
998 1458 1170 1531 casulibus
1198 1457 1348 1532 civitmh
1369 1456 1524 1531 Surrenti
1550 1465 1649 1531 extra

231 1605 350 1658 muros
365 1606 411 1658 ex
428 1583 536 1656 almra
550 1604 656 1679 snper
669 1581 843 1677 homagio,
854 1582 1018 1674 servitiis,
1030 1582 1239 1672 redditibus,
1256 1582 1408 1678 angariis
1422 1591 1459 1656 et
1474 1582 1552 1656 aliis
1564 1583 1649 1678 qui·

232 1709 398 1802 busdam,
419 1708 582 1783 dominus
605 1716 722 1782 noster
746 1707 932 1803 imperator
954 1705 1084 1782 dicum
1108 1729 1249 1782 causum
1272 1707 1414 1782 domino
1431 1706 1579 1782 ilenrico
1603 1707 1650 1782 de

232 1835 364 1924 Murra,
387 1855 514 1930 magne
535 1832 725 1931 imperialis
749 1833 846 1908 curie
869 1832 1035 1926 magistro
1051 1832 1261 1927 justiciario,
1280 1833 1417 1908 comisit
1441 1833 1479 1907 in
1504 1833 1648 1909 modum

231 1960 493 2056 subscriptum:
1564 1957 1568 1964 '

280 2085 476 2160 Fridericus
490 2085 554 2158 nei
570 2083 682 2176 gratia
704 2085 935 2158 Romanorum
956 2080 1155 2180 imperator,
1176 2103 1313 2180 semper
1332 2091 1503 2177 augustus
1526 2091 1561 2157 et
1583 2104 1648 2158 ren

232 2209 360 2302 Sicilie,
379 2209 527 2284 Hennco
541 2209 587 2283 de
608 2209 722 2284 Murra
740 2207 836 2282 curie
859 2231 922 2282 sue
940 2208 1106 2304 magistro
1121 2207 1313 2302 justiciario
1331 2209 1476 2305 gratiam
1493 2231 1594 2282 suam
1614 2219 1649 2284 et

232 2333 359 2410 honem
377 2336 604 2408 voluntatem.
629 2333 760 2409 lleeom
776 2333 979 2408 excelientia
994 2341 1111 2407 nostra
1127 2333 1223 2428 quod
1240 2333 1360 2406 villani
1376 2331 1541 2406 casalium
1556 2335 1648 2406 Sur-

232 2460 335 2553 renti,
354 2458 475 2533 fideles
492 2459 615 2552 nostri,
634 2458 770 2533 dudum
790 2459 891 2532 nohis
907 2458 1060 2550 graviter
1078 2467 1161 2530 suut
1177 2458 1357 2553 conquesti
1375 2457 1472 2554 quod
1488 2459 1647 2553 ecclesie,

232 2584 439 2659 monasterio
460 2593 496 2658 et
515 2584 642 2658 milites
663 2582 818 2656 Surrenti
834 2582 967 2677 absque
982 2583 1100 2677 aliquo
1116 2582 1196 2675 jure
1216 2580 1313 2677 quod
1327 2582 1364 2654 in
1381 2581 1432 2656 eis
1446 2581 1650 2657 habuissent

232 2707 349 2805 aliquo
371 2719 526 2806 tempore
548 2718 611 2784 aut
628 2709 816 2800 habereut,
838 2728 898 2782 eos
918 2729 984 2781 suo
1002 2706 1157 2780 dominio
1179 2707 1307 2800 injuste
1324 2705 1595 2781 vendicaverant
1614 2715 1649 2782 et

230 2834 395 2910 tenebant
408 2856 471 2931 per
486 2834 686 2909 violentiam
703 2840 905 2929 occupatos,
924 2845 960 2907 et
974 2833 1071 2928 quod
1088 2832 1133 2906 ab
1152 2831 1204 2905 eis
1220 2853 1263 2906 eu
1280 2830 1382 2906 dictis
1401 2832 1540 2906 villanis
1561 2853 1647 2926 gra-

232 2958 373 3034 vamina
392 2967 429 3032 et
447 2958 655 3032 contumelia
676 2957 802 3031 tamin
822 2957 978 3053 personis
1000 2977 1106 3052 quam
1131 2957 1167 3028 in
1187 2955 1292 3030 rebus
1315 2957 1451 3030 inerant
1472 2955 1649 3054 multipli-

232 3081 318 3156 citer
346 3091 383 3156 et
407 3083 642 3156 inhumaniter
674 3084 831 3176 inrogata
853 3083 1004 3178 quibus,
1032 3081 1168 3155 ahamsi
1192 3081 1229 3153 in
1253 3081 1339 3178 ipsis
1368 3081 1461 3156 dicte
1481 3083 1646 3178 ecclesie,

231 3206 438 3282 monasteria
464 3216 499 3281 et
521 3207 649 3280 milites
675 3205 829 3279 Surrenti
850 3206 910 3299 jus
935 3205 1076 3302 aliquod
1104 3203 1326 3296 habuissent,
1351 3206 1390 3282 id
1418 3203 1469 3306 (c)
1492 3207 1648 3283 amittere

233 3331 448 3424 debuerunt;
468 3353 578 3427 quare
602 3331 772 3423 maiestati
798 3341 914 3404 nostre
937 3330 1114 3404 humiliter
1136 3330 1377 3427 supplicarunt
1394 3340 1433 3406 ut
1456 3353 1561 3429 super
1582 3355 1651 3430 op·

232 3456 468 3552 pressionibus
494 3463 529 3528 et
554 3457 721 3530 molestiis
740 3456 814 3529 suis
838 3455 1062 3550 benignitatis
1081 3465 1197 3531 nostre
1222 3457 1341 3532 oculos
1367 3455 1586 3535 advertentes
1603 3459 1651 3533 ab

233 3603 353 3656 eorum
371 3581 531 3655 manibus
552 3603 612 3655 eos
628 3602 750 3655 eruere
773 3589 808 3655 et
826 3581 862 3654 in
879 3591 1035 3658 nostrum
1059 3591 1175 3656 tanae
1193 3580 1393 3656 demanium
1409 3581 1647 3678 dignaremur.

231 3705 302 3778 Nos
332 3713 449 3778 autem
472 3705 643 3779 dictorum
666 3705 874 3780 rusticorum
904 3705 1054 3801 querelis
1079 3715 1114 3780 et
1138 3707 1448 3803 supplicationibus
1474 3707 1647 3802 inclinati,

233 3831 317 3925 quia
332 3829 424 3904 mala
440 3852 511 3925 que
529 3831 566 3904 in
585 3839 735 3905 nostram
754 3832 962 3928 presentiam
979 3832 1216 3929 proponebant
1231 3853 1295 3906 nos
1312 3832 1359 3906 ad
1379 3822 1649 3926 misericordiam

232 3953 443 4047 invitabant,
462 3962 582 4051 utpute
597 3955 694 4053 quod
712 3975 797 4030 vera
813 3953 859 4055 (i)
883 3955 976 4052 ipsos
1001 3977 1195 4053 proponere
1218 3957 1462 4050 credebamus,
1486 3957 1580 4055 ipsos
1602 3957 1650 4034 ud

232 4077 433 4152 demanium
458 4088 614 4153 nostrum
634 4079 829 4178 recepimus
846 4077 892 4180 (c)
908 4089 942 4156 et
958 4080 1139 4156 habemus.
1158 4083 1258 4156 Nunc
1276 4090 1392 4159 autem
1414 4080 1560 4177 qnidam
1579 4083 1648 4159 mi·

232 4200 310 4276 lites
327 4204 519 4284 Surrentini
542 4225 607 4300 pro
632 4214 729 4302 parte
749 4206 990 4299 ecclesiarum,
1010 4208 1296 4282 monasteriorum
1312 4215 1349 4281 et
1366 4207 1514 4282 rnilitum
1537 4207 1649 4305 ipsius

231 4325 381 4402 civitatis
397 4330 553 4403 Surrenti
570 4329 618 4404 ad
631 4341 784 4406 nostram
803 4332 937 4406 coriam
953 4331 1159 4407 accedentes
1174 4341 1411 4429 exposuerunt
1427 4331 1529 4406 nubis
1550 4331 1648 4432 quod

273 4503 317 4586 (a)
338 4506 431 4584 Apud
442 4507 569 4572 Arcuoel
582 4527 633 4586 aa,
646 4511 735 4575 mab.

274 4609 314 4692 (b)
336 4613 451 4676 Ibliem
462 4631 555 4691 mac,
569 4617 657 4680 mule.

276 4718 313 4798 (θ)
334 4719 449 4784 lbldm
457 4724 744 4806 autumnale.
