4296 5898
144 562 150 572 ’
243 585 402 667 imae]
692 582 888 647 ausuoaia
912 582 1203 647 nunuouauuca
1598 580 1657 643 aas

324 717 498 800 (Memorat
513 733 560 796 ap.
572 712 771 792 Iiacmncoa,
785 717 891 780 usam
904 713 977 778 delto
989 723 1069 779 carte
1084 723 1203 780 vomu
1215 713 1293 778 doliu
1305 723 1414 778 carm
1426 713 1458 777 di
1469 715 1504 776 S.
1524 712 1656 795 Susiano,

363 844 392 905 p.
408 834 484 900 500,
500 841 539 886 ox
555 823 656 886 codice
677 826 727 885 cui
748 825 855 886 titulus
873 842 881 885 ε
897 823 996 886 Attia
1009 822 1143 902 bonafide
1156 821 1224 886 deit
1236 823 1322 886 aiau
1334 821 1367 886 di
1379 824 1413 888 S.
1432 821 1510 886 uiua
1525 822 1659 885 adora

359 949 461 1013 praeeo
473 928 625 994 rumoso
638 927 715 991 dalla
723 930 791 1014 itaq.
805 931 884 993 cana
901 928 937 991 dc
949 930 1128 1006 laurentia,
1141 931 1190 993 toi.
1205 939 1253 992 ot.
1263 935 1345 994 More
1355 931 1441 993 soitto
1448 930 1527 993 hane
1540 947 1660 1010 memo

364 1041 477 1100 tionem
489 1039 657 1101 Macciuoca
675 1043 842 1117 suspectam
854 1036 973 1113 habuit,
987 1055 1048 1117 qua
1060 1055 1130 1100 veno
1143 1055 1233 1100 causa
1245 1037 1416 1119 nescimus.)

295 1226 420 1299 Datum
448 1225 485 1297 in
510 1223 649 1298 civitate
679 1224 852 1317 Messene,
884 1243 977 1296 anno
1004 1223 1177 1300 dominice
1204 1224 1449 1299 incarnationis
1478 1224 1659 1300 millesimo

248 1346 484 1424 ducentesimo
494 1349 665 1446 vigesimo
679 1349 810 1447 primo,
831 1349 1066 1442 menseJ'unii‚
1086 1349 1274 1425 indictione
1287 1351 1347 1423 IX.

469 1632 785 1644 ...ι-..ι--ι--ι--ι-ι

302 1888 538 1995 Friderieus‚
566 1887 828 1972 Romanorum
852 1887 1081 1998 imperator,
1105 1886 1303 2000 puiuilegia
1329 1886 1460 1971 omnia
1484 1886 1663 1970 ecclesiae
1724 1908 1835 2018 Ἢ,

250 2025 410 2108 Sanctae
422 2023 562 2110 Mariae
579 2020 890 2132 vallisiosaphat
905 2022 954 2105 de
972 2021 1194 2106 Paterniano
1213 2021 1285 2105 sibi
1301 2047 1370 2132 per
1391 2022 1548 2106 fratrem
1561 2022 1664 2106 Hen-

248 2158 372 2242 nicum
399 2165 638 2270 praesentata
665 2155 831 2242 liedulfo
862 2156 990 2242 abbati
1022 2157 1195 2269 ejusdem
1226 2155 1405 2242 ecclesiae
1434 2157 1598 2242 restituit
1628 2169 1666 2241 et

250 2292 463 2377 confirmat.

331 2507 494 2588 (Memorat
504 2507 669 2589 annno,
681 2505 764 2569 satu
777 2523 865 2582 acca,
875 2514 897 2568 t.
909 2507 952 2586 11,
964 2525 992 2586 p.
1009 2517 1100 2583 1178,
1111 2525 1149 2570 aa
1162 2513 1349 2586 nausumpte
1362 2509 1433 2570 anni
1448 2515 1538 2588 1279,
1553 2515 1571 2569 a
1583 2507 1661 2587 Juiii,

369 2620 401 2678 in
415 2619 490 2678 adis
502 2617 645 2678 Matthaei
666 2615 704 2678 da
719 2615 811 2696 Singa
830 2615 1046 2690 IIasmnansia3
1068 2616 1208 2695 originale
1227 2615 1350 2678 extabat
1369 2619 1403 2678 in
1421 2615 1492 2696 liag.
1513 2615 1661 2695 privileg„

369 2737 438 2785 area
449 2733 476 2785 u.
487 2722 595 2786 Amico
608 2729 872 2802 mmmpmpsram
885 2737 999 2784 mnam
1014 2730 1089 2785 mi
1106 2739 1161 2802 pro
1175 2731 1249 2785 1221
1265 2721 1402 2804 indicat)

299 2913 422 2986 Datum
440 2912 586 3006 Catane,
603 2913 725 2987 ultimo
736 2912 847 3008 junii,
863 2911 1052 2987 indictione
1066 2914 1126 2986 lX.

304 3465 537 3574 inidoneus,
567 3466 828 3551 Romanorum
855 3470 1075 3580 imperator,
1101 3471 1229 3557 abbati
1253 3484 1291 3557 et
1313 3479 1515 3562 conventui
1536 3479 1664 3564 Sancti
1719 3488 1848 3598 “gffiffe

253 3598 433 3710 Stephani
448 3600 497 3684 de
509 3598 670 3685 Nemore
693 3602 853 3686 mandat
870 3629 918 3686 ne
935 3602 1110 3688 homines
1128 3606 1314 3690 casalium
1335 3608 1540 3722 Mentabni,
1558 3615 1663 3700 Gas-

250 3732 427 3843 parinae,
446 3732 617 3816 Arunchi
636 3744 673 3817 et
691 3734 841 3820 Olviani
863 3736 904 3818 in
927 3739 1116 3822 consuetis
1143 3742 1402 3829 exactionibus
1423 3756 1461 3831 et
1481 3745 1665 3833 molestiis

251 3875 401 3976 praeter
415 3864 588 3950 debitum
605 3878 827 3980 aggravent.
1163 3867 1167 3877 '

334 4082 346 4164 (
352 4083 430 4146 Edit
446 4100 492 4162 ap.
514 4083 712 4162 Macenucca,
728 4087 834 4148 deame
847 4085 919 4150 delia
931 4097 1010 4151 carte
1022 4097 1140 4154 mutate
1151 4088 1230 4153 datia
1240 4100 1350 4156 certon
1361 4090 1394 4156 dt
1406 4094 1438 4158 S.
1456 4095 1590 4179 amno,
1606 4113 1661 4176 ap-

370 4191 457 4270 pend
473 4196 510 4254 n⁰
523 4193 641 4268 xxm,
662 4199 692 4256 at
712 4195 853 4278 Tuom,
867 4195 945 4258 Stor.
961 4195 1009 4259 dcl
1019 4195 1083 4262 ord.
1099 4201 1213 4260 Carum
1221 4244 1231 4278 ,
1246 4207 1270 4262 t.
1286 4203 1325 4279 V,
1337 4203 1465 4282 append.
1479 4214 1513 4266 n·
1526 4205 1659 4270 LXXVI.

374 4297 461 4374 Quod
473 4299 647 4361 mandatnm
666 4300 745 4363 inira
764 4302 864 4366 daturi
890 4305 946 4366 sub
967 4321 1069 4367 mense
1090 4305 1244 4368 novembri
1257 4307 1348 4387 hujus
1361 4312 1433 4372 anna
1444 4317 1663 4392 nummatum

373 4405 405 4466 in
424 4411 486 4467 toto
500 4405 560 4468 litis
572 4407 662 4486 hujus
676 4409 890 4487 imtrumeuto,
909 4412 959 4473 hic
980 4414 1185 4474 tantummodo
1204 4417 1359 4478 materiam
1378 4423 1409 4480 et
1426 4424 1513 4483 noim
1531 4419 1663 4486 chrono-

372 4509 484 4591 logicas
497 4513 535 4574 ad
548 4514 709 4578 ornandum
721 4515 968 4580 documentorum
979 4521 1086 4582 seriem
1100 4521 1287 4603 indicamus.)

301 4699 427 4772 [iatum
442 4700 616 4794 Messana,
637 4703 736 4778 tentio
747 4704 844 4798 iulii,
860 4727 951 4780 none
967 4706 1177 4784 indictionis.
