<?xml version="1.0" encoding="UTF-8"?>
<!DOCTYPE html PUBLIC "-//W3C//DTD XHTML 1.0 Transitional//EN"
    "http://www.w3.org/TR/xhtml1/DTD/xhtml1-transitional.dtd">
<html xmlns="http://www.w3.org/1999/xhtml" xml:lang="en" lang="en">
 <head>
  <title>
</title>
<meta http-equiv="Content-Type" content="text/html;charset=utf-8" />
  <meta name='ocr-system' content='tesseract 3.04.00' />
  <meta name='ocr-capabilities' content='ocr_page ocr_carea ocr_par ocr_line ocrx_word'/>
</head>
<body>
  <div class='ocr_page' id='page_1' title='image "./historiadiploma08fredgoog_0013.png"; bbox 0 0 4436 5870; ppageno 0'>
   <div class='ocr_carea' id='block_1_1' title="bbox 395 695 1628 940">
    <p class='ocr_par' dir='ltr' id='par_1_1' title="bbox 395 695 1628 940">
     <span class='ocr_line' id='line_1_1' title="bbox 395 695 1628 940; baseline -0.022 1"><span class='ocrx_word' id='word_1_1' title='bbox 395 695 1032 940; x_wconf 80' lang='lat' dir='ltr'>rnrnnnror</span> <span class='ocrx_word' id='word_1_2' title='bbox 1096 735 1628 925; x_wconf 78' lang='lat' dir='ltr'>suanum</span> 
     </span>
    </p>
   </div>
   <div class='ocr_carea' id='block_1_2' title="bbox 611 1108 1412 1280">
    <p class='ocr_par' dir='ltr' id='par_1_2' title="bbox 611 1108 1412 1280">
     <span class='ocr_line' id='line_1_2' title="bbox 611 1108 1412 1187; baseline -0.021 0"><span class='ocrx_word' id='word_1_3' title='bbox 611 1125 860 1187; x_wconf 71' lang='lat' dir='ltr'>aomanorum</span> <span class='ocrx_word' id='word_1_4' title='bbox 883 1119 1162 1186; x_wconf 77' lang='lat' dir='ltr'>lurnunronls,</span> <span class='ocrx_word' id='word_1_5' title='bbox 1187 1108 1412 1175; x_wconf 68' lang='lat' dir='ltr'>Jerusalem</span> 
     </span>
     <span class='ocr_line' id='line_1_3' title="bbox 819 1215 1197 1280; baseline -0.021 0"><span class='ocrx_word' id='word_1_6' title='bbox 819 1223 867 1280; x_wconf 77' lang='grc' dir='ltr'>ΕΤ</span> <span class='ocrx_word' id='word_1_7' title='bbox 888 1221 1062 1280; x_wconf 76' lang='lat' dir='ltr'>SICILIAE</span> <span class='ocrx_word' id='word_1_8' title='bbox 1083 1215 1197 1276; x_wconf 79' lang='lat' dir='ltr'>REGIS</span> 
     </span>
    </p>
   </div>
   <div class='ocr_carea' id='block_1_3' title="bbox 528 1444 1497 1579">
    <p class='ocr_par' dir='ltr' id='par_1_3' title="bbox 528 1444 1497 1579">
     <span class='ocr_line' id='line_1_4' title="bbox 528 1444 1497 1579; baseline -0.017 -1"><span class='ocrx_word' id='word_1_9' title='bbox 528 1455 901 1579; x_wconf 74' lang='lat' dir='ltr'>Hlsronla</span> <span class='ocrx_word' id='word_1_10' title='bbox 948 1444 1497 1570; x_wconf 81' lang='lat' dir='ltr'>DIPLOMIITICII.</span> 
     </span>
    </p>
   </div>
   <div class='ocr_carea' id='block_1_4' title="bbox 887 1825 1147 1838">
    <p class='ocr_par' dir='ltr' id='par_1_4' title="bbox 887 1825 1147 1838">
     <span class='ocr_line' id='line_1_5' title="bbox 887 1825 1147 1838; baseline -0.008 -1"><span class='ocrx_word' id='word_1_11' title='bbox 887 1825 1147 1838; x_wconf 78' lang='lat'><em>.......-—-.·..-..</em></span> 
     </span>
    </p>
   </div>
   <div class='ocr_carea' id='block_1_5' title="bbox 708 2092 1322 2160">
    <p class='ocr_par' dir='ltr' id='par_1_5' title="bbox 708 2092 1322 2160">
     <span class='ocr_line' id='line_1_6' title="bbox 708 2092 1322 2160; baseline -0.011 1"><span class='ocrx_word' id='word_1_12' title='bbox 708 2097 820 2160; x_wconf 80' lang='grc' dir='ltr'>ΑΝΝΟ</span> <span class='ocrx_word' id='word_1_13' title='bbox 847 2095 946 2158; x_wconf 76' lang='lat'><strong>1220.</strong></span> <span class='ocrx_word' id='word_1_14' title='bbox 970 2130 1009 2144; x_wconf 91' lang='lat'>—</span> <span class='ocrx_word' id='word_1_15' title='bbox 1030 2093 1273 2154; x_wconf 80' lang='lat' dir='ltr'>INDICTIONII</span> <span class='ocrx_word' id='word_1_16' title='bbox 1293 2092 1322 2154; x_wconf 90' lang='grc'>9.</span> 
     </span>
    </p>
   </div>
   <div class='ocr_carea' id='block_1_6' title="bbox 363 2770 1904 2892">
    <p class='ocr_par' dir='ltr' id='par_1_6' title="bbox 363 2770 1904 2892">
     <span class='ocr_line' id='line_1_7' title="bbox 363 2770 1904 2892; baseline -0.008 -30"><span class='ocrx_word' id='word_1_17' title='bbox 363 2779 575 2862; x_wconf 85' lang='lat' dir='ltr'>Fridericus</span> <span class='ocrx_word' id='word_1_18' title='bbox 600 2803 667 2860; x_wconf 86' lang='lat' dir='ltr'>rex</span> <span class='ocrx_word' id='word_1_19' title='bbox 696 2835 1017 2856; x_wconf 90' lang='grc'><strong>........</strong></span> <span class='ocrx_word' id='word_1_20' title='bbox 1048 2800 1138 2858; x_wconf 90' lang='lat' dir='ltr'>cum</span> <span class='ocrx_word' id='word_1_21' title='bbox 1161 2782 1335 2856; x_wconf 80' lang='lat' dir='ltr'><strong>consorte</strong></span> <span class='ocrx_word' id='word_1_22' title='bbox 1358 2798 1428 2856; x_wconf 91' lang='lat' dir='ltr'>sua</span> <span class='ocrx_word' id='word_1_23' title='bbox 1443 2770 1664 2855; x_wconf 83' lang='lat' dir='ltr'>Constantia</span> <span class='ocrx_word' id='word_1_24' title='bbox 1686 2771 1726 2852; x_wconf 91' lang='lat' dir='ltr'>in</span> <span class='ocrx_word' id='word_1_25' title='bbox 1775 2796 1904 2892; x_wconf 47' lang='lat' dir='ltr'>pm·</span> 
     </span>
    </p>
   </div>
   <div class='ocr_carea' id='block_1_7' title="bbox 309 2901 1922 3822">
    <p class='ocr_par' dir='ltr' id='par_1_7' title="bbox 309 2901 1922 3822">
     <span class='ocr_line' id='line_1_8' title="bbox 309 2901 1922 3023; baseline -0.004 -27"><span class='ocrx_word' id='word_1_26' title='bbox 309 2913 490 3023; x_wconf 89' lang='lat' dir='ltr'>principis</span> <span class='ocrx_word' id='word_1_27' title='bbox 507 2909 775 3020; x_wconf 80' lang='lat' dir='ltr'>Apostolorum</span> <span class='ocrx_word' id='word_1_28' title='bbox 794 2907 952 2992; x_wconf 91' lang='lat' dir='ltr'>basilica</span> <span class='ocrx_word' id='word_1_29' title='bbox 969 2934 1100 2992; x_wconf 89' lang='lat' dir='ltr'>mense</span> <span class='ocrx_word' id='word_1_30' title='bbox 1118 2907 1315 2990; x_wconf 83' lang='lat' dir='ltr'>novembri</span> <span class='ocrx_word' id='word_1_31' title='bbox 1334 2906 1487 2990; x_wconf 88' lang='lat' dir='ltr'>infesto</span> <span class='ocrx_word' id='word_1_32' title='bbox 1504 2905 1638 2990; x_wconf 88' lang='lat' dir='ltr'>beatae</span> <span class='ocrx_word' id='word_1_33' title='bbox 1657 2907 1726 2989; x_wconf 88' lang='lat' dir='ltr'>Ca·</span> <span class='ocrx_word' id='word_1_34' title='bbox 1753 2901 1922 3004; x_wconf 55' lang='lat' dir='ltr'>ffltlffi</span> 
     </span>
     <span class='ocr_line' id='line_1_9' title="bbox 310 3039 1726 3156; baseline -0.004 -28"><span class='ocrx_word' id='word_1_35' title='bbox 310 3047 417 3128; x_wconf 88' lang='lat' dir='ltr'>ciliae</span> <span class='ocrx_word' id='word_1_36' title='bbox 429 3043 632 3156; x_wconf 85' lang='lat' dir='ltr'>magnifice</span> <span class='ocrx_word' id='word_1_37' title='bbox 645 3043 737 3126; x_wconf 90' lang='lat' dir='ltr'>satis</span> <span class='ocrx_word' id='word_1_38' title='bbox 751 3069 840 3127; x_wconf 91' lang='lat' dir='ltr'>cum</span> <span class='ocrx_word' id='word_1_39' title='bbox 854 3043 1028 3126; x_wconf 89' lang='lat' dir='ltr'>omnium</span> <span class='ocrx_word' id='word_1_40' title='bbox 1041 3041 1303 3126; x_wconf 87' lang='lat' dir='ltr'>Romanorum</span> <span class='ocrx_word' id='word_1_41' title='bbox 1317 3041 1440 3152; x_wconf 84' lang='lat' dir='ltr'>gratia</span> <span class='ocrx_word' id='word_1_42' title='bbox 1453 3041 1648 3126; x_wconf 86' lang='lat' dir='ltr'>ethonore</span> <span class='ocrx_word' id='word_1_43' title='bbox 1664 3039 1726 3152; x_wconf 90' lang='lat' dir='ltr'>(l)</span> 
     </span>
     <span class='ocr_line' id='line_1_10' title="bbox 312 3175 1729 3288; baseline -0.001 -28"><span class='ocrx_word' id='word_1_44' title='bbox 312 3189 401 3261; x_wconf 91' lang='lat' dir='ltr'>sunt</span> <span class='ocrx_word' id='word_1_45' title='bbox 422 3178 610 3288; x_wconf 89' lang='lat' dir='ltr'>imperiali</span> <span class='ocrx_word' id='word_1_46' title='bbox 629 3179 843 3260; x_wconf 89' lang='lat' dir='ltr'>diademate</span> <span class='ocrx_word' id='word_1_47' title='bbox 862 3176 1047 3286; x_wconf 84' lang='lat' dir='ltr'>insigniti.</span> <span class='ocrx_word' id='word_1_48' title='bbox 1066 3179 1240 3274; x_wconf 81' lang='lat' dir='ltr'>Quorum</span> <span class='ocrx_word' id='word_1_49' title='bbox 1258 3175 1493 3259; x_wconf 81' lang='lat' dir='ltr'>coronationi</span> <span class='ocrx_word' id='word_1_50' title='bbox 1514 3175 1729 3286; x_wconf 76' lang='lat' dir='ltr'>Stephanus</span> 
     </span>
     <span class='ocr_line' id='line_1_11' title="bbox 312 3309 1728 3422; baseline -0.003 -26"><span class='ocrx_word' id='word_1_51' title='bbox 312 3313 549 3396; x_wconf 88' lang='lat' dir='ltr'>Cassinensis</span> <span class='ocrx_word' id='word_1_52' title='bbox 562 3311 683 3395; x_wconf 86' lang='lat' dir='ltr'>abbas</span> <span class='ocrx_word' id='word_1_53' title='bbox 699 3336 847 3394; x_wconf 81' lang='lat' dir='ltr'>necnon</span> <span class='ocrx_word' id='word_1_54' title='bbox 860 3336 988 3393; x_wconf 89' lang='lat' dir='ltr'>comes</span> <span class='ocrx_word' id='word_1_55' title='bbox 1001 3309 1188 3422; x_wconf 85' lang='lat' dir='ltr'>Rogarius</span> <span class='ocrx_word' id='word_1_56' title='bbox 1202 3311 1250 3392; x_wconf 87' lang='lat' dir='ltr'>de</span> <span class='ocrx_word' id='word_1_57' title='bbox 1260 3309 1415 3419; x_wconf 85' lang='lat' dir='ltr'>Aquila,</span> <span class='ocrx_word' id='word_1_58' title='bbox 1426 3335 1554 3393; x_wconf 87' lang='lat' dir='ltr'>comas</span> <span class='ocrx_word' id='word_1_59' title='bbox 1567 3309 1728 3394; x_wconf 88' lang='lat' dir='ltr'>Iacobus</span> 
     </span>
     <span class='ocr_line' id='line_1_12' title="bbox 310 3441 1730 3554; baseline 0 -26"><span class='ocrx_word' id='word_1_60' title='bbox 310 3446 358 3528; x_wconf 91' lang='lat' dir='ltr'>de</span> <span class='ocrx_word' id='word_1_61' title='bbox 372 3445 512 3528; x_wconf 88' lang='lat' dir='ltr'>Sancto</span> <span class='ocrx_word' id='word_1_62' title='bbox 526 3445 721 3550; x_wconf 87' lang='lat' dir='ltr'>Severino,</span> <span class='ocrx_word' id='word_1_63' title='bbox 733 3470 862 3528; x_wconf 89' lang='lat' dir='ltr'>comes</span> <span class='ocrx_word' id='word_1_64' title='bbox 874 3441 1087 3528; x_wconf 86' lang='lat' dir='ltr'>Richardus</span> <span class='ocrx_word' id='word_1_65' title='bbox 1101 3445 1150 3526; x_wconf 91' lang='lat' dir='ltr'>de</span> <span class='ocrx_word' id='word_1_66' title='bbox 1161 3442 1301 3527; x_wconf 80' lang='lat' dir='ltr'>Gelono</span> <span class='ocrx_word' id='word_1_67' title='bbox 1316 3454 1353 3526; x_wconf 90' lang='lat' dir='ltr'>et</span> <span class='ocrx_word' id='word_1_68' title='bbox 1365 3443 1539 3528; x_wconf 90' lang='lat' dir='ltr'>nonnulli</span> <span class='ocrx_word' id='word_1_69' title='bbox 1550 3445 1598 3527; x_wconf 89' lang='lat' dir='ltr'>de</span> <span class='ocrx_word' id='word_1_70' title='bbox 1610 3469 1730 3554; x_wconf 81' lang='lat' dir='ltr'>regno</span> 
     </span>
     <span class='ocr_line' id='line_1_13' title="bbox 310 3576 1731 3686; baseline -0.002 -26"><span class='ocrx_word' id='word_1_71' title='bbox 310 3577 474 3661; x_wconf 88' lang='lat' dir='ltr'>barones</span> <span class='ocrx_word' id='word_1_72' title='bbox 494 3578 764 3684; x_wconf 82' lang='lat' dir='ltr'>interfuerunt,</span> <span class='ocrx_word' id='word_1_73' title='bbox 781 3586 1022 3662; x_wconf 89' lang='lat' dir='ltr'>occurrentes</span> <span class='ocrx_word' id='word_1_74' title='bbox 1035 3577 1108 3686; x_wconf 90' lang='lat' dir='ltr'>ipsi</span> <span class='ocrx_word' id='word_1_75' title='bbox 1121 3578 1341 3686; x_wconf 89' lang='lat' dir='ltr'>imperatori</span> <span class='ocrx_word' id='word_1_76' title='bbox 1357 3588 1401 3660; x_wconf 90' lang='lat' dir='ltr'>ut</span> <span class='ocrx_word' id='word_1_77' title='bbox 1412 3578 1532 3686; x_wconf 87' lang='lat' dir='ltr'>ipsius</span> <span class='ocrx_word' id='word_1_78' title='bbox 1546 3576 1619 3660; x_wconf 89' lang='lat' dir='ltr'>sibi</span> <span class='ocrx_word' id='word_1_79' title='bbox 1636 3603 1731 3686; x_wconf 86' lang='lat' dir='ltr'>gra-</span> 
     </span>
     <span class='ocr_line' id='line_1_14' title="bbox 311 3710 1730 3822; baseline 0.001 -30"><span class='ocrx_word' id='word_1_80' title='bbox 311 3711 404 3793; x_wconf 82' lang='lat' dir='ltr'>tiam</span> <span class='ocrx_word' id='word_1_81' title='bbox 431 3721 696 3822; x_wconf 84' lang='lat' dir='ltr'>compararent</span> <span class='ocrx_word' id='word_1_82' title='bbox 724 3710 807 3822; x_wconf 77' lang='grc'><strong>(2);</strong></span> <span class='ocrx_word' id='word_1_83' title='bbox 836 3712 1035 3820; x_wconf 85' lang='lat' dir='ltr'>eidemque</span> <span class='ocrx_word' id='word_1_84' title='bbox 1064 3711 1252 3794; x_wconf 86' lang='lat' dir='ltr'>dederunt</span> <span class='ocrx_word' id='word_1_85' title='bbox 1278 3711 1485 3796; x_wconf 85' lang='lat' dir='ltr'>liberaliter</span> <span class='ocrx_word' id='word_1_86' title='bbox 1520 3711 1730 3795; x_wconf 89' lang='lat' dir='ltr'>dextrarios</span> 
     </span>
    </p>
   </div>
   <div class='ocr_carea' id='block_1_8' title="bbox 311 4029 1732 4882">
    <p class='ocr_par' dir='ltr' id='par_1_8' title="bbox 312 4029 1732 4497">
     <span class='ocr_line' id='line_1_15' title="bbox 347 4029 1729 4106; baseline 0.002 -21"><span class='ocrx_word' id='word_1_87' title='bbox 347 4031 382 4104; x_wconf 80' lang='grc'>(4)</span> <span class='ocrx_word' id='word_1_88' title='bbox 404 4029 584 4089; x_wconf 75' lang='lat' dir='ltr'>«Fridencus</span> <span class='ocrx_word' id='word_1_89' title='bbox 597 4047 645 4088; x_wconf 88' lang='lat' dir='ltr'>rax</span> <span class='ocrx_word' id='word_1_90' title='bbox 659 4032 772 4088; x_wconf 89' lang='lat' dir='ltr'>tendens</span> <span class='ocrx_word' id='word_1_91' title='bbox 787 4033 815 4088; x_wconf 88' lang='lat' dir='ltr'>iu</span> <span class='ocrx_word' id='word_1_92' title='bbox 829 4029 946 4088; x_wconf 84' lang='lat' dir='ltr'>SiciIIam</span> <span class='ocrx_word' id='word_1_93' title='bbox 960 4047 1057 4106; x_wconf 87' lang='lat' dir='ltr'>papam</span> <span class='ocrx_word' id='word_1_94' title='bbox 1072 4048 1121 4105; x_wconf 86' lang='lat' dir='ltr'>per</span> <span class='ocrx_word' id='word_1_95' title='bbox 1134 4047 1244 4088; x_wconf 87' lang='lat' dir='ltr'>manum</span> <span class='ocrx_word' id='word_1_96' title='bbox 1261 4031 1377 4089; x_wconf 89' lang='lat' dir='ltr'>validam</span> <span class='ocrx_word' id='word_1_97' title='bbox 1390 4032 1502 4089; x_wconf 87' lang='lat' dir='ltr'>Romam</span> <span class='ocrx_word' id='word_1_98' title='bbox 1517 4031 1662 4088; x_wconf 88' lang='lat' dir='ltr'>introduxit</span> <span class='ocrx_word' id='word_1_99' title='bbox 1671 4033 1729 4106; x_wconf 90' lang='lat' dir='ltr'>jam</span> 
     </span>
     <span class='ocr_line' id='line_1_16' title="bbox 315 4128 1730 4204; baseline 0.001 -20"><span class='ocrx_word' id='word_1_100' title='bbox 315 4147 329 4178; x_wconf 73' lang='lat' dir='ltr'>a</span> <span class='ocrx_word' id='word_1_101' title='bbox 348 4128 381 4184; x_wconf 87' lang='lat' dir='ltr'>ab</span> <span class='ocrx_word' id='word_1_102' title='bbox 395 4143 427 4185; x_wconf 84' lang='lat' dir='ltr'>ea</span> <span class='ocrx_word' id='word_1_103' title='bbox 438 4145 489 4202; x_wconf 91' lang='lat' dir='ltr'>per</span> <span class='ocrx_word' id='word_1_104' title='bbox 505 4135 609 4204; x_wconf 87' lang='lat' dir='ltr'>septem</span> <span class='ocrx_word' id='word_1_105' title='bbox 623 4145 731 4187; x_wconf 87' lang='lat' dir='ltr'>menses</span> <span class='ocrx_word' id='word_1_106' title='bbox 748 4129 902 4199; x_wconf 84' lang='lat' dir='ltr'>exclusum,</span> <span class='ocrx_word' id='word_1_107' title='bbox 924 4146 939 4186; x_wconf 89' lang='lat' dir='ltr'>a</span> <span class='ocrx_word' id='word_1_108' title='bbox 958 4145 1011 4202; x_wconf 89' lang='lat' dir='ltr'>quo</span> <span class='ocrx_word' id='word_1_109' title='bbox 1035 4129 1062 4184; x_wconf 93' lang='lat' dir='ltr'>in</span> <span class='ocrx_word' id='word_1_110' title='bbox 1082 4129 1272 4203; x_wconf 86' lang='lat' dir='ltr'>imperatorem</span> <span class='ocrx_word' id='word_1_111' title='bbox 1292 4137 1464 4188; x_wconf 88' lang='lat' dir='ltr'>consecratus</span> <span class='ocrx_word' id='word_1_112' title='bbox 1478 4129 1505 4186; x_wconf 91' lang='lat' dir='ltr'>iu</span> <span class='ocrx_word' id='word_1_113' title='bbox 1527 4136 1622 4188; x_wconf 82' lang='lat' dir='ltr'>octava</span> <span class='ocrx_word' id='word_1_114' title='bbox 1639 4128 1730 4187; x_wconf 87' lang='lat' dir='ltr'>Sancti</span> 
     </span>
     <span class='ocr_line' id='line_1_17' title="bbox 315 4224 1732 4296; baseline 0.002 -15"><span class='ocrx_word' id='word_1_115' title='bbox 315 4243 328 4276; x_wconf 80' lang='lat' dir='ltr'>r</span> <span class='ocrx_word' id='word_1_116' title='bbox 348 4224 453 4282; x_wconf 78' lang='lat' dir='ltr'>IIartiui</span> <span class='ocrx_word' id='word_1_117' title='bbox 465 4227 600 4285; x_wconf 86' lang='lat' dir='ltr'>Romanos</span> <span class='ocrx_word' id='word_1_118' title='bbox 613 4227 700 4284; x_wconf 89' lang='lat' dir='ltr'>eidem</span> <span class='ocrx_word' id='word_1_119' title='bbox 715 4227 908 4285; x_wconf 88' lang='lat' dir='ltr'>reconciliavit.</span> <span class='ocrx_word' id='word_1_120' title='bbox 925 4247 938 4280; x_wconf 82' lang='lat'><strong>»</strong></span> <span class='ocrx_word' id='word_1_121' title='bbox 950 4227 1090 4296; x_wconf 74' lang='lat' dir='ltr'>Aurenses,</span> <span class='ocrx_word' id='word_1_122' title='bbox 1106 4227 1235 4284; x_wconf 74' lang='lat' dir='ltr'>chronic.</span> <span class='ocrx_word' id='word_1_123' title='bbox 1251 4227 1286 4282; x_wconf 86' lang='lat' dir='ltr'>ad</span> <span class='ocrx_word' id='word_1_124' title='bbox 1301 4243 1365 4284; x_wconf 89' lang='lat' dir='ltr'>ann.</span> <span class='ocrx_word' id='word_1_125' title='bbox 1382 4230 1463 4286; x_wconf 82' lang='grc'><strong>4224).</strong></span> <span class='ocrx_word' id='word_1_126' title='bbox 1478 4227 1549 4285; x_wconf 87' lang='lat' dir='ltr'>Dicit</span> <span class='ocrx_word' id='word_1_127' title='bbox 1562 4233 1652 4286; x_wconf 87' lang='lat' dir='ltr'>autem</span> <span class='ocrx_word' id='word_1_128' title='bbox 1663 4227 1732 4286; x_wconf 79' lang='lat' dir='ltr'>Ilei-</span> 
     </span>
     <span class='ocr_line' id='line_1_18' title="bbox 312 4323 1729 4401; baseline 0.003 -23"><span class='ocrx_word' id='word_1_129' title='bbox 312 4337 394 4379; x_wconf 83' lang='lat' dir='ltr'>nerus</span> <span class='ocrx_word' id='word_1_130' title='bbox 407 4323 562 4382; x_wconf 82' lang='lat' dir='ltr'>leodiensis</span> <span class='ocrx_word' id='word_1_131' title='bbox 577 4343 584 4380; x_wconf 90' lang='lat'><strong>:</strong></span> <span class='ocrx_word' id='word_1_132' title='bbox 601 4345 615 4380; x_wconf 78' lang='lat' dir='ltr'>u</span> <span class='ocrx_word' id='word_1_133' title='bbox 630 4323 825 4399; x_wconf 76' lang='lat' dir='ltr'>[Iriden&#39;cum]</span> <span class='ocrx_word' id='word_1_134' title='bbox 837 4325 950 4382; x_wconf 87' lang='lat' dir='ltr'>llomani</span> <span class='ocrx_word' id='word_1_135' title='bbox 965 4323 1027 4398; x_wconf 88' lang='lat' dir='ltr'>plus</span> <span class='ocrx_word' id='word_1_136' title='bbox 1040 4325 1134 4382; x_wconf 89' lang='lat' dir='ltr'>timore</span> <span class='ocrx_word' id='word_1_137' title='bbox 1145 4340 1227 4398; x_wconf 66' lang='lat' dir='ltr'>mam</span> <span class='ocrx_word' id='word_1_138' title='bbox 1246 4340 1337 4383; x_wconf 89' lang='lat' dir='ltr'>amore</span> <span class='ocrx_word' id='word_1_139' title='bbox 1356 4341 1418 4382; x_wconf 89' lang='lat' dir='ltr'>cum</span> <span class='ocrx_word' id='word_1_140' title='bbox 1431 4341 1528 4400; x_wconf 83' lang='lat' dir='ltr'>magna</span> <span class='ocrx_word' id='word_1_141' title='bbox 1540 4325 1624 4401; x_wconf 82' lang='lat' dir='ltr'>gloria</span> <span class='ocrx_word' id='word_1_142' title='bbox 1636 4334 1665 4384; x_wconf 93' lang='lat' dir='ltr'>et</span> <span class='ocrx_word' id='word_1_143' title='bbox 1680 4327 1729 4384; x_wconf 87' lang='lat' dir='ltr'>tri·</span> 
     </span>
     <span class='ocr_line' id='line_1_19' title="bbox 315 4418 1706 4497; baseline 0.01 -27"><span class='ocrx_word' id='word_1_144' title='bbox 315 4418 433 4493; x_wconf 82' lang='lat' dir='ltr'>»pudic</span> <span class='ocrx_word' id='word_1_145' title='bbox 447 4420 559 4494; x_wconf 85' lang='lat' dir='ltr'>pacifice</span> <span class='ocrx_word' id='word_1_146' title='bbox 570 4429 783 4497; x_wconf 82' lang='lat' dir='ltr'>susceperunt.»</span> <span class='ocrx_word' id='word_1_147' title='bbox 1702 4477 1706 4484; x_wconf 91' lang='lat'>.</span> 
     </span>
    </p>

    <p class='ocr_par' dir='ltr' id='par_1_9' title="bbox 311 4516 1731 4790">
     <span class='ocr_line' id='line_1_20' title="bbox 348 4516 1731 4595; baseline 0.005 -22"><span class='ocrx_word' id='word_1_148' title='bbox 348 4516 383 4590; x_wconf 86' lang='grc'>(2)</span> <span class='ocrx_word' id='word_1_149' title='bbox 403 4517 464 4586; x_wconf 86' lang='lat' dir='ltr'>Qua</span> <span class='ocrx_word' id='word_1_150' title='bbox 474 4519 619 4576; x_wconf 85' lang='lat' dir='ltr'>severitate</span> <span class='ocrx_word' id='word_1_151' title='bbox 630 4537 693 4595; x_wconf 83' lang='lat' dir='ltr'>erga</span> <span class='ocrx_word' id='word_1_152' title='bbox 706 4519 821 4578; x_wconf 86' lang='lat' dir='ltr'>barones</span> <span class='ocrx_word' id='word_1_153' title='bbox 834 4521 910 4594; x_wconf 83' lang='lat' dir='ltr'>regni</span> <span class='ocrx_word' id='word_1_154' title='bbox 925 4521 1071 4595; x_wconf 87' lang='lat' dir='ltr'>imperator</span> <span class='ocrx_word' id='word_1_155' title='bbox 1081 4535 1147 4578; x_wconf 88' lang='lat' dir='ltr'>usus</span> <span class='ocrx_word' id='word_1_156' title='bbox 1158 4519 1238 4578; x_wconf 80' lang='lat' dir='ltr'>merit</span> <span class='ocrx_word' id='word_1_157' title='bbox 1252 4527 1307 4578; x_wconf 84' lang='lat' dir='ltr'>tam</span> <span class='ocrx_word' id='word_1_158' title='bbox 1319 4538 1354 4578; x_wconf 87' lang='lat' dir='ltr'>ex</span> <span class='ocrx_word' id='word_1_159' title='bbox 1366 4521 1496 4580; x_wconf 81' lang='lat' dir='ltr'>Ricmrdo</span> <span class='ocrx_word' id='word_1_160' title='bbox 1506 4521 1542 4582; x_wconf 89' lang='lat' dir='ltr'>de</span> <span class='ocrx_word' id='word_1_161' title='bbox 1552 4521 1581 4580; x_wconf 88' lang='lat' dir='ltr'>S.</span> <span class='ocrx_word' id='word_1_162' title='bbox 1594 4525 1731 4582; x_wconf 88' lang='lat' dir='ltr'>Germano</span> 
     </span>
     <span class='ocr_line' id='line_1_21' title="bbox 311 4617 1728 4698; baseline 0.004 -27"><span class='ocrx_word' id='word_1_163' title='bbox 311 4617 417 4687; x_wconf 81' lang='lat' dir='ltr'>possim</span> <span class='ocrx_word' id='word_1_164' title='bbox 429 4632 512 4690; x_wconf 87' lang='lat' dir='ltr'>quam</span> <span class='ocrx_word' id='word_1_165' title='bbox 523 4632 558 4675; x_wconf 84' lang='lat' dir='ltr'>ax</span> <span class='ocrx_word' id='word_1_166' title='bbox 571 4619 693 4677; x_wconf 86' lang='lat' dir='ltr'>Conrado</span> <span class='ocrx_word' id='word_1_167' title='bbox 706 4620 895 4693; x_wconf 83' lang='lat' dir='ltr'>Urspergensi,</span> <span class='ocrx_word' id='word_1_168' title='bbox 910 4637 938 4693; x_wconf 94' lang='lat' dir='ltr'>p.</span> <span class='ocrx_word' id='word_1_169' title='bbox 956 4621 1019 4690; x_wconf 80' lang='grc'><strong>245,</strong></span> <span class='ocrx_word' id='word_1_170' title='bbox 1039 4627 1066 4676; x_wconf 88' lang='lat' dir='ltr'>et</span> <span class='ocrx_word' id='word_1_171' title='bbox 1080 4635 1215 4694; x_wconf 87' lang='lat' dir='ltr'>anonymo</span> <span class='ocrx_word' id='word_1_172' title='bbox 1226 4618 1325 4678; x_wconf 86' lang='lat' dir='ltr'>Saxou.</span> <span class='ocrx_word' id='word_1_173' title='bbox 1349 4621 1409 4698; x_wconf 90' lang='lat' dir='ltr'>(ap.</span> <span class='ocrx_word' id='word_1_174' title='bbox 1426 4621 1578 4694; x_wconf 75' lang='lat' dir='ltr'>ummo,</span> <span class='ocrx_word' id='word_1_175' title='bbox 1596 4622 1646 4692; x_wconf 92' lang='lat' dir='ltr'>III,</span> <span class='ocrx_word' id='word_1_176' title='bbox 1663 4623 1728 4692; x_wconf 91' lang='grc'><strong>424)</strong></span> 
     </span>
     <span class='ocr_line' id='line_1_22' title="bbox 313 4713 1727 4790; baseline 0.004 -20"><span class='ocrx_word' id='word_1_177' title='bbox 313 4713 506 4787; x_wconf 78' lang='lat' dir='ltr'>mmparimus.</span> <span class='ocrx_word' id='word_1_178' title='bbox 529 4715 690 4775; x_wconf 77' lang='lat' dir='ltr'>Addendum</span> <span class='ocrx_word' id='word_1_179' title='bbox 709 4723 800 4776; x_wconf 85' lang='lat' dir='ltr'>autam</span> <span class='ocrx_word' id='word_1_180' title='bbox 822 4717 948 4776; x_wconf 86' lang='lat' dir='ltr'>duximus</span> <span class='ocrx_word' id='word_1_181' title='bbox 972 4717 1025 4775; x_wconf 85' lang='lat' dir='ltr'>lroc</span> <span class='ocrx_word' id='word_1_182' title='bbox 1042 4717 1220 4790; x_wconf 67' lang='lat' dir='ltr'>tegmentum</span> <span class='ocrx_word' id='word_1_183' title='bbox 1241 4717 1371 4778; x_wconf 88' lang='lat' dir='ltr'>ineditum</span> <span class='ocrx_word' id='word_1_184' title='bbox 1389 4736 1405 4778; x_wconf 93' lang='lat' dir='ltr'>e</span> <span class='ocrx_word' id='word_1_185' title='bbox 1420 4719 1486 4779; x_wconf 83' lang='lat' dir='ltr'>Cod.</span> <span class='ocrx_word' id='word_1_186' title='bbox 1509 4723 1578 4778; x_wconf 78' lang='lat'><strong>83⁴6</strong></span> <span class='ocrx_word' id='word_1_187' title='bbox 1601 4719 1727 4777; x_wconf 85' lang='lat' dir='ltr'>Biblioth.</span> 
     </span>
    </p>

    <p class='ocr_par' dir='ltr' id='par_1_10' title="bbox 414 4814 1569 4882">
     <span class='ocr_line' id='line_1_23' title="bbox 414 4814 1569 4882; baseline 0.007 -8"><span class='ocrx_word' id='word_1_188' title='bbox 414 4814 456 4875; x_wconf 90' lang='lat'>11.</span> <span class='ocrx_word' id='word_1_189' title='bbox 1160 4879 1161 4882; x_wconf 71' lang='grc'>,</span> <span class='ocrx_word' id='word_1_190' title='bbox 1555 4829 1569 4882; x_wconf 88' lang='lat' dir='ltr'>t</span> 
     </span>
    </p>
   </div>
   <div class='ocr_carea' id='block_1_9' title="bbox 0 0 2232 5860">
    <p class='ocr_par' dir='ltr' id='par_1_11' title="bbox 0 0 2232 5860">
     <span class='ocr_line' id='line_1_24' title="bbox 0 0 2232 5860; baseline 0 0"><span class='ocrx_word' id='word_1_191' title='bbox 0 0 2232 5860; x_wconf 95' lang='lat' dir='ltr'> </span> 
     </span>
    </p>
   </div>
  </div>
 </body>
</html>
