4296 5898
504 529 566 592 212
1005 535 1219 600 rotonum!
1246 537 1419 600 secetur
1732 541 1811 621 [llum
1831 539 1912 601 last.

510 672 718 738 tenerentur.
747 669 798 742 De
822 670 972 744 servitiis
998 695 1080 747 vere
1102 695 1173 770 que
1199 673 1353 750 indebite
1374 675 1636 766 subtraxerant,
1661 675 1746 770 quia
1772 676 1914 748 confessi

510 799 591 862 sunt
608 811 646 864 se
663 792 877 868 subtraxisse
899 795 974 888 illa,
994 797 1125 870 dictum
1147 809 1403 894 procuratorem
1425 820 1544 874 eorum
1566 800 1704 873 nemine
1725 810 1761 872 et
1777 799 1915 874 eosdem

509 913 667 988 bemiues
684 937 747 990 seu
769 918 917 993 villanos
933 929 973 992 ut
989 921 1110 995 eadem
1129 923 1268 996 servitia
1291 923 1438 998 reddant
1458 924 1590 1020 prelato
1612 925 1818 999 monasterio
1834 945 1916 997 sen-

509 1040 692 1114 tentialiter
720 1044 992 1118 condemnamus
1018 1048 1064 1119 ab
1087 1047 1146 1120 illo
1168 1057 1414 1144 temporeque
1438 1048 1498 1120 illa
1524 1069 1587 1144 per
1612 1048 1810 1124 violentiam
1831 1049 1917 1121 sub·

509 1171 704 1254 traxerunt,
728 1168 858 1242 scilieet
875 1171 921 1242 ab
945 1170 1043 1244 initie
1070 1173 1200 1246 mensis
1226 1172 1333 1247 madii
1359 1173 1464 1266 hujus
1481 1193 1572 1246 nene
1596 1171 1806 1246 indictionis.
1833 1175 1915 1246 Nam

509 1310 570 1384 pro
590 1312 632 1364 ee
656 1291 754 1386 qued
776 1293 860 1369 dicti
882 1294 1040 1370 homines
1066 1318 1126 1370 seu
1155 1298 1274 1370 villani
1298 1307 1332 1371 et
1353 1307 1553 1394 procurater
1569 1319 1690 1371 eorum
1709 1307 1916 1394 exposuerat

510 1413 678 1509 imperiali
699 1418 895 1492 celsitudini
912 1419 1008 1515 quod
1029 1420 1145 1516 ipsum
1164 1421 1409 1495 monasterinm
1427 1443 1488 1494 eos
1505 1430 1664 1516 gravaret
1681 1421 1834 1495 indebite
1848 1423 1915 1495 eel-

509 1538 614 1613 lsctas
630 1543 680 1614 eis
696 1551 730 1614 et
750 1544 817 1616 alia
835 1546 1038 1639 gravamina
1058 1545 1262 1640 irrogando,
1283 1546 1330 1620 ad
1353 1547 1419 1618 bec
1435 1556 1475 1618 ut
1497 1544 1693 1619 ostenderet
1706 1544 1821 1619 dictos
1839 1567 1916 1642 pro·

509 1673 645 1737 curator
670 1669 866 1741 monasterii
897 1669 1055 1764 prelibati
1081 1671 1178 1764 quod
1209 1672 1294 1745 falsa
1322 1672 1539 1767 expositione
1570 1669 1697 1743 luerint
1723 1670 1915 1744 celsitudini

510 1789 678 1885 imperiali
699 1794 899 1888 conquesti,
926 1797 1136 1890 presentavit
1161 1797 1262 1869 nobis
1289 1797 1326 1868 in
1357 1797 1453 1869 ceria
1478 1795 1698 1892 privilegium
1724 1794 1917 1869 donationis

509 1916 600 1989 bene
626 1918 789 1992 memorie
810 1919 947 2014 Rogerii
974 1920 1128 1994 Calabrle
1152 1930 1187 1994 et
1211 1917 1327 1994 Sicilie
1345 1917 1497 2012 comitis,
1524 1921 1585 1992 ubi
1610 1920 1803 1993 continetur
1823 1919 1917 2015 qued

414 2025 418 2032 ’
512 2040 604 2114 idem
620 2063 736 2116 cemes
750 2065 813 2138 pru
828 2045 1083 2140 miraculoque
1100 2046 1314 2120 orationibus
1333 2047 1422 2118 beati
1438 2045 1504 2118 viri
1522 2045 1692 2119 Brunonis
1708 2045 1823 2119 extitit
1839 2056 1916 2119 anm

511 2166 686 2240 civitatem
717 2167 834 2264 Capua
864 2169 910 2244 de
937 2171 1097 2246 manibus
1122 2172 1271 2246 bostium
1299 2192 1441 2244 suemm
1469 2170 1637 2245 divinitus
1667 2170 1832 2244 liberatus
1857 2171 1916 2243 ubi

511 2291 711 2384 hujusmodi
735 2293 892 2389 hemines
913 2317 975 2368 seu
999 2295 1118 2368 villani
1137 2317 1218 2368 eum
1233 2295 1452 2368 odiosissime
1466 2295 1586 2390 Sergio
1606 2293 1834 2392 proditionem
1857 2315 1916 2368 ne·

509 2418 675 2513 quissime
688 2421 939 2515 procurabant3
957 2421 1205 2517 propterquod
1220 2420 1313 2494 idem
1329 2441 1444 2494 eomas
1463 2420 1697 2516 progenitores
1710 2419 1915 2513 prelatemm

510 2544 689 2618 bominum
714 2566 777 2619 seu
799 2545 1006 2619 villanorum
1034 2547 1204 2620 dictorum
1229 2546 1394 2620 casalium
1422 2545 1606 2641 participes
1628 2542 1776 2616 celando
1798 2543 1917 2639 predi·

510 2669 614 2742 tionis
635 2669 836 2763 hujusmodi
857 2669 894 2741 iu
923 2691 1042 2744 servos
1063 2679 1098 2744 et
1115 2669 1261 2742 heredes
1280 2690 1401 2743 eorum
1418 2678 1584 2766 perpetue
1604 2666 1697 2740 dicte
1715 2666 1916 2739 monasterio

511 2794 654 2868 tradidit
676 2803 711 2867 et
727 2795 830 2868 etiam
850 2793 1134 2870 indissolubiliter
1150 2794 1330 2890 obligavit.
1353 2793 1453 2868 Unde
1471 2791 1556 2867 dieti
1580 2790 1777 2864 monasterii
1795 2811 1916 2886 precu-

511 2929 603 2992 rator
624 2918 762 3015 petebat
782 2919 935 3014 prelatos
952 2919 1111 2994 hemines
1128 2941 1189 2994 seu
1204 2919 1353 2993 villanos
1367 2926 1505 2992 coaetos
1525 2938 1586 3013 per
1605 2937 1667 2989 nes
1684 2917 1789 3008 juxta
1811 2913 1915 3011 ipsius

513 3043 711 3116 monasterii
736 3042 910 3140 privilegii
930 3054 1082 3118 tenorem
1107 3045 1185 3139 cogi
1210 3055 1315 3140 atque
1336 3043 1497 3140 compelli
1518 3042 1565 3116 ad
1587 3050 1789 3138 perpetuam
1811 3037 1915 3112 servi·

514 3179 633 3244 tutem.
653 3169 779 3265 Sieque
795 3179 995 3266 procurater
1012 3170 1222 3265 prelatorum
1241 3171 1421 3244 bominum
1437 3191 1500 3242 seu
1513 3168 1722 3241 villanorum
1742 3164 1914 3262 quoddam

512 3293 777 3369 instrumentum
795 3296 1008 3369 remissionis
1023 3317 1085 3369 seu
1104 3295 1214 3390 gratie
1228 3296 1317 3369 laete
1332 3293 1465 3368 medem
1481 3293 1681 3367 bominibus
1700 3313 1764 3364 seu
1783 3289 1915 3364 villanis

510 3444 573 3518 per
596 3419 775 3517 quondam
799 3419 1020 3494 Guillelmum
1035 3420 1196 3494 abbatem
1218 3421 1415 3494 monasterii
1434 3419 1592 3516 prelibati
1609 3415 1766 3510 ejusdem
1786 3413 1916 3489 abbatis

510 3547 624 3642 sigillo
643 3554 677 3618 et
700 3545 953 3642 subscriptione
970 3565 1012 3618 ac
1028 3546 1275 3618 monachorum
1294 3545 1378 3618 dieti
1393 3541 1592 3617 monasterii
1610 3539 1917 3636 subscriptionibus

511 3671 760 3746 communitum
775 3671 875 3743 uobis
892 3671 938 3745 ad
958 3691 1078 3743 eorum
1102 3672 1271 3744 caumlam
1288 3671 1324 3743 in
1349 3669 1445 3743 curia
1461 3667 1689 3764 presentavit,
1708 3673 1743 3737 et
1759 3665 1854 3759 quod
1873 3663 1915 3735 ud

509 3798 578 3872 alia
597 3797 735 3872 servitiu
760 3804 978 3892 preterquam
1003 3793 1049 3868 ad
1068 3795 1126 3868 illa
1148 3794 1185 3866 in
1205 3795 1336 3890 prelato
1358 3793 1584 3866 instrumento
1599 3798 1758 3865 contenta
1775 3810 1844 3883 que
1859 3789 1915 3859 in-

509 3923 617 3997 ferius
637 3921 862 4016 designantur
883 3921 1014 4016 prelato
1037 3920 1245 3993 monasterio
1269 3919 1412 3992 minime
1430 3917 1645 3992 tenebantur.
1666 3913 1768 4000 Quod
1790 3914 1917 3986 instru-

510 4061 664 4125 mentum
681 4058 881 4145 precurater
898 4045 1096 4120 monasterii
1115 4045 1273 4143 prelibati
1291 4067 1406 4118 ceram
1424 4043 1524 4118 nebie
1540 4043 1577 4114 in
1591 4041 1687 4114 euna
1707 4023 1913 4134 recognovit.

510 4174 610 4249 Unde
629 4174 715 4250 visis
737 4182 772 4247 et
790 4173 970 4246 intellectis
988 4171 1182 4245 rationibus
1200 4170 1283 4244 dicti
1304 4169 1501 4244 monasterii
1522 4189 1584 4264 per
1605 4165 1745 4240 eosdem
1765 4163 1915 4238 bemines

511 4323 572 4374 seu
590 4301 735 4374 villanos
754 4297 856 4372 nobis
873 4299 910 4371 in
928 4297 1024 4371 curia
1042 4318 1105 4395 per
1122 4295 1276 4392 ipsorum
1293 4297 1555 4368 instrumentum
1574 4291 1733 4382 ostensis,
1751 4288 1915 4362 dictorum

511 4427 688 4500 bominum
714 4434 970 4520 procuratorem
996 4445 1117 4498 eorum
1140 4422 1279 4495 nemine
1301 4431 1336 4495 et
1352 4421 1492 4496 eosdem
1510 4418 1667 4492 bomines
1690 4437 1753 4488 seu
1778 4414 1917 4488 villanos

511 4554 559 4629 ad
577 4554 791 4649 infrascripta
808 4552 926 4626 debita
943 4553 979 4625 in
1001 4551 1095 4625 dicte
1112 4570 1232 4622 eornm
1252 4549 1362 4644 gratie
1382 4570 1445 4622 seu
1465 4545 1676 4620 remissionis
1697 4543 1918 4614 instrumento

513 4688 672 4756 contenta
696 4677 940 4752 sententialiter
960 4674 1231 4750 condemnamus
1249 4701 1258 4746 ι
1275 4675 1312 4748 iu
1337 4673 1458 4772 primis
1477 4670 1642 4746 videlieet
1661 4666 1757 4763 quod
1777 4664 1919 4760 quilibet
