4298 5898
533 547 595 612 482
1034 552 1249 621 Numidici
1274 551 1450 614 SECUNM
1763 555 1841 640 [dm.
1859 559 1949 621 1225

538 682 584 758 de
595 685 759 778 Pantanc,
771 687 946 764 secundus
958 689 1037 766 finis
1053 701 1108 768 est
1120 691 1178 768 vie
1192 688 1332 786 publica
1345 710 1408 786 per
1420 709 1527 784 quem
1538 687 1607 764 itur
1619 713 1641 764 e
1654 699 1771 765 monte
1784 692 1832 767 ad
1843 695 1950 768 Sano-

538 821 612 886 tum
628 815 795 890 ioannem
809 818 1023 914 Rotundum,
1036 819 1158 896 tertius
1171 815 1251 890 finis
1263 823 1317 892 est
1329 824 1419 892 terra
1435 816 1550 890 Sancti
1562 816 1729 892 Iohannis
1740 819 1778 891 in
1790 821 1902 894 lamis
1911 831 1951 894 e.

536 937 595 1012 viu
607 961 669 1035 per
684 964 790 1037 quam
803 943 873 1016 itur
887 967 909 1018 a
922 945 1016 1020 dicto
1031 945 1185 1020 Panteno
1201 963 1314 1036 usque
1329 939 1377 1014 ad
1390 942 1559 1037 Cumpum
1574 942 1696 1035 lutum,
1710 953 1855 1038 quartus
1869 943 1948 1018 bnis

536 1074 617 1137 sunt
635 1066 801 1159 murices3
826 1089 946 1144 omnes
969 1070 1056 1146 nlius
1076 1079 1183 1144 terras
1200 1068 1291 1142 cirea
1313 1066 1429 1163 ipsum
1448 1067 1640 1140 Pentanum
1660 1068 1848 1142 existentes
1867 1092 1945 1142 curn

535 1211 627 1284 aqua
656 1191 692 1263 in
718 1192 795 1288 ipso
815 1193 969 1269 Pantano
973 1244 1349 1269 ..........
1372 1211 1494 1266 omnes
1520 1191 1606 1264 eiius
1628 1192 1695 1288 ipsi
1719 1193 1943 1286 monasteri03

535 1336 660 1390 omues
671 1325 778 1392 terras
790 1341 861 1414 que
874 1328 957 1394 sunt
970 1321 1006 1392 in
1021 1319 1219 1415 Campolato
1231 1315 1386 1415 predicto
1397 1316 1603 1392 munasterio
1616 1318 1826 1414 pertinentes
1838 1341 1948 1416 usqne

534 1440 580 1514 ad
598 1441 793 1517 districtum
808 1444 930 1540 Reguli
948 1444 993 1518 ub
1017 1445 1112 1518 omni
1130 1452 1226 1539 purte
1239 1443 1330 1517 sicut
1349 1463 1441 1537 aqua
1457 1441 1649 1538 dependct;
1669 1464 1789 1517 omnes
1805 1444 1944 1539 domos,

534 1566 654 1642 uineas
679 1575 715 1642 ct
741 1577 848 1642 terres
873 1569 909 1641 in
934 1577 1046 1644 metro
1063 1569 1229 1644 Caverevi
1252 1576 1288 1641 et
1303 1577 1414 1642 cestro
1441 1565 1592 1663 Caprelis
1609 1566 1725 1642 eidem
1744 1573 1948 1644 moumterio

534 1692 762 1788 pertinentes,
781 1714 903 1767 omues
925 1692 1060 1786 domos,
1081 1693 1202 1767 vineas
1219 1701 1254 1766 et
1274 1701 1382 1768 terras
1396 1692 1434 1766 in
1456 1692 1596 1766 civitate
1610 1693 1742 1789 Siponti
1758 1702 1794 1766 ct
1810 1694 1948 1768 civitate

534 1817 661 1890 montis
673 1817 789 1890 Sancti
802 1817 925 1914 Angeii
942 1817 1035 1892 dicto
1048 1820 1254 1893 monasterio
1267 1818 1489 1914 pertinentes,
1504 1825 1539 1890 et
1551 1837 1673 1891 omnes
1686 1817 1772 1890 elias
1783 1816 1947 1894 dcmcset

534 1942 780 2037 possessiones,
798 1945 874 2016 loca
887 1953 922 2018 et
938 1944 1139 2037 tenimenta,
1157 1944 1293 2033 vinens,
1306 1943 1446 2034 olivete,
1457 1943 1576 2039 sylves
1586 1950 1623 2014 et
1639 1963 1780 2018 nemora
1797 1965 1944 2018 necnon

534 2065 663 2140 salinae
676 2076 712 2140 et
730 2067 937 2164 piscationes
953 2091 1023 2164 que
1036 2069 1169 2165 ubique
1185 2091 1247 2166 per
1260 2089 1407 2163 reguum
1422 2077 1577 2140 nocuum
1588 2068 1683 2160 justo
1699 2067 1798 2142 tituto
1816 2069 1943 2142 dicun

535 2193 780 2268 monasterium
795 2195 947 2268 noscitur
962 2193 1140 2292 possidere
1155 2203 1262 2290 atque
1275 2195 1311 2265 in
1326 2202 1427 2266 antea
1437 2193 1531 2285 juste
1546 2189 1596 2289 (a)
1610 2211 1671 2288 per
1685 2192 1858 2284 civitates,
1872 2216 1944 2268 ωε·

534 2327 604 2411 tre,
633 2318 732 2392 villas
758 2327 794 2392 et
821 2319 953 2417 oppida
981 2321 1173 2416 emptione,
1202 2317 1395 2409 oblatione,
1423 2315 1609 2390 donatione
1636 2325 1697 2389 aut
1727 2339 1946 2414 quocumque

533 2441 638 2517 modo
651 2442 757 2518 dante
772 2443 919 2518 Domino
933 2444 1057 2540 poterit
1073 2443 1236 2540 adipisci,
1251 2441 1345 2516 dicto
1361 2441 1568 2516 monasterio
1583 2440 1830 2517 confirmamus
1845 2453 1945 2539 atque

533 2567 771 2642 concedimus.
806 2569 975 2643 Volumus
1006 2568 1150 2664 insuper
1179 2577 1219 2638 nt
1251 2587 1312 2662 per
1338 2575 1448 2639 totum
1476 2565 1671 2640 dominium
1696 2578 1854 2641 nostmm
1886 2569 1943 2642 ubi

531 2694 766 2790 possessiones
779 2703 814 2767 et
827 2695 1014 2767 tenimenta
1031 2693 1164 2768 dictum
1176 2691 1423 2767 monesterium
1439 2691 1617 2782 babuerit,
1632 2693 1742 2786 possit
1755 2693 1898 2768 affidare
1911 2703 1944 2768 ct

533 2817 704 2912 diffidam,
722 2828 759 2892 et
773 2817 905 2914 ubique
921 2817 1081 2892 monachi
1099 2819 1157 2892 vel
1169 2817 1327 2891 homiues
1343 2815 1464 2912 prefati
1481 2815 1679 2890 monasterii
1693 2819 1827 2913 possint
1840 2820 1943 2893 iibere

538 2965 652 3018 emere
667 2954 703 3018 et
717 2944 867 3019 vendere
880 2964 1100 3039 quecumque
1115 2941 1300 3034 voluerint,
1316 2949 1352 3014 et
1368 2940 1505 3014 nullum
1513 2941 1591 3034 jus,
1605 2941 1777 3016 actionem
1792 2962 1855 3018 eeu
1870 2946 1941 3041 pta·

535 3069 697 3144 tosticum
727 3068 831 3142 elicui
852 3069 987 3141 solvere
1011 3075 1193 3142 teneantur
1217 3088 1260 3139 ac
1288 3087 1370 3140 cum
1395 3065 1559 3138 omnibus
1582 3063 1658 3138 eliis
1683 3067 1769 3140 lucis
1794 3078 1831 3141 et
1859 3079 1942 3142 teur-

535 3190 662 3264 mentis
683 3190 766 3265 dicti
786 3193 984 3264 monasterii
1010 3213 1072 3287 pro
1094 3191 1170 3264 suis
1197 3189 1406 3263 animalibus
1427 3189 1589 3264 detersas
1611 3192 1736 3284 iacere,
1760 3201 1797 3266 et
1817 3193 1943 3288 absque

534 3317 672 3390 lieentia
685 3316 819 3392 abbatis
833 3317 951 3390 nutius
968 3324 1145 3413 prmumat
1162 3315 1290 3388 intrare
1305 3314 1451 3390 ibidem.
1474 3312 1719 3390 Confirmantcs
1742 3327 1850 3414 atque
1867 3340 1943 3391 cun-

536 3441 698 3518 ccdentes
715 3443 810 3516 dicto
831 3443 1038 3516 monasterio
1055 3463 1118 3538 per
1137 3450 1242 3515 totum
1246 3493 1578 3514 .........
1606 3463 1673 3517 non
1693 3451 1810 3516 ‘emen
1826 3443 1943 3516 montis

534 3569 650 3642 Sancti
673 3567 796 3662 Angeti
820 3577 856 3641 et
872 3569 988 3658 Vasti,
1014 3567 1123 3664 possit
1144 3588 1208 3663 pro
1228 3565 1437 3640 animalibus
1456 3566 1530 3639 suis
1551 3567 1626 3640 sine
1648 3567 1777 3643 damno
1802 3569 1943 3662 alicujus

535 3711 664 3786 pesona
684 3700 719 3765 et
734 3714 844 3788 aquas
861 3693 1033 3788 recipere;
1051 3689 1271 3787 prohibentes
1286 3689 1411 3764 iterum
1428 3689 1466 3762 in
1482 3689 1728 3785 piscationibus
1745 3715 1836 3787 quas
1855 3693 1941 3767 idem

537 3819 783 3891 monasterium
807 3817 912 3891 habet
933 3817 970 3888 in
992 3837 1088 3888 mare
1106 3815 1239 3910 Siponti
1263 3824 1297 3887 et
1320 3815 1434 3888 Sancti
1456 3815 1581 3890 Leonis
1606 3823 1711 3910 atque
1734 3817 1772 3888 in
1796 3819 1942 3891 Pantano

535 3943 661 4018 Barerd
675 3945 792 4016 nullus
806 3944 938 4036 absque
957 3941 1097 4015 licentia
1117 3940 1254 4014 abbutis
1271 3940 1490 4012 Pulsanensis
1511 3938 1639 4013 undeet
1658 3944 1778 4013 veneri
1799 3944 1855 4015 vel
1876 3943 1941 4039 pis·

536 4067 619 4142 curi.
646 4067 704 4141 Ad
729 4076 923 4142 extremum
953 4087 1104 4160 namque
1129 4065 1231 4138 telem
1254 4063 1470 4137 fruncbitiam
1490 4073 1526 4137 et
1549 4063 1738 4136 libertatem
1759 4054 1854 4139 dicto
1875 4085 1943 4138 mc-

536 4191 684 4266 neeterio
704 4192 844 4264 Pulsani
866 4190 1109 4264 confirmamus
1133 4197 1238 4283 atque
1257 4187 1478 4262 concedimus
1500 4197 1536 4262 et
1555 4209 1675 4261 omnes
1689 4188 1825 4263 oblatos
1839 4190 1897 4286 qui
1909 4211 1942 4262 se

537 4327 572 4392 ct
589 4319 680 4393 bona
698 4339 762 4390 sue
775 4317 869 4392 dicto
885 4317 1092 4390 monasterio
1116 4313 1356 4389 dedicaverint
1379 4314 1425 4387 ab
1442 4313 1535 4388 omni
1559 4314 1723 4409 collecta,
1750 4319 1940 4409 exactione,

539 4443 678 4516 servitio
701 4463 763 4514 seu
793 4443 995 4537 manamine
1016 4443 1142 4516 liberes
1169 4462 1246 4515 esse
1269 4443 1430 4516 volumus
1455 4450 1490 4514 et
1515 4439 1710 4532 absolutos;
1729 4452 1766 4515 et
1780 4443 1811 4517 si
1828 4441 1941 4538 aliquis

581 4701 622 4784 (a)
643 4705 679 4766 In
692 4705 948 4786 impressojuetn,
964 4707 1050 4768 mele.

2129 1661 2131 1702 t

2130 1843 2131 1894 i
