4298 5898
512 459 575 524 478
1019 457 1231 523 sulcante!
1257 461 1430 524 saeuum
1739 463 1821 544 [dra.
1841 466 1939 529 1225.

521 595 619 694 qnod
634 605 670 669 lu
685 603 792 670 terras
811 594 1112 692 predecessoribus
1126 599 1196 672 tuis
1215 609 1249 674 el
1263 599 1326 674 tibi
1347 621 1369 674 a
1391 599 1491 674 nobis
1511 607 1547 674 et
1566 599 1712 698 imperio
1736 602 1943 676 inlaudatus

519 725 682 815 alienare,
697 723 827 796 donare
842 731 877 794 et
891 721 1043 796 vendere
1060 745 1123 818 pro
1137 724 1226 798 velle
1244 733 1305 798 tuo
1322 725 1494 821 presumis
1511 725 1549 797 in
1566 725 1702 824 imperii
1724 728 1832 801 nostri
1853 750 1939 826 pre-

515 848 689 942 judicium
709 856 744 921 et
760 869 958 944 gravamen.
979 848 1065 920 Cum
1083 847 1188 942 igitur
1203 848 1297 923 istud
1319 869 1389 922 nou
1404 847 1594 924 debeamus
1610 851 1839 946 equanimiter
1851 875 1937 926 sus

522 975 643 1062 tinere,
665 974 819 1049 fidelitati
838 985 897 1048 tue
913 972 1055 1048 firmiter
1069 973 1290 1072 precipiendo
1303 975 1511 1050 mandamus
1523 987 1696 1071 quatenus
1710 1001 1938 1076 quecumque

525 1125 546 1175 e
568 1100 730 1196 predictis
748 1101 847 1174 terris
870 1100 940 1173 tuis
962 1099 1160 1174 feudalibus
1181 1099 1318 1174 dudum
1342 1101 1546 1176 alienaveris
1569 1111 1606 1176 et
1625 1105 1851 1197 conoessum,
1876 1105 1936 1178 in·

521 1235 616 1322 tegre
628 1225 673 1298 ad
688 1246 811 1298 manus
826 1234 904 1298 tuas
921 1224 1062 1298 studeas
1074 1246 1253 1316 revocure,
1273 1247 1337 1298 nec
1351 1225 1396 1300 de
1408 1233 1521 1299 octeno
1533 1247 1577 1300 ex
1590 1226 1642 1298 eis
1651 1226 1782 1322 aliquid
1796 1227 1935 1324 εὼεᾳυο

518 1372 688 1424 consensu
704 1358 821 1423 nostro
837 1359 872 1423 et
889 1349 1025 1445 imperii
1046 1348 1176 1424 donare
1192 1371 1253 1422 seu
1273 1350 1421 1423 alienare
1434 1371 1627 1446 presumas.

569 1478 694 1548 Datum
710 1477 886 1570 Panormi,
903 1477 1025 1548 ultimo
1045 1475 1176 1570 martii,
1195 1477 1272 1549 ΧΗ]
1293 1475 1494 1550 indictione.

1501 1787 1685 1798 ’,νοω-Ι.-

575 2078 682 2164 Tunc
699 2077 904 2186 imperator
921 2076 1001 2186 ipse
1018 2073 1182 2158 barones
1199 2099 1332 2158 omnes
1349 2085 1388 2158 el
1405 2073 1543 2158 milites
1560 2071 1777 2159 infeudatos
1795 2073 1843 2156 ad
1861 2072 1931 2157 Sa-

521 2238 747 2298 racenorum
764 2209 1028 2294 confusionem
1042 2210 1082 2291 iu
1097 2207 1265 2290 Siciliam
1283 2218 1411 2314 vocat,
1432 2219 1470 2292 et
1486 2219 1577 2291 tunc
1594 2209 1675 2320 ipse
1693 2209 1734 2292 in
1753 2207 1928 2319 Apuliam

520 2349 635 2434 venit.
656 2347 756 2432 Buce.
773 2372 819 2428 nu
834 2345 874 2430 S.
895 2345 1015 2430 Gaura.
1033 2343 1224 2452 chronic,
1240 2347 1291 2426 ad
1309 2371 1398 2425 ouo.

1524 2653 1691 2666 w-

373 2981 386 3011 0
422 2981 462 3068 05’
575 2952 787 3038 Fridericus
798 3012 810 3055 ,
832 2950 1093 3033 Romanorum
1110 2949 1333 3057 imperator,
1355 2947 1429 3032 sub
1445 2947 1675 3057 protectione
1694 2973 1766 3030 sua
1784 2947 1925 3058 speciali

523 3089 655 3199 recipit
685 3085 957 3170 monasterium
986 3082 1183 3192 Speciosae
1213 3081 1332 3165 Vallis
1356 3079 1618 3193 (Schonlhal)
1642 3107 1733 3164 cum
1755 3081 1924 3166 omnibus

525 3225 607 3338 ejus
631 3221 761 3324 bonis,
783 3231 821 3303 et
839 3218 1049 3328 specialiter
1066 3216 1344 3326 possessionem
1363 3216 1411 3297 de
1428 3214 1607 3325 Biringen
1625 3241 1746 3325 quam
1768 3215 1818 3298 ab
1834 3214 1926 3297 llen-

525 3359 604 3443 rieo
631 3358 679 3440 de
697 3353 921 3466 Laugeberg
946 3359 983 3435 et
1011 3350 1186 3435 Conrado
1217 3349 1265 3434 de
1292 3347 1508 3434 Crantheim
1531 3347 1633 3431 idem
1661 3349 1926 3434 monasterium

523 3494 627 3580 emit.

606 3707 726 3786 <inedie
744 3721 783 3766 ex
802 3705 947 3776 husu,
965 3699 1070 3764 dhon.
1085 3697 1244 3776 semna„
1259 3699 1343 3781 MSS.
1359 3700 1450 3762 unul.
1469 3701 1571 3781 xvn,
1584 3699 1636 3762 iol.
1654 3709 1727 3776 186,
1742 3703 1775 3762 ln
1792 3700 1925 3804 arulum

647 3818 804 3892 stuttgart
818 3843 856 3857 -
868 3811 906 3872 Et
923 3828 961 3870 ex
974 3812 1059 3888 oopla
1070 3810 1242 3871 numantiae
1254 3811 1285 3870 ln
1300 3808 1382 3870 arch.
1397 3807 1553 3888 stuttgart.
1567 3807 1653 3869 nobis
1665 3824 1684 3869 a
1696 3809 1840 3870 Kaualena
1851 3825 1926 3870 oom-

643 3921 815 3996 munlcutu)
1247 3943 1250 3951 ·
1315 3938 1318 3947 ·

578 4111 773 4186 Friderious
798 4108 861 4181 Dei
885 4107 994 4202 gratia
1017 4106 1248 4179 Romanorum
1269 4103 1470 4201 imperator,
1490 4126 1625 4202 semper
1639 4114 1858 4202 augnmuset
1872 4123 1930 4178 res

532 4239 660 4316 Sicilie.
679 4237 743 4312 Per
760 4256 902 4332 presens
917 4232 1083 4329 scriptum
1098 4239 1216 4303 notum
1234 4230 1379 4303 iacimus
1392 4228 1565 4304 universis
1577 4229 1712 4326 imperii
1726 4231 1833 4305 nostri
1848 4230 1930 4304 lide-

530 4365 623 4438 libus
650 4373 720 4436 tam
744 4358 960 4458 presentibus
982 4378 1089 4453 quam
1114 4355 1239 4427 futuris
1267 4353 1363 4450 quod
1387 4375 1450 4427 nos
1478 4354 1570 4427 illius
1591 4353 1720 4428 intuitu
1745 4377 1809 4451 per
1834 4373 1928 4450 quam

535 4489 678 4564 feliciter
694 4487 847 4562 vivimus
864 4494 900 4557 el
913 4503 1110 4577 regnamus,
1130 4479 1377 4553 monasterium
1396 4478 1557 4576 Speciosa
1572 4473 1692 4569 Vallis,
1711 4479 1845 4553 ordinis
1858 4477 1931 4551 Cis-

533 4611 727 4705 terciensis,
753 4610 933 4702 abbalem‚
958 4613 1168 4680 conventum
1183 4613 1219 4678 el
1235 4603 1352 4679 omnia
1373 4602 1531 4678 bonoad
1556 4604 1672 4700 ipsum
1693 4605 1930 4679 monasterium
