<?xml version="1.0" encoding="UTF-8"?>
<!DOCTYPE html PUBLIC "-//W3C//DTD XHTML 1.0 Transitional//EN"
    "http://www.w3.org/TR/xhtml1/DTD/xhtml1-transitional.dtd">
<html xmlns="http://www.w3.org/1999/xhtml" xml:lang="en" lang="en">
 <head>
  <title>
</title>
<meta http-equiv="Content-Type" content="text/html;charset=utf-8" />
  <meta name='ocr-system' content='tesseract 3.04.00' />
  <meta name='ocr-capabilities' content='ocr_page ocr_carea ocr_par ocr_line ocrx_word'/>
</head>
<body>
  <div class='ocr_page' id='page_1' title='image "./historiadiploma08fredgoog_0430.png"; bbox 0 0 4298 5898; ppageno 0'>
   <div class='ocr_carea' id='block_1_1' title="bbox 547 565 1953 651">
    <p class='ocr_par' dir='ltr' id='par_1_1' title="bbox 547 565 1953 651">
     <span class='ocr_line' id='line_1_1' title="bbox 547 565 1953 651; baseline 0.006 -23"><span class='ocrx_word' id='word_1_1' title='bbox 547 565 609 628; x_wconf 77' lang='lat' dir='ltr'><strong>tia</strong></span> <span class='ocrx_word' id='word_1_2' title='bbox 1055 566 1268 630; x_wconf 80' lang='lat' dir='ltr'><strong>iitibliitici</strong></span> <span class='ocrx_word' id='word_1_3' title='bbox 1294 567 1466 630; x_wconf 70' lang='lat' dir='ltr'><strong>secono}</strong></span> <span class='ocrx_word' id='word_1_4' title='bbox 1774 570 1853 651; x_wconf 76' lang='lat' dir='ltr'><strong>[in.</strong></span> <span class='ocrx_word' id='word_1_5' title='bbox 1872 573 1953 637; x_wconf 62' lang='lat'><strong>1224</strong></span> 
     </span>
    </p>
   </div>
   <div class='ocr_carea' id='block_1_2' title="bbox 631 701 1955 894">
    <p class='ocr_par' dir='ltr' id='par_1_2' title="bbox 631 701 1955 894">
     <span class='ocr_line' id='line_1_2' title="bbox 631 701 1955 790; baseline 0.008 -29"><span class='ocrx_word' id='word_1_6' title='bbox 631 701 1076 778; x_wconf 79' lang='lat' dir='ltr'><strong>(Edid.Tmaooscn1,lleotor.</strong></span> <span class='ocrx_word' id='word_1_7' title='bbox 1092 701 1223 782; x_wconf 71' lang='lat' dir='ltr'><strong>aledea„</strong></span> <span class='ocrx_word' id='word_1_8' title='bbox 1235 711 1260 766; x_wconf 89' lang='lat' dir='ltr'><strong>t.</strong></span> <span class='ocrx_word' id='word_1_9' title='bbox 1271 705 1324 778; x_wconf 86' lang='lat' dir='ltr'><strong>iv,</strong></span> <span class='ocrx_word' id='word_1_10' title='bbox 1337 705 1460 784; x_wconf 78' lang='lat' dir='ltr'><strong>append.</strong></span> <span class='ocrx_word' id='word_1_11' title='bbox 1475 723 1504 785; x_wconf 89' lang='lat' dir='ltr'><strong>p.</strong></span> <span class='ocrx_word' id='word_1_12' title='bbox 1522 714 1574 785; x_wconf 80' lang='lat'><strong>8⁰,</strong></span> <span class='ocrx_word' id='word_1_13' title='bbox 1590 715 1624 766; x_wconf 89' lang='lat' dir='ltr'><strong>n·</strong></span> <span class='ocrx_word' id='word_1_14' title='bbox 1637 715 1712 780; x_wconf 76' lang='lat'><strong>⁷⁵2,</strong></span> <span class='ocrx_word' id='word_1_15' title='bbox 1723 724 1762 770; x_wconf 82' lang='lat' dir='ltr'><strong>ox</strong></span> <span class='ocrx_word' id='word_1_16' title='bbox 1774 711 1909 790; x_wconf 70' lang='lat' dir='ltr'><strong>originali</strong></span> <span class='ocrx_word' id='word_1_17' title='bbox 1927 713 1955 772; x_wconf 81' lang='lat' dir='ltr'><strong>bi</strong></span> 
     </span>
     <span class='ocr_line' id='line_1_3' title="bbox 670 807 1085 894; baseline 0.012 -24"><span class='ocrx_word' id='word_1_18' title='bbox 670 807 792 870; x_wconf 83' lang='lat' dir='ltr'><strong>arobiro</strong></span> <span class='ocrx_word' id='word_1_19' title='bbox 807 811 934 890; x_wconf 82' lang='lat' dir='ltr'><strong>episcop.</strong></span> <span class='ocrx_word' id='word_1_20' title='bbox 951 810 1085 894; x_wconf 80' lang='lat' dir='ltr'><strong>Regino)</strong></span> 
     </span>
    </p>
   </div>
   <div class='ocr_carea' id='block_1_3' title="bbox 536 968 1954 4815">
    <p class='ocr_par' dir='ltr' id='par_1_3' title="bbox 539 968 1954 2694">
     <span class='ocr_line' id='line_1_4' title="bbox 596 968 1954 1050; baseline 0.006 -8"><span class='ocrx_word' id='word_1_21' title='bbox 596 970 796 1044; x_wconf 90' lang='lat' dir='ltr'><strong>innomine</strong></span> <span class='ocrx_word' id='word_1_22' title='bbox 819 980 937 1046; x_wconf 85' lang='lat' dir='ltr'><strong>sancte</strong></span> <span class='ocrx_word' id='word_1_23' title='bbox 959 981 993 1046; x_wconf 91' lang='lat' dir='ltr'><strong>et</strong></span> <span class='ocrx_word' id='word_1_24' title='bbox 1019 971 1203 1048; x_wconf 89' lang='lat' dir='ltr'><strong>individue</strong></span> <span class='ocrx_word' id='word_1_25' title='bbox 1219 971 1406 1046; x_wconf 74' lang='lat' dir='ltr'><strong>Trinitatis.</strong></span> <span class='ocrx_word' id='word_1_26' title='bbox 1422 968 1618 1046; x_wconf 85' lang='lat' dir='ltr'><strong>Fridericus</strong></span> <span class='ocrx_word' id='word_1_27' title='bbox 1641 973 1816 1048; x_wconf 71' lang='lat' dir='ltr'><strong>moundus</strong></span> <span class='ocrx_word' id='word_1_28' title='bbox 1838 973 1954 1050; x_wconf 81' lang='lat' dir='ltr'><strong>divina</strong></span> 
     </span>
     <span class='ocr_line' id='line_1_5' title="bbox 545 1096 1951 1194; baseline 0.003 -26"><span class='ocrx_word' id='word_1_29' title='bbox 545 1096 684 1170; x_wconf 84' lang='lat' dir='ltr'><strong>iaveute</strong></span> <span class='ocrx_word' id='word_1_30' title='bbox 701 1097 881 1170; x_wconf 87' lang='lat' dir='ltr'><strong>elementia</strong></span> <span class='ocrx_word' id='word_1_31' title='bbox 897 1097 1129 1172; x_wconf 83' lang='lat' dir='ltr'><strong>Romanorum</strong></span> <span class='ocrx_word' id='word_1_32' title='bbox 1144 1097 1341 1194; x_wconf 88' lang='lat' dir='ltr'><strong>imperator,</strong></span> <span class='ocrx_word' id='word_1_33' title='bbox 1362 1118 1497 1193; x_wconf 90' lang='lat' dir='ltr'><strong>semper</strong></span> <span class='ocrx_word' id='word_1_34' title='bbox 1513 1106 1688 1191; x_wconf 87' lang='lat' dir='ltr'><strong>augustus</strong></span> <span class='ocrx_word' id='word_1_35' title='bbox 1703 1106 1739 1172; x_wconf 91' lang='lat' dir='ltr'><strong>et</strong></span> <span class='ocrx_word' id='word_1_36' title='bbox 1753 1119 1817 1172; x_wconf 84' lang='lat' dir='ltr'><strong>rex</strong></span> <span class='ocrx_word' id='word_1_37' title='bbox 1830 1100 1951 1174; x_wconf 83' lang='lat' dir='ltr'><strong>Sicilie.</strong></span> 
     </span>
     <span class='ocr_line' id='line_1_6' title="bbox 543 1221 1954 1318; baseline 0 -22"><span class='ocrx_word' id='word_1_38' title='bbox 543 1221 649 1296; x_wconf 81' lang='lat' dir='ltr'><strong>Decet</strong></span> <span class='ocrx_word' id='word_1_39' title='bbox 665 1221 853 1317; x_wconf 88' lang='lat' dir='ltr'><strong>imperialis</strong></span> <span class='ocrx_word' id='word_1_40' title='bbox 873 1223 1077 1297; x_wconf 79' lang='lat' dir='ltr'><strong>excellentie</strong></span> <span class='ocrx_word' id='word_1_41' title='bbox 1094 1221 1299 1318; x_wconf 87' lang='lat' dir='ltr'><strong>dignitatem</strong></span> <span class='ocrx_word' id='word_1_42' title='bbox 1321 1221 1544 1295; x_wconf 87' lang='lat' dir='ltr'><strong>ecclesiarum</strong></span> <span class='ocrx_word' id='word_1_43' title='bbox 1563 1221 1626 1294; x_wconf 83' lang='lat' dir='ltr'><strong>liei</strong></span> <span class='ocrx_word' id='word_1_44' title='bbox 1645 1222 1829 1296; x_wconf 87' lang='lat' dir='ltr'><strong>clementer</strong></span> <span class='ocrx_word' id='word_1_45' title='bbox 1845 1225 1954 1296; x_wconf 89' lang='lat' dir='ltr'><strong>instu-</strong></span> 
     </span>
     <span class='ocr_line' id='line_1_7' title="bbox 542 1344 1953 1444; baseline 0.001 -25"><span class='ocrx_word' id='word_1_46' title='bbox 542 1344 625 1420; x_wconf 85' lang='lat' dir='ltr'><strong>dere</strong></span> <span class='ocrx_word' id='word_1_47' title='bbox 649 1345 860 1442; x_wconf 78' lang='lat' dir='ltr'><strong>profectibus</strong></span> <span class='ocrx_word' id='word_1_48' title='bbox 877 1368 919 1421; x_wconf 88' lang='lat' dir='ltr'><strong>ac</strong></span> <span class='ocrx_word' id='word_1_49' title='bbox 943 1347 1002 1444; x_wconf 91' lang='lat' dir='ltr'><strong>pie</strong></span> <span class='ocrx_word' id='word_1_50' title='bbox 1028 1368 1231 1444; x_wconf 88' lang='lat' dir='ltr'><strong>promovere</strong></span> <span class='ocrx_word' id='word_1_51' title='bbox 1250 1345 1347 1442; x_wconf 90' lang='lat' dir='ltr'><strong>quod</strong></span> <span class='ocrx_word' id='word_1_52' title='bbox 1363 1346 1457 1440; x_wconf 86' lang='lat' dir='ltr'><strong>juste</strong></span> <span class='ocrx_word' id='word_1_53' title='bbox 1476 1345 1604 1442; x_wconf 90' lang='lat' dir='ltr'><strong>petitur</strong></span> <span class='ocrx_word' id='word_1_54' title='bbox 1622 1346 1667 1420; x_wconf 88' lang='lat' dir='ltr'><strong>ab</strong></span> <span class='ocrx_word' id='word_1_55' title='bbox 1695 1347 1846 1438; x_wconf 86' lang='lat' dir='ltr'><strong>eisdem,</strong></span> <span class='ocrx_word' id='word_1_56' title='bbox 1866 1356 1953 1420; x_wconf 88' lang='lat' dir='ltr'><strong>utet</strong></span> 
     </span>
     <span class='ocr_line' id='line_1_8' title="bbox 541 1470 1952 1569; baseline 0.001 -26"><span class='ocrx_word' id='word_1_57' title='bbox 541 1470 824 1568; x_wconf 88' lang='lat' dir='ltr'><strong>predecessorum</strong></span> <span class='ocrx_word' id='word_1_58' title='bbox 843 1471 1041 1569; x_wconf 81' lang='lat' dir='ltr'><strong>principum</strong></span> <span class='ocrx_word' id='word_1_59' title='bbox 1055 1471 1224 1547; x_wconf 81' lang='lat' dir='ltr'><strong>beneficia</strong></span> <span class='ocrx_word' id='word_1_60' title='bbox 1239 1471 1345 1568; x_wconf 87' lang='lat' dir='ltr'><strong>digna</strong></span> <span class='ocrx_word' id='word_1_61' title='bbox 1361 1471 1559 1568; x_wconf 79' lang='lat' dir='ltr'><strong>provisione</strong></span> <span class='ocrx_word' id='word_1_62' title='bbox 1576 1471 1739 1568; x_wconf 86' lang='lat' dir='ltr'><strong>respiciat</strong></span> <span class='ocrx_word' id='word_1_63' title='bbox 1755 1480 1790 1545; x_wconf 92' lang='lat' dir='ltr'><strong>et</strong></span> <span class='ocrx_word' id='word_1_64' title='bbox 1806 1473 1952 1568; x_wconf 88' lang='lat' dir='ltr'><strong>ipsorum</strong></span> 
     </span>
     <span class='ocr_line' id='line_1_9' title="bbox 540 1596 1953 1694; baseline -0.002 -23"><span class='ocrx_word' id='word_1_65' title='bbox 540 1598 771 1694; x_wconf 74' lang='lat' dir='ltr'><strong>integritatem</strong></span> <span class='ocrx_word' id='word_1_66' title='bbox 795 1599 1001 1674; x_wconf 77' lang='lat' dir='ltr'><strong>iiberalitate</strong></span> <span class='ocrx_word' id='word_1_67' title='bbox 1023 1599 1199 1674; x_wconf 89' lang='lat' dir='ltr'><strong>cumulata</strong></span> <span class='ocrx_word' id='word_1_68' title='bbox 1220 1608 1413 1672; x_wconf 88' lang='lat' dir='ltr'><strong>conservet.</strong></span> <span class='ocrx_word' id='word_1_69' title='bbox 1436 1598 1524 1672; x_wconf 89' lang='lat' dir='ltr'><strong>llinc</strong></span> <span class='ocrx_word' id='word_1_70' title='bbox 1548 1605 1601 1670; x_wconf 88' lang='lat' dir='ltr'><strong>est</strong></span> <span class='ocrx_word' id='word_1_71' title='bbox 1621 1597 1739 1693; x_wconf 89' lang='lat' dir='ltr'><strong>itaque</strong></span> <span class='ocrx_word' id='word_1_72' title='bbox 1757 1598 1854 1692; x_wconf 85' lang='lat' dir='ltr'><strong>quod</strong></span> <span class='ocrx_word' id='word_1_73' title='bbox 1871 1596 1953 1670; x_wconf 91' lang='lat' dir='ltr'><strong>uni·</strong></span> 
     </span>
     <span class='ocr_line' id='line_1_10' title="bbox 539 1722 1951 1821; baseline 0 -25"><span class='ocrx_word' id='word_1_74' title='bbox 539 1724 652 1797; x_wconf 82' lang='lat' dir='ltr'><strong>versis</strong></span> <span class='ocrx_word' id='word_1_75' title='bbox 670 1722 833 1798; x_wconf 84' lang='lat' dir='ltr'><strong>fidelibus</strong></span> <span class='ocrx_word' id='word_1_76' title='bbox 852 1725 978 1798; x_wconf 90' lang='lat' dir='ltr'><strong>uostris</strong></span> <span class='ocrx_word' id='word_1_77' title='bbox 994 1736 1064 1798; x_wconf 88' lang='lat' dir='ltr'><strong>tam</strong></span> <span class='ocrx_word' id='word_1_78' title='bbox 1083 1725 1260 1800; x_wconf 81' lang='lat' dir='ltr'><strong>modernis</strong></span> <span class='ocrx_word' id='word_1_79' title='bbox 1275 1745 1381 1821; x_wconf 90' lang='lat' dir='ltr'><strong>quam</strong></span> <span class='ocrx_word' id='word_1_80' title='bbox 1400 1723 1546 1820; x_wconf 85' lang='lat' dir='ltr'><strong>posteris</strong></span> <span class='ocrx_word' id='word_1_81' title='bbox 1561 1724 1725 1797; x_wconf 87' lang='lat' dir='ltr'><strong>volumus</strong></span> <span class='ocrx_word' id='word_1_82' title='bbox 1744 1743 1822 1798; x_wconf 85' lang='lat' dir='ltr'><strong>ease</strong></span> <span class='ocrx_word' id='word_1_83' title='bbox 1838 1733 1951 1796; x_wconf 86' lang='lat' dir='ltr'><strong>uotum</strong></span> 
     </span>
     <span class='ocr_line' id='line_1_11' title="bbox 542 1847 1950 1947; baseline 0 -27"><span class='ocrx_word' id='word_1_84' title='bbox 542 1847 638 1944; x_wconf 92' lang='lat' dir='ltr'><strong>quod</strong></span> <span class='ocrx_word' id='word_1_85' title='bbox 654 1847 862 1922; x_wconf 81' lang='lat' dir='ltr'><strong>venerabilis</strong></span> <span class='ocrx_word' id='word_1_86' title='bbox 880 1848 1060 1944; x_wconf 77' lang='lat' dir='ltr'><strong>Regiensis</strong></span> <span class='ocrx_word' id='word_1_87' title='bbox 1078 1851 1280 1947; x_wconf 87' lang='lat' dir='ltr'><strong>episcopos,</strong></span> <span class='ocrx_word' id='word_1_88' title='bbox 1302 1847 1414 1922; x_wconf 84' lang='lat' dir='ltr'><strong>fidelis</strong></span> <span class='ocrx_word' id='word_1_89' title='bbox 1429 1858 1560 1942; x_wconf 82' lang='lat' dir='ltr'><strong>nostor,</strong></span> <span class='ocrx_word' id='word_1_90' title='bbox 1581 1848 1762 1944; x_wconf 82' lang='lat' dir='ltr'><strong>quoddam</strong></span> <span class='ocrx_word' id='word_1_91' title='bbox 1782 1849 1950 1944; x_wconf 86' lang='lat' dir='ltr'><strong>solempne</strong></span> 
     </span>
     <span class='ocr_line' id='line_1_12' title="bbox 542 1972 1950 2071; baseline -0.001 -25"><span class='ocrx_word' id='word_1_92' title='bbox 542 1972 722 2068; x_wconf 86' lang='lat' dir='ltr'><strong>scriptum,</strong></span> <span class='ocrx_word' id='word_1_93' title='bbox 743 1995 763 2046; x_wconf 91' lang='lat' dir='ltr'><strong>a</strong></span> <span class='ocrx_word' id='word_1_94' title='bbox 778 1972 870 2046; x_wconf 85' lang='lat' dir='ltr'><strong>clare</strong></span> <span class='ocrx_word' id='word_1_95' title='bbox 886 1975 1051 2048; x_wconf 89' lang='lat' dir='ltr'><strong>memorie</strong></span> <span class='ocrx_word' id='word_1_96' title='bbox 1063 1972 1148 2048; x_wconf 87' lang='lat' dir='ltr'><strong>divo</strong></span> <span class='ocrx_word' id='word_1_97' title='bbox 1165 1982 1313 2068; x_wconf 88' lang='lat' dir='ltr'><strong>augusto</strong></span> <span class='ocrx_word' id='word_1_98' title='bbox 1329 1972 1471 2047; x_wconf 91' lang='lat' dir='ltr'><strong>domiuo</strong></span> <span class='ocrx_word' id='word_1_99' title='bbox 1485 1973 1633 2047; x_wconf 73' lang='lat' dir='ltr'><strong>llenuoo</strong></span> <span class='ocrx_word' id='word_1_100' title='bbox 1647 1983 1744 2071; x_wconf 86' lang='lat' dir='ltr'><strong>patre</strong></span> <span class='ocrx_word' id='word_1_101' title='bbox 1760 1983 1877 2046; x_wconf 84' lang='lat' dir='ltr'><strong>nostm</strong></span> <span class='ocrx_word' id='word_1_102' title='bbox 1893 1993 1950 2045; x_wconf 89' lang='lat' dir='ltr'><strong>ec-</strong></span> 
     </span>
     <span class='ocr_line' id='line_1_13' title="bbox 543 2096 1949 2195; baseline -0.001 -25"><span class='ocrx_word' id='word_1_103' title='bbox 543 2096 646 2170; x_wconf 87' lang='lat' dir='ltr'><strong>clesie</strong></span> <span class='ocrx_word' id='word_1_104' title='bbox 666 2097 827 2192; x_wconf 87' lang='lat' dir='ltr'><strong>liegiensi</strong></span> <span class='ocrx_word' id='word_1_105' title='bbox 852 2097 1038 2172; x_wconf 88' lang='lat' dir='ltr'><strong>liberaliter</strong></span> <span class='ocrx_word' id='word_1_106' title='bbox 1055 2111 1090 2172; x_wconf 91' lang='lat' dir='ltr'><strong>et</strong></span> <span class='ocrx_word' id='word_1_107' title='bbox 1105 2099 1291 2172; x_wconf 88' lang='lat' dir='ltr'><strong>elementer</strong></span> <span class='ocrx_word' id='word_1_108' title='bbox 1306 2097 1494 2188; x_wconf 92' lang='lat' dir='ltr'><strong>indultum,</strong></span> <span class='ocrx_word' id='word_1_109' title='bbox 1520 2108 1636 2172; x_wconf 87' lang='lat' dir='ltr'><strong>nostre</strong></span> <span class='ocrx_word' id='word_1_110' title='bbox 1659 2099 1754 2172; x_wconf 90' lang='lat' dir='ltr'><strong>curie</strong></span> <span class='ocrx_word' id='word_1_111' title='bbox 1771 2119 1836 2195; x_wconf 80' lang='lat' dir='ltr'><strong>peu</strong></span> <span class='ocrx_word' id='word_1_112' title='bbox 1854 2119 1949 2170; x_wconf 89' lang='lat' dir='ltr'><strong>suum</strong></span> 
     </span>
     <span class='ocr_line' id='line_1_14' title="bbox 542 2222 1949 2320; baseline 0 -26"><span class='ocrx_word' id='word_1_113' title='bbox 542 2222 727 2319; x_wconf 82' lang='lat' dir='ltr'><strong>specialem</strong></span> <span class='ocrx_word' id='word_1_114' title='bbox 741 2222 902 2295; x_wconf 89' lang='lat' dir='ltr'><strong>nuntium</strong></span> <span class='ocrx_word' id='word_1_115' title='bbox 916 2225 1140 2320; x_wconf 87' lang='lat' dir='ltr'><strong>presentavit,</strong></span> <span class='ocrx_word' id='word_1_116' title='bbox 1157 2223 1358 2320; x_wconf 87' lang='lat' dir='ltr'><strong>suppliciter</strong></span> <span class='ocrx_word' id='word_1_117' title='bbox 1373 2222 1579 2318; x_wconf 89' lang='lat' dir='ltr'><strong>postulando</strong></span> <span class='ocrx_word' id='word_1_118' title='bbox 1595 2231 1635 2294; x_wconf 90' lang='lat' dir='ltr'><strong>ut</strong></span> <span class='ocrx_word' id='word_1_119' title='bbox 1650 2223 1751 2316; x_wconf 89' lang='lat' dir='ltr'><strong>qnia,</strong></span> <span class='ocrx_word' id='word_1_120' title='bbox 1767 2222 1860 2296; x_wconf 86' lang='lat' dir='ltr'><strong>sicut</strong></span> <span class='ocrx_word' id='word_1_121' title='bbox 1871 2243 1949 2319; x_wconf 92' lang='lat' dir='ltr'><strong>pre-</strong></span> 
     </span>
     <span class='ocr_line' id='line_1_15' title="bbox 542 2345 1949 2443; baseline -0.003 -21"><span class='ocrx_word' id='word_1_122' title='bbox 542 2346 627 2422; x_wconf 89' lang='lat' dir='ltr'><strong>dicti</strong></span> <span class='ocrx_word' id='word_1_123' title='bbox 651 2348 784 2443; x_wconf 88' lang='lat' dir='ltr'><strong>paterni</strong></span> <span class='ocrx_word' id='word_1_124' title='bbox 803 2347 922 2443; x_wconf 89' lang='lat' dir='ltr'><strong>scripti</strong></span> <span class='ocrx_word' id='word_1_125' title='bbox 942 2349 1198 2422; x_wconf 86' lang='lat' dir='ltr'><strong>concessionem</strong></span> <span class='ocrx_word' id='word_1_126' title='bbox 1225 2349 1379 2423; x_wconf 83' lang='lat' dir='ltr'><strong>obtinere</strong></span> <span class='ocrx_word' id='word_1_127' title='bbox 1403 2345 1599 2443; x_wconf 80' lang='lat' dir='ltr'><strong>gaudebat,</strong></span> <span class='ocrx_word' id='word_1_128' title='bbox 1625 2347 1676 2420; x_wconf 90' lang='lat' dir='ltr'><strong>sic</strong></span> <span class='ocrx_word' id='word_1_129' title='bbox 1697 2359 1732 2420; x_wconf 88' lang='lat' dir='ltr'><strong>et</strong></span> <span class='ocrx_word' id='word_1_130' title='bbox 1754 2356 1870 2422; x_wconf 87' lang='lat' dir='ltr'><strong>nostru</strong></span> <span class='ocrx_word' id='word_1_131' title='bbox 1894 2369 1949 2420; x_wconf 87' lang='lat' dir='ltr'><strong>eu·</strong></span> 
     </span>
     <span class='ocr_line' id='line_1_16' title="bbox 541 2469 1948 2569; baseline -0.001 -26"><span class='ocrx_word' id='word_1_132' title='bbox 541 2471 658 2569; x_wconf 89' lang='lat' dir='ltr'><strong>piebat</strong></span> <span class='ocrx_word' id='word_1_133' title='bbox 677 2471 937 2546; x_wconf 88' lang='lat' dir='ltr'><strong>confirmatione</strong></span> <span class='ocrx_word' id='word_1_134' title='bbox 957 2472 1128 2568; x_wconf 79' lang='lat' dir='ltr'><strong>gaudem,</strong></span> <span class='ocrx_word' id='word_1_135' title='bbox 1147 2473 1240 2546; x_wconf 88' lang='lat' dir='ltr'><strong>idem</strong></span> <span class='ocrx_word' id='word_1_136' title='bbox 1256 2473 1423 2569; x_wconf 85' lang='lat' dir='ltr'><strong>scriptum</strong></span> <span class='ocrx_word' id='word_1_137' title='bbox 1441 2472 1609 2545; x_wconf 84' lang='lat' dir='ltr'><strong>innovare</strong></span> <span class='ocrx_word' id='word_1_138' title='bbox 1625 2479 1661 2544; x_wconf 88' lang='lat' dir='ltr'><strong>et</strong></span> <span class='ocrx_word' id='word_1_139' title='bbox 1676 2469 1723 2544; x_wconf 94' lang='lat' dir='ltr'><strong>de</strong></span> <span class='ocrx_word' id='word_1_140' title='bbox 1740 2479 1859 2544; x_wconf 86' lang='lat' dir='ltr'><strong>nostra</strong></span> <span class='ocrx_word' id='word_1_141' title='bbox 1874 2491 1948 2544; x_wconf 90' lang='lat' dir='ltr'><strong>oon·</strong></span> 
     </span>
     <span class='ocr_line' id='line_1_17' title="bbox 542 2595 1607 2694; baseline -0.002 -25"><span class='ocrx_word' id='word_1_142' title='bbox 542 2596 678 2671; x_wconf 89' lang='lat' dir='ltr'><strong>iirmare</strong></span> <span class='ocrx_word' id='word_1_143' title='bbox 695 2597 806 2691; x_wconf 86' lang='lat' dir='ltr'><strong>gratia</strong></span> <span class='ocrx_word' id='word_1_144' title='bbox 823 2595 1064 2692; x_wconf 83' lang='lat' dir='ltr'><strong>dignaremur3</strong></span> <span class='ocrx_word' id='word_1_145' title='bbox 1081 2601 1182 2693; x_wconf 86' lang='lat' dir='ltr'><strong>eujus</strong></span> <span class='ocrx_word' id='word_1_146' title='bbox 1196 2597 1314 2694; x_wconf 88' lang='lat' dir='ltr'><strong>scripti</strong></span> <span class='ocrx_word' id='word_1_147' title='bbox 1330 2606 1426 2670; x_wconf 90' lang='lat' dir='ltr'><strong>tenor</strong></span> <span class='ocrx_word' id='word_1_148' title='bbox 1439 2597 1516 2670; x_wconf 86' lang='lat' dir='ltr'><strong>talis</strong></span> <span class='ocrx_word' id='word_1_149' title='bbox 1531 2605 1607 2670; x_wconf 88' lang='lat' dir='ltr'><strong>osi:</strong></span> 
     </span>
    </p>

    <p class='ocr_par' dir='ltr' id='par_1_4' title="bbox 536 2720 1946 4815">
     <span class='ocr_line' id='line_1_18' title="bbox 590 2720 1944 2818; baseline -0.004 -23"><span class='ocrx_word' id='word_1_150' title='bbox 590 2721 759 2795; x_wconf 87' lang='lat' dir='ltr'><strong>ilenricus</strong></span> <span class='ocrx_word' id='word_1_151' title='bbox 782 2723 843 2794; x_wconf 83' lang='lat' dir='ltr'><strong>liei</strong></span> <span class='ocrx_word' id='word_1_152' title='bbox 874 2723 984 2816; x_wconf 89' lang='lat' dir='ltr'><strong>gratia</strong></span> <span class='ocrx_word' id='word_1_153' title='bbox 1014 2723 1244 2798; x_wconf 85' lang='lat' dir='ltr'><strong>Romanorum</strong></span> <span class='ocrx_word' id='word_1_154' title='bbox 1269 2723 1454 2818; x_wconf 87' lang='lat' dir='ltr'><strong>imperator</strong></span> <span class='ocrx_word' id='word_1_155' title='bbox 1479 2731 1650 2816; x_wconf 88' lang='lat' dir='ltr'><strong>augustus</strong></span> <span class='ocrx_word' id='word_1_156' title='bbox 1670 2729 1706 2794; x_wconf 91' lang='lat' dir='ltr'><strong>et</strong></span> <span class='ocrx_word' id='word_1_157' title='bbox 1733 2743 1796 2794; x_wconf 83' lang='lat' dir='ltr'><strong>rex</strong></span> <span class='ocrx_word' id='word_1_158' title='bbox 1825 2720 1944 2795; x_wconf 85' lang='lat' dir='ltr'><strong>Sicilie.</strong></span> 
     </span>
     <span class='ocr_line' id='line_1_19' title="bbox 539 2843 1946 2942; baseline -0.002 -22"><span class='ocrx_word' id='word_1_159' title='bbox 539 2847 708 2920; x_wconf 90' lang='lat' dir='ltr'><strong>Omnibus</strong></span> <span class='ocrx_word' id='word_1_160' title='bbox 728 2846 892 2920; x_wconf 86' lang='lat' dir='ltr'><strong>fidelibus</strong></span> <span class='ocrx_word' id='word_1_161' title='bbox 908 2846 1034 2919; x_wconf 88' lang='lat' dir='ltr'><strong>nostris</strong></span> <span class='ocrx_word' id='word_1_162' title='bbox 1052 2847 1270 2942; x_wconf 88' lang='lat' dir='ltr'><strong>presentibus</strong></span> <span class='ocrx_word' id='word_1_163' title='bbox 1291 2847 1420 2920; x_wconf 87' lang='lat' dir='ltr'><strong>seilicet</strong></span> <span class='ocrx_word' id='word_1_164' title='bbox 1441 2869 1483 2920; x_wconf 87' lang='lat' dir='ltr'><strong>ac</strong></span> <span class='ocrx_word' id='word_1_165' title='bbox 1504 2846 1631 2919; x_wconf 84' lang='lat' dir='ltr'><strong>foturis</strong></span> <span class='ocrx_word' id='word_1_166' title='bbox 1652 2853 1773 2919; x_wconf 91' lang='lat' dir='ltr'><strong>uotum</strong></span> <span class='ocrx_word' id='word_1_167' title='bbox 1794 2843 1869 2920; x_wconf 86' lang='lat' dir='ltr'><strong>fieri</strong></span> <span class='ocrx_word' id='word_1_168' title='bbox 1891 2867 1946 2918; x_wconf 85' lang='lat' dir='ltr'><strong>ro</strong></span> 
     </span>
     <span class='ocr_line' id='line_1_20' title="bbox 540 2969 1944 3068; baseline -0.005 -23"><span class='ocrx_word' id='word_1_169' title='bbox 540 2973 657 3045; x_wconf 88' lang='lat' dir='ltr'><strong>lomus</strong></span> <span class='ocrx_word' id='word_1_170' title='bbox 687 2972 783 3068; x_wconf 92' lang='lat' dir='ltr'><strong>quod</strong></span> <span class='ocrx_word' id='word_1_171' title='bbox 810 2992 874 3044; x_wconf 91' lang='lat' dir='ltr'><strong>nos</strong></span> <span class='ocrx_word' id='word_1_172' title='bbox 896 2973 1034 3068; x_wconf 89' lang='lat' dir='ltr'><strong>propria</strong></span> <span class='ocrx_word' id='word_1_173' title='bbox 1064 2972 1242 3045; x_wconf 86' lang='lat' dir='ltr'><strong>voluntate</strong></span> <span class='ocrx_word' id='word_1_174' title='bbox 1269 2973 1352 3044; x_wconf 93' lang='lat' dir='ltr'><strong>moti</strong></span> <span class='ocrx_word' id='word_1_175' title='bbox 1380 2970 1603 3044; x_wconf 89' lang='lat' dir='ltr'><strong>concedimus</strong></span> <span class='ocrx_word' id='word_1_176' title='bbox 1638 2971 1735 3043; x_wconf 81' lang='lat' dir='ltr'><strong>Petro</strong></span> <span class='ocrx_word' id='word_1_177' title='bbox 1764 2969 1944 3044; x_wconf 86' lang='lat' dir='ltr'><strong>venerabili</strong></span> 
     </span>
     <span class='ocr_line' id='line_1_21' title="bbox 540 3094 1944 3192; baseline -0.004 -24"><span class='ocrx_word' id='word_1_178' title='bbox 540 3096 703 3192; x_wconf 88' lang='lat' dir='ltr'><strong>episcopo</strong></span> <span class='ocrx_word' id='word_1_179' title='bbox 723 3096 854 3190; x_wconf 81' lang='lat' dir='ltr'><strong>Regino</strong></span> <span class='ocrx_word' id='word_1_180' title='bbox 874 3104 909 3168; x_wconf 93' lang='lat' dir='ltr'><strong>et</strong></span> <span class='ocrx_word' id='word_1_181' title='bbox 928 3094 1072 3168; x_wconf 89' lang='lat' dir='ltr'><strong>ecclesie</strong></span> <span class='ocrx_word' id='word_1_182' title='bbox 1094 3117 1158 3170; x_wconf 89' lang='lat' dir='ltr'><strong>sue</strong></span> <span class='ocrx_word' id='word_1_183' title='bbox 1178 3096 1374 3169; x_wconf 85' lang='lat' dir='ltr'><strong>laenitatem</strong></span> <span class='ocrx_word' id='word_1_184' title='bbox 1395 3105 1430 3170; x_wconf 91' lang='lat' dir='ltr'><strong>et</strong></span> <span class='ocrx_word' id='word_1_185' title='bbox 1453 3095 1596 3168; x_wconf 90' lang='lat' dir='ltr'><strong>liberam</strong></span> <span class='ocrx_word' id='word_1_186' title='bbox 1614 3103 1817 3190; x_wconf 87' lang='lat' dir='ltr'><strong>potestatem</strong></span> <span class='ocrx_word' id='word_1_187' title='bbox 1835 3095 1872 3167; x_wconf 93' lang='lat' dir='ltr'><strong>in</strong></span> <span class='ocrx_word' id='word_1_188' title='bbox 1889 3114 1944 3166; x_wconf 86' lang='lat' dir='ltr'><strong>sua</strong></span> 
     </span>
     <span class='ocr_line' id='line_1_22' title="bbox 540 3215 1943 3316; baseline -0.001 -25"><span class='ocrx_word' id='word_1_189' title='bbox 540 3221 679 3293; x_wconf 87' lang='lat' dir='ltr'><strong>civitate</strong></span> <span class='ocrx_word' id='word_1_190' title='bbox 697 3229 732 3293; x_wconf 88' lang='lat' dir='ltr'><strong>el</strong></span> <span class='ocrx_word' id='word_1_191' title='bbox 757 3221 794 3291; x_wconf 94' lang='lat' dir='ltr'><strong>in</strong></span> <span class='ocrx_word' id='word_1_192' title='bbox 815 3219 961 3292; x_wconf 89' lang='lat' dir='ltr'><strong>circuitu</strong></span> <span class='ocrx_word' id='word_1_193' title='bbox 979 3219 1129 3293; x_wconf 88' lang='lat' dir='ltr'><strong>civitatis</strong></span> <span class='ocrx_word' id='word_1_194' title='bbox 1151 3241 1264 3316; x_wconf 91' lang='lat' dir='ltr'><strong>usque</strong></span> <span class='ocrx_word' id='word_1_195' title='bbox 1283 3218 1330 3293; x_wconf 90' lang='lat' dir='ltr'><strong>ad</strong></span> <span class='ocrx_word' id='word_1_196' title='bbox 1351 3228 1502 3316; x_wconf 84' lang='lat' dir='ltr'><strong>quatuor</strong></span> <span class='ocrx_word' id='word_1_197' title='bbox 1526 3219 1691 3309; x_wconf 89' lang='lat' dir='ltr'><strong>miliaria,</strong></span> <span class='ocrx_word' id='word_1_198' title='bbox 1717 3219 1808 3291; x_wconf 88' lang='lat' dir='ltr'><strong>sicui</strong></span> <span class='ocrx_word' id='word_1_199' title='bbox 1832 3215 1943 3292; x_wconf 88' lang='lat' dir='ltr'><strong>eadem</strong></span> 
     </span>
     <span class='ocr_line' id='line_1_23' title="bbox 538 3343 1944 3442; baseline -0.001 -24"><span class='ocrx_word' id='word_1_200' title='bbox 538 3344 682 3418; x_wconf 87' lang='lat' dir='ltr'><strong>ecelesia</strong></span> <span class='ocrx_word' id='word_1_201' title='bbox 699 3365 760 3441; x_wconf 89' lang='lat' dir='ltr'><strong>per</strong></span> <span class='ocrx_word' id='word_1_202' title='bbox 781 3356 939 3442; x_wconf 90' lang='lat' dir='ltr'><strong>precepta</strong></span> <span class='ocrx_word' id='word_1_203' title='bbox 959 3343 1272 3442; x_wconf 86' lang='lat' dir='ltr'><strong>[pre]deoessorum</strong></span> <span class='ocrx_word' id='word_1_204' title='bbox 1289 3355 1484 3419; x_wconf 86' lang='lat' dir='ltr'><strong>nostrorum</strong></span> <span class='ocrx_word' id='word_1_205' title='bbox 1503 3345 1697 3418; x_wconf 84' lang='lat' dir='ltr'><strong>districtum</strong></span> <span class='ocrx_word' id='word_1_206' title='bbox 1714 3353 1825 3438; x_wconf 85' lang='lat' dir='ltr'><strong>leuet,</strong></span> <span class='ocrx_word' id='word_1_207' title='bbox 1842 3353 1876 3418; x_wconf 89' lang='lat' dir='ltr'><strong>et</strong></span> <span class='ocrx_word' id='word_1_208' title='bbox 1890 3363 1944 3440; x_wconf 81' lang='lat' dir='ltr'><strong>per</strong></span> 
     </span>
     <span class='ocr_line' id='line_1_24' title="bbox 538 3469 1940 3567; baseline 0.001 -24"><span class='ocrx_word' id='word_1_209' title='bbox 538 3491 659 3544; x_wconf 90' lang='lat' dir='ltr'><strong>omnes</strong></span> <span class='ocrx_word' id='word_1_210' title='bbox 677 3477 791 3543; x_wconf 74' lang='lat' dir='ltr'><strong>codes</strong></span> <span class='ocrx_word' id='word_1_211' title='bbox 809 3469 913 3543; x_wconf 86' lang='lat' dir='ltr'><strong>totius</strong></span> <span class='ocrx_word' id='word_1_212' title='bbox 930 3471 1150 3567; x_wconf 88' lang='lat' dir='ltr'><strong>episcopatus</strong></span> <span class='ocrx_word' id='word_1_213' title='bbox 1166 3470 1344 3566; x_wconf 88' lang='lat' dir='ltr'><strong>Regiensis</strong></span> <span class='ocrx_word' id='word_1_214' title='bbox 1358 3471 1571 3565; x_wconf 90' lang='lat' dir='ltr'><strong>ubicumque</strong></span> <span class='ocrx_word' id='word_1_215' title='bbox 1574 3517 1940 3542; x_wconf 85' lang='lat'><strong>..........</strong></span> 
     </span>
     <span class='ocr_line' id='line_1_25' title="bbox 542 3589 1942 3690; baseline -0.004 -24"><span class='ocrx_word' id='word_1_216' title='bbox 542 3649 753 3668; x_wconf 93' lang='grc'><strong>......</strong></span> <span class='ocrx_word' id='word_1_217' title='bbox 780 3603 848 3686; x_wconf 90' lang='lat' dir='ltr'><strong>est;</strong></span> <span class='ocrx_word' id='word_1_218' title='bbox 876 3603 910 3667; x_wconf 92' lang='lat' dir='ltr'><strong>et</strong></span> <span class='ocrx_word' id='word_1_219' title='bbox 935 3593 963 3667; x_wconf 91' lang='lat' dir='ltr'><strong>si</strong></span> <span class='ocrx_word' id='word_1_220' title='bbox 991 3594 1072 3688; x_wconf 89' lang='lat' dir='ltr'><strong>quis</strong></span> <span class='ocrx_word' id='word_1_221' title='bbox 1094 3597 1150 3669; x_wconf 86' lang='lat' dir='ltr'><strong>vei</strong></span> <span class='ocrx_word' id='word_1_222' title='bbox 1173 3595 1332 3670; x_wconf 90' lang='lat' dir='ltr'><strong>homines</strong></span> <span class='ocrx_word' id='word_1_223' title='bbox 1357 3597 1502 3670; x_wconf 88' lang='lat' dir='ltr'><strong>ecclesie</strong></span> <span class='ocrx_word' id='word_1_224' title='bbox 1531 3593 1799 3690; x_wconf 88' lang='lat' dir='ltr'><strong>interpellaverit</strong></span> <span class='ocrx_word' id='word_1_225' title='bbox 1825 3589 1942 3666; x_wconf 84' lang='lat' dir='ltr'><strong>veleb</strong></span> 
     </span>
     <span class='ocr_line' id='line_1_26' title="bbox 537 3717 1941 3817; baseline -0.001 -27"><span class='ocrx_word' id='word_1_226' title='bbox 537 3718 738 3792; x_wconf 87' lang='lat' dir='ltr'><strong>bominibus</strong></span> <span class='ocrx_word' id='word_1_227' title='bbox 776 3717 932 3810; x_wconf 89' lang='lat' dir='ltr'><strong>ejusdem</strong></span> <span class='ocrx_word' id='word_1_228' title='bbox 967 3719 1111 3792; x_wconf 87' lang='lat' dir='ltr'><strong>ecclesie</strong></span> <span class='ocrx_word' id='word_1_229' title='bbox 1142 3721 1376 3817; x_wconf 90' lang='lat' dir='ltr'><strong>interpellatus</strong></span> <span class='ocrx_word' id='word_1_230' title='bbox 1415 3721 1540 3812; x_wconf 87' lang='lat' dir='ltr'><strong>luerit,</strong></span> <span class='ocrx_word' id='word_1_231' title='bbox 1571 3731 1610 3792; x_wconf 84' lang='lat' dir='ltr'><strong>ut</strong></span> <span class='ocrx_word' id='word_1_232' title='bbox 1642 3719 1770 3792; x_wconf 87' lang='lat' dir='ltr'><strong>habeut</strong></span> <span class='ocrx_word' id='word_1_233' title='bbox 1801 3727 1941 3792; x_wconf 69' lang='lat' dir='ltr'><strong>nostem</strong></span> 
     </span>
     <span class='ocr_line' id='line_1_27' title="bbox 536 3839 1941 3939; baseline -0.004 -23"><span class='ocrx_word' id='word_1_234' title='bbox 536 3841 749 3939; x_wconf 90' lang='lat' dir='ltr'><strong>imperialem</strong></span> <span class='ocrx_word' id='word_1_235' title='bbox 766 3843 1001 3916; x_wconf 71' lang='lat' dir='ltr'><strong>alletoritatem</strong></span> <span class='ocrx_word' id='word_1_236' title='bbox 1022 3865 1142 3917; x_wconf 88' lang='lat' dir='ltr'><strong>omnes</strong></span> <span class='ocrx_word' id='word_1_237' title='bbox 1157 3867 1299 3918; x_wconf 87' lang='lat' dir='ltr'><strong>suarum</strong></span> <span class='ocrx_word' id='word_1_238' title='bbox 1317 3855 1485 3918; x_wconf 71' lang='lat' dir='ltr'><strong>mnarum</strong></span> <span class='ocrx_word' id='word_1_239' title='bbox 1503 3867 1627 3917; x_wconf 88' lang='lat' dir='ltr'><strong>causas</strong></span> <span class='ocrx_word' id='word_1_240' title='bbox 1644 3842 1773 3938; x_wconf 91' lang='lat' dir='ltr'><strong>agendi</strong></span> <span class='ocrx_word' id='word_1_241' title='bbox 1796 3843 1868 3936; x_wconf 89' lang='lat' dir='ltr'><strong>[et]</strong></span> <span class='ocrx_word' id='word_1_242' title='bbox 1887 3839 1941 3914; x_wconf 89' lang='lat' dir='ltr'><strong>de·</strong></span> 
     </span>
     <span class='ocr_line' id='line_1_28' title="bbox 536 3961 1939 4063; baseline -0.003 -23"><span class='ocrx_word' id='word_1_243' title='bbox 536 3966 679 4040; x_wconf 86' lang='lat' dir='ltr'><strong>finiendi</strong></span> <span class='ocrx_word' id='word_1_244' title='bbox 704 3975 784 4040; x_wconf 90' lang='lat' dir='ltr'><strong>ante</strong></span> <span class='ocrx_word' id='word_1_245' title='bbox 807 3989 845 4039; x_wconf 89' lang='lat' dir='ltr'><strong>se</strong></span> <span class='ocrx_word' id='word_1_246' title='bbox 871 3989 933 4063; x_wconf 84' lang='lat' dir='ltr'><strong>per</strong></span> <span class='ocrx_word' id='word_1_247' title='bbox 958 3966 1184 4042; x_wconf 87' lang='lat' dir='ltr'><strong>advocatores</strong></span> <span class='ocrx_word' id='word_1_248' title='bbox 1210 3991 1292 4043; x_wconf 88' lang='lat' dir='ltr'><strong>suos</strong></span> <span class='ocrx_word' id='word_1_249' title='bbox 1319 3979 1354 4042; x_wconf 87' lang='lat' dir='ltr'><strong>et</strong></span> <span class='ocrx_word' id='word_1_250' title='bbox 1380 3969 1539 4060; x_wconf 85' lang='lat' dir='ltr'><strong>ecclesie,</strong></span> <span class='ocrx_word' id='word_1_251' title='bbox 1568 3968 1724 4042; x_wconf 92' lang='lat' dir='ltr'><strong>duellum</strong></span> <span class='ocrx_word' id='word_1_252' title='bbox 1746 3961 1939 4058; x_wconf 81' lang='lat' dir='ltr'><strong>judicandi,</strong></span> 
     </span>
     <span class='ocr_line' id='line_1_29' title="bbox 537 4090 1941 4190; baseline -0.004 -26"><span class='ocrx_word' id='word_1_253' title='bbox 537 4095 649 4184; x_wconf 88' lang='lat' dir='ltr'><strong>legem</strong></span> <span class='ocrx_word' id='word_1_254' title='bbox 667 4101 702 4165; x_wconf 91' lang='lat' dir='ltr'><strong>et</strong></span> <span class='ocrx_word' id='word_1_255' title='bbox 716 4091 885 4185; x_wconf 86' lang='lat' dir='ltr'><strong>justiliam</strong></span> <span class='ocrx_word' id='word_1_256' title='bbox 902 4093 1053 4166; x_wconf 89' lang='lat' dir='ltr'><strong>iaciendi</strong></span> <span class='ocrx_word' id='word_1_257' title='bbox 1072 4103 1107 4166; x_wconf 88' lang='lat' dir='ltr'><strong>el</strong></span> <span class='ocrx_word' id='word_1_258' title='bbox 1124 4094 1292 4190; x_wconf 90' lang='lat' dir='ltr'><strong>quioquid</strong></span> <span class='ocrx_word' id='word_1_259' title='bbox 1308 4094 1405 4168; x_wconf 91' lang='lat' dir='ltr'><strong>aliud</strong></span> <span class='ocrx_word' id='word_1_260' title='bbox 1422 4093 1597 4189; x_wconf 89' lang='lat' dir='ltr'><strong>regalibus</strong></span> <span class='ocrx_word' id='word_1_261' title='bbox 1616 4090 1733 4164; x_wconf 91' lang='lat' dir='ltr'><strong>missis</strong></span> <span class='ocrx_word' id='word_1_262' title='bbox 1750 4105 1941 4164; x_wconf 79' lang='lat' dir='ltr'><strong>oonoessuul</strong></span> 
     </span>
     <span class='ocr_line' id='line_1_30' title="bbox 537 4210 1941 4314; baseline -0.009 -24"><span class='ocrx_word' id='word_1_263' title='bbox 537 4227 623 4290; x_wconf 87' lang='lat' dir='ltr'><strong>esta</strong></span> <span class='ocrx_word' id='word_1_264' title='bbox 640 4216 781 4310; x_wconf 88' lang='lat' dir='ltr'><strong>regibus</strong></span> <span class='ocrx_word' id='word_1_265' title='bbox 796 4216 852 4290; x_wconf 86' lang='lat' dir='ltr'><strong>vel</strong></span> <span class='ocrx_word' id='word_1_266' title='bbox 867 4216 912 4290; x_wconf 90' lang='lat' dir='ltr'><strong>ab</strong></span> <span class='ocrx_word' id='word_1_267' title='bbox 928 4217 1193 4314; x_wconf 88' lang='lat' dir='ltr'><strong>imperatoribus</strong></span> <span class='ocrx_word' id='word_1_268' title='bbox 1210 4219 1378 4308; x_wconf 84' lang='lat' dir='ltr'><strong>faciendi,</strong></span> <span class='ocrx_word' id='word_1_269' title='bbox 1398 4239 1439 4292; x_wconf 90' lang='lat' dir='ltr'><strong>ea</strong></span> <span class='ocrx_word' id='word_1_270' title='bbox 1452 4215 1615 4290; x_wconf 85' lang='lat' dir='ltr'><strong>videlicet</strong></span> <span class='ocrx_word' id='word_1_271' title='bbox 1631 4215 1765 4290; x_wconf 88' lang='lat' dir='ltr'><strong>ratione</strong></span> <span class='ocrx_word' id='word_1_272' title='bbox 1780 4221 1820 4285; x_wconf 90' lang='lat' dir='ltr'><strong>nt</strong></span> <span class='ocrx_word' id='word_1_273' title='bbox 1836 4210 1941 4284; x_wconf 91' lang='lat' dir='ltr'><strong>nullus</strong></span> 
     </span>
     <span class='ocr_line' id='line_1_31' title="bbox 538 4333 1940 4441; baseline -0.008 -25"><span class='ocrx_word' id='word_1_274' title='bbox 538 4342 695 4437; x_wconf 90' lang='lat' dir='ltr'><strong>ejusdem</strong></span> <span class='ocrx_word' id='word_1_275' title='bbox 710 4342 913 4437; x_wconf 86' lang='lat' dir='ltr'><strong>judicialem</strong></span> <span class='ocrx_word' id='word_1_276' title='bbox 932 4365 1072 4417; x_wconf 89' lang='lat' dir='ltr'><strong>causam</strong></span> <span class='ocrx_word' id='word_1_277' title='bbox 1092 4351 1232 4441; x_wconf 84' lang='lat' dir='ltr'><strong>spernat</strong></span> <span class='ocrx_word' id='word_1_278' title='bbox 1246 4345 1302 4418; x_wconf 86' lang='lat' dir='ltr'><strong>vel</strong></span> <span class='ocrx_word' id='word_1_279' title='bbox 1318 4353 1469 4417; x_wconf 91' lang='lat' dir='ltr'><strong>nostram</strong></span> <span class='ocrx_word' id='word_1_280' title='bbox 1485 4342 1676 4436; x_wconf 87' lang='lat' dir='ltr'><strong>jussionem</strong></span> <span class='ocrx_word' id='word_1_281' title='bbox 1697 4333 1940 4435; x_wconf 85' lang='lat' dir='ltr'><strong>parvipendons</strong></span> 
     </span>
     <span class='ocr_line' id='line_1_32' title="bbox 538 4461 1939 4566; baseline -0.01 -23"><span class='ocrx_word' id='word_1_282' title='bbox 538 4489 614 4543; x_wconf 88' lang='lat' dir='ltr'><strong>sese</strong></span> <span class='ocrx_word' id='word_1_283' title='bbox 643 4477 827 4542; x_wconf 86' lang='lat' dir='ltr'><strong>antaeum</strong></span> <span class='ocrx_word' id='word_1_284' title='bbox 855 4469 1061 4563; x_wconf 86' lang='lat' dir='ltr'><strong>distringere</strong></span> <span class='ocrx_word' id='word_1_285' title='bbox 1084 4477 1315 4566; x_wconf 85' lang='lat' dir='ltr'><strong>contempnat.</strong></span> <span class='ocrx_word' id='word_1_286' title='bbox 1340 4469 1444 4555; x_wconf 87' lang='lat' dir='ltr'><strong>Quod</strong></span> <span class='ocrx_word' id='word_1_287' title='bbox 1467 4468 1529 4564; x_wconf 91' lang='lat' dir='ltr'><strong>qui</strong></span> <span class='ocrx_word' id='word_1_288' title='bbox 1558 4461 1815 4563; x_wconf 88' lang='lat' dir='ltr'><strong>parvipenderit</strong></span> <span class='ocrx_word' id='word_1_289' title='bbox 1836 4465 1939 4532; x_wconf 83' lang='lat' dir='ltr'><strong>nostro</strong></span> 
     </span>
     <span class='ocr_line' id='line_1_33' title="bbox 537 4590 1934 4690; baseline -0.009 -24"><span class='ocrx_word' id='word_1_290' title='bbox 537 4593 683 4688; x_wconf 88' lang='lat' dir='ltr'><strong>jussioni</strong></span> <span class='ocrx_word' id='word_1_291' title='bbox 699 4593 908 4682; x_wconf 84' lang='lat' dir='ltr'><strong>contrarius,</strong></span> <span class='ocrx_word' id='word_1_292' title='bbox 925 4594 1178 4689; x_wconf 86' lang='lat' dir='ltr'><strong>quinquaginta</strong></span> <span class='ocrx_word' id='word_1_293' title='bbox 1194 4595 1299 4668; x_wconf 90' lang='lat' dir='ltr'><strong>libras</strong></span> <span class='ocrx_word' id='word_1_294' title='bbox 1316 4595 1449 4690; x_wconf 89' lang='lat' dir='ltr'><strong>argenti</strong></span> <span class='ocrx_word' id='word_1_295' title='bbox 1465 4594 1564 4666; x_wconf 90' lang='lat' dir='ltr'><strong>uobis</strong></span> <span class='ocrx_word' id='word_1_296' title='bbox 1579 4590 1775 4689; x_wconf 87' lang='lat' dir='ltr'><strong>persolvere</strong></span> <span class='ocrx_word' id='word_1_297' title='bbox 1793 4591 1934 4677; x_wconf 88' lang='lat' dir='ltr'><strong>cogetur.</strong></span> 
     </span>
     <span class='ocr_line' id='line_1_34' title="bbox 540 4704 1939 4815; baseline -0.007 -25"><span class='ocrx_word' id='word_1_298' title='bbox 540 4716 768 4790; x_wconf 84' lang='lat' dir='ltr'><strong>Concedimus</strong></span> <span class='ocrx_word' id='word_1_299' title='bbox 790 4717 893 4791; x_wconf 88' lang='lat' dir='ltr'><strong>etiam</strong></span> <span class='ocrx_word' id='word_1_300' title='bbox 914 4721 1151 4814; x_wconf 88' lang='lat' dir='ltr'><strong>prenominato</strong></span> <span class='ocrx_word' id='word_1_301' title='bbox 1167 4720 1328 4815; x_wconf 86' lang='lat' dir='ltr'><strong>episcopo</strong></span> <span class='ocrx_word' id='word_1_302' title='bbox 1342 4719 1440 4813; x_wconf 88' lang='lat' dir='ltr'><strong>quod</strong></span> <span class='ocrx_word' id='word_1_303' title='bbox 1466 4716 1511 4792; x_wconf 87' lang='lat' dir='ltr'><strong>de</strong></span> <span class='ocrx_word' id='word_1_304' title='bbox 1525 4717 1690 4791; x_wconf 90' lang='lat' dir='ltr'><strong>omnibus</strong></span> <span class='ocrx_word' id='word_1_305' title='bbox 1704 4712 1766 4808; x_wconf 91' lang='lat' dir='ltr'><strong>qui</strong></span> <span class='ocrx_word' id='word_1_306' title='bbox 1789 4711 1825 4782; x_wconf 90' lang='lat' dir='ltr'><strong>in</strong></span> <span class='ocrx_word' id='word_1_307' title='bbox 1853 4704 1939 4781; x_wconf 84' lang='lat' dir='ltr'><strong>terris</strong></span> 
     </span>
    </p>
   </div>
   <div class='ocr_carea' id='block_1_4' title="bbox 0 0 2154 5898">
    <p class='ocr_par' dir='ltr' id='par_1_5' title="bbox 0 0 2154 5898">
     <span class='ocr_line' id='line_1_35' title="bbox 0 0 2154 5898; baseline 0 0"><span class='ocrx_word' id='word_1_308' title='bbox 0 0 2154 5898; x_wconf 95' lang='lat' dir='ltr'><strong> </strong></span> 
     </span>
    </p>
   </div>
  </div>
 </body>
</html>
