4292 5894
219 589 317 650 lmrcr.
335 583 400 664 ll.]
668 574 874 637 alstofta·
890 574 1184 641 olrtoaautca
1570 573 1631 636 345

219 719 316 816 quod
334 718 380 792 de
405 715 554 789 navbus
579 733 699 785 eorum
722 719 758 783 et
777 711 823 785 de
841 711 1071 786 mercimoniis
1087 712 1161 786 suis
1182 711 1335 808 inportu
1352 719 1388 784 et
1403 710 1542 784 civitate
1564 711 1631 782 Ba·

219 845 311 920 rcusi
330 841 536 918 tenebantur
552 839 720 911 hactonus
736 835 864 928 bajulis
887 837 1013 909 nostris
1030 839 1228 928 exsolvere,
1247 834 1347 908 liberi
1371 835 1441 906 sint
1463 833 1529 930 ipsi
1554 833 1632 906 Cat-

220 967 321 1042 tarini
338 963 477 1063 penitus
499 971 534 1036 et
558 961 741 1034 immunes.
761 957 818 1032 Ad
836 959 936 1051 cujus
956 971 1073 1034 autem
1092 959 1342 1049 concessioniS,
1364 957 1634 1032 confirmationis

222 1104 257 1166 et
281 1086 533 1164 constitutionis
563 1093 678 1158 nostre
705 1083 905 1156 memoriam
926 1093 961 1156 et
986 1084 1185 1159 inviolabile
1213 1083 1467 1156 firmamentum
1492 1103 1635 1178 presens

222 1213 443 1311 privilegium
458 1219 615 1284 nestrum
628 1207 798 1281 conscribi
818 1217 853 1280 et
871 1210 1059 1302 majestatis
1077 1220 1192 1284 nostro
1217 1209 1329 1300 sigillo
1352 1229 1451 1281 cereo
1467 1208 1635 1301 jussimus
1738 1203 1740 1208 ’
1799 1267 1801 1274 ,

222 1337 390 1420 roborari,
412 1353 680 1427 auno,.meuse,
704 1329 899 1405 indictione.
915 1332 1131 1430 subscriptis.
1153 1332 1255 1406 Auno
1280 1331 1453 1406 dominice
1478 1333 1637 1406 incarna-

224 1460 330 1534 tionis
346 1459 528 1540 millesimo
543 1456 729 1530 centesimo
746 1455 969 1550 nonagesimo
990 1458 1129 1552 quinto,
1150 1477 1270 1530 mense
1288 1456 1498 1547 novembris,
1524 1455 1637 1528 indic·

225 1584 330 1656 donis
353 1580 630 1678 qoartedecime,
657 1588 824 1674 regnante
848 1579 989 1655 domino
1014 1589 1131 1656 nostro
1150 1581 1298 1655 ilenrico
1319 1591 1419 1655 sexto
1438 1581 1501 1654 Dei
1528 1581 1639 1676 gratia

226 1705 411 1802 magnifico
424 1709 658 1780 Romanorum
676 1704 899 1800 imperatore,
922 1727 1059 1802 semper
1075 1717 1224 1802 augusto
1240 1717 1275 1779 et
1289 1727 1371 1801 rege
1381 1705 1498 1779 Sicilie
1511 1707 1638 1802 glorio-

225 1833 378 1924 sissimo,
396 1853 488 1904 anuo
505 1829 605 1925 regni
627 1830 704 1922 ejus
727 1827 899 1923 vigesimo
916 1831 1054 1924 quinto,
1075 1831 1210 1928 imperii
1232 1852 1316 1906 vero
1336 1830 1458 1925 quinto
1484 1839 1518 1902 et
1539 1831 1638 1926 regui

226 1955 340 2029 Sicilie
355 1976 447 2029 anno
461 1955 585 2050 primo,
604 1953 761 2027 feliciter.
784 1951 908 2025 Amen.
1496 1961 1508 1970 ”

274 2081 343 2154 Nos
357 2080 464 2175 igitur
483 2077 752 2175 supplicationes
773 2087 864 2168 tuas,
881 2077 1090 2150 venerabilis
1105 2078 1377 2174 archiepiscope,
1396 2078 1442 2151 de
1458 2079 1559 2152 solite
1576 2079 1642 2152 be-

229 2204 403 2300 nignitatis
420 2214 534 2278 nostre
551 2202 733 2276 clementia
752 2201 953 2296 diligentius
965 2201 1199 2295 admittentes,
1216 2203 1310 2276 illius
1323 2201 1449 2275 iutuitu
1463 2223 1642 2298 perquem

229 2329 373 2402 feliciter
392 2329 547 2402 vivimus
564 2337 599 2402 et
620 2348 825 2420 regnamus,
846 2328 892 2400 ob
912 2329 1058 2402 salutem
1084 2329 1278 2401 animarum
1301 2326 1501 2423 supradicte
1524 2327 1644 2430 matris

229 2462 344 2526 nostre
357 2441 497 2525 domiue
515 2450 741 2546 imperatricis
754 2472 796 2523 ac
814 2451 947 2524 domini
962 2451 1179 2547 imperatoris
1196 2450 1304 2547 patris
1326 2449 1488 2523 divorum
1504 2472 1644 2544 augus-

232 2587 343 2649 torum
372 2577 593 2673 [parentum]
626 2583 840 2667 nostrorum,
874 2575 1112 2670 supradictum
1139 2574 1361 2671 privilegium
1390 2573 1435 2647 de
1463 2575 1572 2647 verbo
1598 2575 1645 2650 ed

231 2699 376 2774 verbum
400 2699 561 2773 renovari
582 2698 850 2791 mandavimus,
873 2708 908 2771 et
927 2699 990 2771 tibi
1015 2721 1056 2772 ec
1077 2699 1222 2772 ecclesie
1237 2698 1396 2791 Bareasi,
1417 2697 1508 2772 sicut
1531 2721 1574 2772 eo
1593 2699 1646 2772 uti
1761 2737 1765 2748 ·

232 2833 384 2918 tempore
404 2822 560 2920 predicte
579 2822 697 2895 matris
717 2830 832 2896 nostre
854 2822 1050 2914 consuevit,
1075 2823 1163 2896 illud
1181 2822 1226 2896 de
1242 2823 1353 2918 gratie
1370 2830 1486 2896 nostre
1503 2822 1542 2894 in
1559 2845 1647 2919 per-

231 2959 374 3046 petuum
396 2947 652 3040 confirmamus,
668 2947 765 3020 salvo
783 2945 947 3020 mandato
968 2955 1002 3020 et
1017 2946 1234 3022 ordinatione
1253 2957 1383 3022 nostra.
1402 2948 1446 3020 Ut
1459 2946 1565 3042 igitur
1583 2948 1649 3025 hec

233 3079 349 3144 nostra
371 3071 549 3144 renovatio
568 3079 603 3143 et
626 3068 839 3143 confirmatio
862 3068 962 3144 firma
984 3092 1120 3166 semper
1143 3080 1179 3144 et
1203 3071 1409 3144 inconcussa
1430 3082 1646 3168 permaneat,

233 3215 375 3289 presens
391 3193 612 3292 privilegium
631 3216 694 3292 per
707 3217 830 3267 manus
852 3193 1017 3268 lobannis
1031 3195 1077 3270 de
1091 3195 1209 3294 Capua
1227 3196 1351 3270 notarii
1364 3205 1399 3269 et
1417 3193 1530 3272 fidelis
1542 3199 1650 3270 nostri

234 3319 337 3391 scribi
358 3329 393 3392 et
418 3319 531 3415 sigillo
557 3319 746 3413 majestatis
765 3328 881 3392 nostre
899 3319 1070 3413 jussimus
1092 3321 1318 3414 communiri,
1341 3342 1452 3411 anuo,
1477 3343 1595 3396 meuse
1616 3333 1651 3395 et

234 3442 424 3520 indictione
438 3442 656 3540 subscriptis.

243 3564 246 3568 ’
282 3570 409 3640 Datum
431 3568 527 3666 apud
542 3568 783 3658 Ferentinum,
802 3591 893 3642 anno
918 3567 1092 3644 dominice
1110 3542 1354 3644 incarnationis
1375 3569 1558 3644 millesimo
1582 3569 1651 3644 du·

235 3694 422 3767 centesimo
446 3695 616 3789 vigesimo
636 3693 754 3778 tertio,
775 3715 894 3768 meuse
914 3695 1052 3779 marcii,
1075 3696 1260 3769 undecima
1285 3695 1489 3790 indictione,
1514 3695 1650 3794 imperii

236 3813 368 3890 domini
385 3818 493 3890 nostri
512 3817 684 3892 frederici
705 3817 769 3892 Dei
788 3818 897 3914 gratia
922 3819 1142 3892 illustrissimi
1162 3822 1394 3896 Romanorum
1416 3820 1647 3919 imperatoris,

236 3959 371 4035 semper
389 3939 529 4035 augusti
552 3952 587 4012 et
611 3937 849 4036 gloriosissimi
869 3940 960 4031 regis
980 3941 1095 4015 Sicilie
1117 3964 1209 4016 anno
1226 3945 1342 4036 tertio,
1364 3944 1462 4039 regni
1485 3965 1569 4018 vero
1589 3944 1650 4016 Si-

236 4061 315 4137 cilie
328 4065 498 4162 vigesimo
515 4065 652 4162 quinto,
673 4063 828 4139 feliciter.
849 4063 973 4138 Amen.
