4298 5898
234 495 335 556 batur.
354 489 415 576 12]
683 486 881 556 HISTORIA
909 487 1204 553 birbortartcn
1590 489 1653 552 *toa

235 629 387 728 episcopi
402 624 594 702 seeundum
610 625 719 717 juset
735 626 1022 700 consuetudinem
1039 630 1189 723 regionis
1208 628 1300 700 illius
1320 625 1518 701 venerando
1533 626 1653 722 bospi-

236 752 295 828 tali
320 754 445 826 Sancte
464 749 572 824 illarie
587 748 872 822 Theotonioorum
897 750 933 822 in
957 751 1143 826 Jerusalem
1166 753 1350 826 liberaliter
1365 751 1509 824 contulit
1533 760 1569 824 et
1590 751 1652 824 ab·

235 878 347 951 solute
356 875 542 965 eoncessit;
553 882 588 946 et
599 893 664 947 uos
675 873 758 968 quia
772 873 811 952 id
825 875 1287 951 nobisconstitittestimonio
1296 877 1447 972 episcopi
1459 875 1649 966 memorati,

235 1001 283 1076 ad
297 1000 500 1075 instanciam
514 1019 655 1093 quoque
672 999 883 1094 peticionum
899 1010 934 1073 et
956 1023 1098 1096 precum
1116 1003 1307 1099 supradicti
1321 1001 1472 1075 Bodonis
1488 1014 1524 1074 et
1539 1001 1652 1074 lratris

236 1125 423 1204 Hermanni
451 1123 660 1196 venerabilis
695 1122 851 1216 magistri
879 1124 1004 1198 domus
1035 1127 1214 1223 hospitalis
1242 1129 1398 1221 ejusdem
1432 1127 1654 1200 donationem

237 1251 394 1326 eamdem
408 1259 518 1324 ratam
533 1249 720 1322 habuimus
734 1256 769 1322 et
785 1270 889 1322 omne
899 1253 958 1342 jus
975 1261 1129 1324 nostrum
1147 1251 1243 1346 quod
1263 1253 1298 1324 in
1316 1266 1428 1326 castro
1444 1263 1478 1324 et
1492 1251 1655 1347 predictis

236 1377 399 1452 omnibus
415 1375 630 1449 habebamus
650 1394 713 1470 per
737 1373 958 1469 privilegium
977 1385 1132 1448 nostrum
1155 1377 1303 1451 totaliter
1321 1377 1553 1450 concessimus
1577 1398 1654 1471 pre·

239 1501 331 1575 dicte
349 1500 469 1574 domui
483 1499 677 1597 hospitalis.
694 1499 764 1572 Sed
777 1499 860 1594 quia
873 1501 1095 1595 postmodum
1115 1523 1280 1597 processu
1297 1501 1461 1598 temporis
1475 1498 1657 1573 Conradus

239 1625 284 1701 de
301 1625 538 1700 lticbenbercb
559 1635 594 1698 et
609 1623 790 1698 Cunradus
811 1625 856 1700 de
878 1625 1067 1699 Smidevelt
1084 1626 1150 1698 sibi
1162 1629 1222 1720 J'us
1237 1627 1273 1699 in
1294 1625 1479 1722 suprafatis
1497 1635 1609 1713 castro
1623 1637 1657 1698 et

239 1749 505 1846 proprietatibus
523 1757 748 1844 usurparunt,
766 1747 812 1822 ad
830 1747 1061 1824 decidendum
1078 1749 1218 1823 demum
1243 1751 1333 1823 inter
1355 1750 1449 1846 ipsos
1467 1759 1501 1822 et
1516 1751 1657 1846 predic-

239 1884 313 1948 tum
329 1874 532 1969 magistrum
544 1883 579 1947 et
590 1874 711 1947 fratres
726 1895 808 1948 suos
823 1875 935 1948 tocius
947 1875 1102 1948 rancoris
1119 1875 1316 1967 materiam,
1336 1875 1420 1970 quia
1434 1871 1538 1949 etiam
1551 1875 1656 1949 iidem

239 1999 402 2094 magister
417 2008 453 2072 et
466 1999 589 2072 iratres
609 1999 655 2072 ob
675 1999 806 2071 bonum
823 1999 919 2095 pacis
936 2009 973 2072 et
986 2000 1170 2074 concordie
1192 2001 1228 2072 in
1245 2021 1310 2072 suo
1325 1999 1405 2092 jure
1423 2010 1582 2096 prompta
1600 2023 1658 2074 ca·

240 2124 338 2196 ritate
357 2123 476 2219 sepius
496 2121 797 2210 condescendunt,
816 2144 930 2196 coram
948 2124 1095 2198 ilenrico
1110 2125 1234 2196 illustri
1250 2125 1483 2197 Romanorum
1498 2145 1581 2218 rege
1596 2124 1658 2197 lra-

240 2247 374 2320 rissimo
397 2246 468 2320 lilio
492 2257 609 2321 nostro
632 2246 679 2321 ad
699 2249 803 2322 talem
827 2248 915 2321 inter
934 2269 972 2320 se
996 2247 1279 2344 compositionem
1302 2257 1337 2320 et
1357 2247 1578 2321 concordiam
1596 2248 1657 2321 de·

240 2381 433 2446 venerunt:
452 2371 614 2447 videlieet
632 2372 728 2468 quod
751 2371 859 2446 iidem
881 2375 1045 2468 magister
1062 2383 1097 2447 et
1119 2375 1239 2446 tratres
1258 2372 1425 2466 iamdicto
1446 2381 1558 2446 castro
1577 2395 1658 2446 cnm

240 2497 315 2570 suis
334 2497 555 2594 pertinenciis
580 2498 829 2572 renunciarent
849 2510 884 2572 et
908 2500 1055 2595 predicti
1076 2499 1280 2572 Cuonradus
1303 2499 1349 2571 de
1367 2497 1605 2572 llicbenbercb
1626 2508 1661 2573 et

240 2623 422 2698 Cunradus
437 2623 483 2698 de
503 2623 695 2698 Smidevelt
717 2646 798 2697 oum
821 2625 993 2698 uxoribus
1011 2624 1085 2697 suis
1100 2623 1270 2719 quioquid
1289 2624 1378 2716 juris
1401 2624 1436 2696 in
1453 2623 1572 2696 vineto
1592 2624 1659 2697 Ra·

240 2747 439 2822 bensburcb
456 2758 491 2821 et
507 2747 692 2822 Geburnen
704 2747 757 2844 (l)
772 2757 808 2822 et
823 2769 904 2822 arca
920 2749 956 2821 in
973 2749 1179 2845 Wirceburg
1196 2747 1438 2846 profiterentur
1455 2771 1518 2846 per
1534 2772 1660 2822 maniis

237 2872 395 2967 jamdicti
411 2871 474 2946 filii
489 2873 598 2947 nostri
613 2881 650 2946 et
660 2873 940 2948 salamannornm
955 2872 1008 2970 (Ξ)
1023 2875 1178 2972 ipsorum
1195 2875 1449 2950 sentencialiter
1465 2874 1658 2949 secuudum

238 2999 298 3090 J'ns
312 3007 347 3070 et
363 2997 651 3071 consuetudinem
673 2997 765 3071 illius
778 2998 890 3094 patrie
906 2997 1064 3072 absolute
1081 3012 1115 3072 et
1136 3000 1244 3073 libere
1263 3001 1483 3073 contulerunt
1504 2999 1659 3096 predicte

243 3111 362 3195 domni
389 3122 587 3219 hospitalis,
608 3123 700 3197 sicut
721 3125 757 3196 in
785 3123 969 3220 privilegio
994 3124 1142 3220 predicti
1166 3123 1229 3196 lilii
1252 3125 1360 3198 nostri
1385 3125 1523 3220 plenius
1544 3125 1659 3198 conti-

243 3254 355 3320 netur.
374 3247 474 3320 Unde
493 3246 672 3343 predictus
690 3248 855 3343 magister
870 3248 907 3321 in
921 3258 1038 3323 nostre
1057 3250 1229 3347 presentia
1244 3250 1450 3324 constitutus
1464 3250 1659 3324 celsitudini

242 3379 357 3444 nostre
373 3370 542 3446 attencius
558 3371 769 3467 supplicavit
781 3380 821 3444 ut
835 3374 1117 3471 compositionem
1136 3383 1172 3448 et
1187 3374 1406 3449 concordiem
1424 3374 1535 3473 ipsam
1550 3383 1659 3447 ratam

242 3495 409 3569 babentes
434 3493 639 3570 confirmare
666 3495 892 3592 dignaremur
920 3498 1091 3571 eamdem.
1111 3497 1182 3572 Nos
1206 3507 1323 3572 autem
1350 3499 1661 3595 supplicationibus

242 3619 316 3692 suis
331 3619 517 3714 benignius
535 3619 711 3713 inclinati,
731 3618 916 3717 diligenter
931 3622 1008 3713 ejus
1029 3621 1245 3696 attendentes
1265 3623 1465 3719 religionem
1482 3634 1517 3696 et
1532 3623 1662 3696 hones·

242 3753 347 3816 tatem
375 3743 485 3840 ipsius
507 3752 543 3816 et
567 3745 711 3817 fratrum
736 3766 880 3818 suorum
900 3745 1121 3821 laudabiliter
1143 3747 1290 3820 Domino
1305 3748 1560 3841 famulantium,
1582 3769 1661 3846 pre·

243 3866 372 3942 dictam
385 3867 670 3965 compositionem
686 3877 721 3944 et
741 3869 963 3944 concordiam
982 3870 1071 3945 inter
1095 3871 1237 3946 eosdem
1260 3873 1464 3968 magistrum
1483 3884 1518 3946 et
1540 3874 1661 3947 fratres

242 3999 278 4064 et
291 3991 510 4088 supradictos
530 3991 731 4068 Cunradum
753 3993 798 4067 de
812 3993 1050 4068 Richenbercb
1068 4005 1104 4068 et
1117 3993 1315 4068 Cunradum
1331 3995 1376 4067 de
1389 3995 1580 4069 Smidevelt
1598 3995 1662 4069 ba·

242 4114 373 4207 bitem,
390 4117 480 4190 sicut
493 4117 531 4190 in
549 4117 734 4215 privilegio
749 4118 897 4214 predicti
912 4117 975 4191 lilii
991 4120 1098 4192 nostri
1110 4119 1247 4216 plenius
1258 4119 1464 4210 continetur,
1479 4129 1660 4215 acceptan-

242 4239 325 4314 dam
337 4239 506 4315 duximus
518 4250 554 4316 et
563 4250 732 4340 perpetuo
743 4241 1033 4338 confirmandam
1050 4243 1254 4318 mandantes
1265 4253 1300 4318 et
1309 4243 1477 4339 presentis
1486 4244 1660 4340 privilegii

280 4549 314 4623 (t)
332 4549 478 4610 nocentius
488 4555 579 4611 amon
591 4551 760 4612 Gebnmoor.

282 4647 317 4722 (Ξ)
335 4649 495 4709 Germanice
507 4649 673 4726 &amaon
686 4653 714 4710 id
728 4658 770 4712 est
780 4650 899 4711 bonanae
913 4655 982 4711 atrii
996 4653 1054 4711 sive
1066 4651 1167 4726 finium
1179 4649 1290 4710 arbitri.
