4272 5886
509 481 571 544 554
1012 480 1232 545 tuloselcl
1259 481 1436 545 securint
1736 479 1822 560 [An.
1840 481 1928 543 late

510 617 635 714 plioeat
651 617 724 688 Deo
744 617 828 708 patri
843 624 878 689 et
894 617 1029 689 cunctis
1043 616 1169 692 debeat
1188 619 1390 693 mortalibus
1411 615 1609 712 displicere,
1628 635 1709 687 cum
1726 636 1791 710 per
1805 624 1841 687 te
1859 637 1930 688 non

510 742 635 817 debeat
654 743 782 834 minui,
801 743 864 816 sed
881 746 1013 839 augeri.
1032 745 1119 818 Nam
1137 747 1226 820 inter
1238 749 1346 820 claras
1367 741 1618 840 magnitudinis
1631 752 1692 815 tue
1709 742 1831 815 laudes
1845 753 1931 816 tan-

509 889 616 962 quam
641 867 723 940 solis
740 865 859 940 radius
875 889 936 964 pre
954 871 1075 942 ceteris
1092 871 1259 960 rudiores,
1282 871 1312 943 si
1335 871 1489 944 debitam
1505 869 1657 942 llomaue
1673 867 1755 941 Sodi
1768 889 1930 941 reveren-

508 992 591 1064 tiam
603 992 786 1066 exhiberes
801 995 946 1089 ejusque
960 1005 1146 1090 augmento
1163 995 1318 1070 studiose
1332 994 1528 1068 intenderes
1541 1001 1576 1067 et
1590 992 1727 1080 honori,
1744 991 1827 1086 quia
1841 991 1929 1065 nihil

508 1117 670 1213 estquod
688 1119 798 1213 magis
812 1119 990 1214 imperiale
1009 1121 1117 1194 decus
1130 1121 1268 1194 roboret
1283 1121 1342 1194 uel
1360 1128 1505 1194 exornet
1524 1140 1631 1214 qnam
1645 1117 1829 1202 ecclesias,
1850 1139 1929 1213 per·

507 1265 610 1315 sonas
628 1265 669 1316 ac
686 1265 741 1316 res
755 1243 1003 1317 ecclesiasticas
1017 1247 1176 1319 venerari
1198 1255 1233 1319 et
1259 1245 1295 1319 in
1319 1245 1536 1318 festinatione
1559 1263 1745 1338 pravorum
1760 1241 1929 1337 impetum

508 1367 698 1458 refrenare3
718 1390 798 1441 cum
811 1377 927 1442 autem
944 1369 1079 1443 illorum
1095 1371 1262 1466 impetum
1277 1391 1344 1442 non
1362 1369 1531 1462 refrenas,
1551 1367 1658 1441 immo
1672 1364 1769 1461 quod
1785 1367 1929 1460 gravius

508 1502 577 1581 est,
594 1515 656 1590 per
671 1502 705 1566 te
719 1493 833 1590 ipsum
847 1493 1039 1589 inquietare
1053 1495 1178 1568 Sedem
1193 1495 1426 1590 Apostolicam
1440 1491 1609 1588 incepisti,
1625 1491 1773 1586 qualiter
1786 1491 1930 1564 vinculo

509 1615 682 1690 fidelitatis
707 1639 745 1692 es
773 1618 874 1691 uobis
896 1621 1089 1715 nostrisque
1111 1621 1367 1694 successoribus
1389 1619 1562 1713 obligatus
1585 1617 1674 1689 seire
1700 1615 1821 1689 debes.
1837 1617 1929 1710 Ergo

509 1741 744 1815 fortitudinem
767 1753 863 1816 tuam
889 1744 1093 1839 accingens
1112 1743 1199 1818 illud
1215 1743 1454 1840 propheticum
1472 1741 1676 1830 ascribatur,
1697 1741 1734 1812 in
1750 1762 1823 1836 quo
1840 1740 1928 1814 dici-

510 1875 591 1938 tur:
612 1893 630 1934 «
650 1867 759 1940 Homo
772 1889 853 1940 oum
870 1867 906 1939 in
924 1869 1051 1942 honore
1065 1879 1156 1943 esset
1172 1890 1241 1941 non
1259 1869 1444 1959 intellexit3
1465 1875 1683 1964 comparatus
1699 1874 1752 1938 est
1762 1866 1929 1958 jumentis

511 1989 754 2086 insipientibus
780 2001 816 2064 et
838 1991 958 2064 similis
983 1993 1094 2066 lactus
1117 2005 1168 2066 est
1194 1993 1272 2066 illis.
1289 2019 1307 2062 a
1327 1995 1514 2066 hlemorare
1537 1992 1654 2086 itaque
1678 1989 1869 2062 novissima
1895 1999 1929 2063 et

510 2115 652 2210 antiqua
680 2126 739 2190 tua
760 2117 862 2209 juxta
888 2118 1097 2190 sentenciam
1115 2118 1293 2214 sapientis,
1315 2126 1354 2191 ut
1375 2117 1510 2191 facibus
1534 2125 1568 2190 te
1594 2115 1707 2212 possis
1727 2114 1775 2187 ab
1802 2113 1929 2186 illicitis

511 2241 891 2316 abstineretonsidera
900 2244 995 2337 quod
1005 2243 1081 2316 dies
1091 2245 1242 2334 Domini,
1255 2245 1345 2317 sicut
1357 2245 1412 2318 lur
1422 2243 1466 2317 de
1477 2251 1590 2334 nocte,
1604 2240 1767 2314 venitoui
1778 2241 1929 2336 potentia

512 2373 646 2438 terrena
678 2367 834 2439 resistere
864 2388 1044 2462 nunquam
1074 2369 1178 2442 valet.
1211 2367 1458 2441 Animadverte
1488 2363 1586 2461 quod
1613 2386 1734 2437 omnes
1762 2365 1929 2437 stabimus

512 2499 593 2563 aute
609 2491 758 2565 tribunal
777 2489 920 2582 Christi,
939 2489 1105 2564 rationem
1126 2491 1172 2565 de
1193 2493 1356 2565 omuibus
1378 2513 1449 2588 que
1473 2491 1643 2586 gessimus
1667 2488 1930 2562 redditurirlt-

512 2613 617 2688 tende
634 2625 790 2711 preterea
809 2616 992 2712 diligenter
1012 2615 1109 2711 quod
1126 2628 1257 2712 quanto
1277 2617 1408 2712 gradus
1427 2617 1539 2710 altior,
1561 2625 1656 2688 tanto
1672 2637 1774 2687 casus
1793 2614 1930 2708 grauior

512 2739 765 2834 comprobatur.
790 2741 969 2835 Numquid
995 2741 1031 2812 in
1056 2741 1115 2813 illo
1141 2749 1295 2838 tempore
1324 2741 1489 2816 audivisti
1515 2740 1611 2837 quod
1634 2739 1930 2832 Nabngadonosor

514 2862 665 2936 conlisus
683 2865 719 2937 iu
737 2865 890 2961 potentia
914 2867 1090 2962 temporali
1109 2875 1290 2963 propterea
1312 2867 1408 2962 quod
1433 2867 1469 2938 in
1494 2865 1616 2940 robore
1637 2887 1702 2938 sue
1721 2862 1929 2937 fortitudinis

515 2997 549 3062 et
566 2989 673 3083 glorie
692 2989 821 3084 incepit
838 3011 876 3062 se
894 2991 1040 3063 nimium
1062 2991 1233 3084 exaltare,
1257 2991 1373 3064 subito
1391 3011 1536 3084 regnum
1562 2987 1678 3062 amisit
1699 2987 1788 3060 etin
1804 2986 1927 3058 bovem

514 3113 580 3186 luit
598 3135 645 3186 ex
661 3113 800 3187 homine
821 3124 1067 3207 commutatus,
1087 3118 1206 3189 fenum
1226 3126 1392 3213 tanquam
1417 3116 1558 3189 brutum
1582 3113 1708 3186 animal
1727 3110 1878 3185 eomedit
1895 3121 1929 3182 et

515 3261 595 3311 cum
618 3239 700 3312 ieris
720 3261 782 3335 per
797 3241 856 3314 llll
875 3262 1045 3313 annorum
1064 3241 1222 3336 spacium
1244 3241 1281 3312 in
1309 3239 1495 3314 solitudine
1519 3237 1701 3311 habitavit.
1720 3237 1928 3308 Pharaonem

513 3373 629 3436 autem
648 3373 683 3438 te
704 3365 831 3438 habere
847 3366 1010 3438 volumus
1023 3367 1059 3439 in
1074 3367 1294 3462 exemplum3
1310 3365 1393 3462 quia
1408 3385 1468 3438 cor
1481 3365 1557 3456 ejus
1579 3383 1717 3456 semper
1736 3359 1852 3433 extitit
1872 3359 1929 3429 in·

515 3486 696 3579 duratum,
713 3487 834 3562 divino
851 3510 1035 3585 percussus
1057 3488 1190 3584 judicio
1213 3489 1315 3586 periit
1337 3489 1374 3561 in
1400 3498 1576 3574 eternum,
1599 3485 1700 3578 cujus
1721 3493 1799 3556 acta
1816 3482 1929 3555 exitus

514 3611 733 3708 appmbevit,
753 3635 858 3708 quem
875 3615 1002 3688 referre
1018 3615 1075 3687 vel
1092 3613 1217 3688 audire
1234 3621 1372 3710 propter
1390 3611 1605 3686 diversarum
1623 3629 1790 3706 penarum
1806 3625 1929 3701 genera

515 3755 585 3810 non
612 3736 789 3811 modicum
817 3737 1030 3812 aberremus.
1058 3739 1194 3812 Habeas
1219 3761 1281 3836 pro
1307 3739 1417 3811 oculis
1434 3759 1505 3832 que
1522 3735 1697 3810 modernis
1722 3730 1931 3828 temporibus

516 3863 606 3934 lacta
635 3859 777 3932 suntin
803 3871 1019 3936 antecessore
1045 3872 1106 3936 tuo
1133 3861 1297 3936 videlieet
1319 3860 1518 3952 Fmderioo,
1549 3857 1611 3954 qui
1638 3854 1838 3930 fidelitatem
1866 3873 1931 3925 no-

517 3985 593 4060 lens
606 3995 645 4058 ut
659 3986 841 4059 tenebatur
858 3987 939 4060 Sedi
956 3987 1153 4085 Apostolioe
1166 3987 1372 4075 observare,
1397 3983 1585 4058 combussit
1604 3981 1717 4078 prima
1742 3978 1830 4052 lucie
1854 3999 1930 4073 por·

519 4109 626 4184 ticum
643 4111 759 4183 Sancti
775 4110 865 4186 Petri
880 4121 915 4185 et
928 4112 995 4185 alia
1009 4121 1123 4208 preter
1139 4111 1283 4186 modurn
1300 4109 1503 4205 gravamina
1522 4107 1637 4180 intulit
1653 4103 1806 4179 lleolesie
1818 4122 1930 4176 sacro·

521 4245 655 4328 sancte,
679 4255 744 4332 pro
772 4257 922 4331 quorum
954 4236 1085 4311 meritis
1113 4237 1150 4310 in
1181 4237 1256 4332 ipso
1283 4257 1426 4333 corpore
1451 4234 1529 4308 tulit
1555 4253 1680 4330 penam
1702 4241 1737 4303 et
1754 4229 1867 4325 ipsam
1895 4227 1929 4298 in

522 4357 612 4431 lilios
626 4359 812 4452 derivavit,
833 4361 918 4457 quia
933 4362 1102 4457 scriptum
1116 4369 1191 4435 est:
1207 4361 1310 4456 eligo
1326 4382 1404 4434 sum
1422 4361 1514 4433 Deus
1530 4358 1595 4430 oeli
1610 4355 1672 4452 qui
1689 4352 1830 4428 vindico
1847 4371 1930 4449 pm-

524 4491 599 4556 cau
616 4493 754 4577 patrum
772 4486 809 4557 in
828 4484 918 4562 lilios
936 4508 1049 4582 usque
1069 4489 1106 4560 in
1121 4497 1279 4582 quartam
1301 4495 1337 4560 et
1357 4485 1496 4559 terciam
1517 4481 1786 4580 generationem.
1808 4477 1928 4550 ullam

522 4606 723 4680 Fredericus
749 4609 824 4707 ipse
840 4612 963 4686 volans
979 4611 1176 4708 sepulerum
1193 4613 1333 4687 Domim
1349 4609 1572 4709 personaliter
1590 4605 1751 4698 visitare,
1771 4601 1930 4675 Israelitis
