4296 5898
229 615 328 676 lenior.
344 612 388 693 9.]
678 607 877 672 HISTORIA
900 605 1195 670 uletomsiica
1587 601 1642 664 iar

230 749 360 824 iuennt
390 768 461 844 que
490 769 512 822 a
536 746 748 842 temporibus
773 745 1055 843 predecessorum
1085 753 1279 818 nostrorum
1306 762 1418 838 usque
1441 741 1489 816 ad
1511 741 1644 817 obitum

231 873 323 967 regia
342 868 517 944 Guiiiclmi
543 870 573 942 ll
591 871 685 963 juste
705 881 740 943 et
759 870 1008 945 rationabiliter
1030 870 1142 942 tenuit
1164 878 1199 943 et
1221 867 1377 964 possedit
1398 867 1645 941 monasterinm

231 996 368 1093 ipsum,
388 994 613 1070 concedimus
628 1003 663 1068 ct
678 1005 843 1092 perpetuo
857 993 1120 1085 coufirmamue3
1138 993 1305 1091 presentie
1326 992 1499 1090 privilegii
1522 1001 1646 1068 aneto·

231 1121 332 1194 ritate
349 1120 556 1194 mandantes
566 1130 740 1214 quatenns
756 1121 875 1194 nullus
891 1119 936 1194 sit
948 1119 1011 1214 qni
1026 1119 1159 1192 dictum
1177 1116 1437 1203 monasterium,
1457 1129 1505 1206 te,
1526 1119 1647 1191 fratros

231 1256 269 1322 et
291 1267 507 1320 successores
532 1257 610 1320 tuos
631 1245 678 1320 de
699 1245 865 1343 predictis
883 1245 1047 1319 omnibus
1066 1244 1269 1341 perturbare
1291 1244 1327 1317 in
1350 1243 1467 1339 aliquo
1490 1265 1553 1318 seu
1573 1263 1648 1316 mo-

231 1372 357 1446 lestare
370 1381 564 1468 presumat,
589 1371 686 1444 salvo
708 1370 873 1445 mandato
887 1381 923 1445 et
947 1371 1163 1445 ordinatione
1181 1379 1311 1443 nostra.
1335 1368 1391 1443 Ad
1416 1368 1522 1462 hujus
1540 1368 1648 1464 igitur

232 1497 464 1574 concessionis
487 1507 523 1570 et
540 1495 809 1572 confirmationis
832 1506 947 1572 nostre
970 1497 1170 1571 memoriam
1190 1504 1225 1569 et
1245 1494 1354 1568 robur
1372 1503 1540 1592 perpetuo
1562 1493 1649 1568 uali-

232 1633 349 1698 turnm
365 1643 508 1718 presens
522 1621 745 1718 privilegium
762 1644 827 1720 per
839 1644 964 1696 manns
979 1622 1121 1696 loannis
1138 1620 1184 1696 de
1200 1621 1317 1718 Capua
1337 1619 1464 1693 notarii
1485 1628 1520 1692 at
1536 1617 1649 1694 iidelis

232 1747 341 1822 nostri
356 1746 462 1820 scribi
476 1755 512 1820 et
528 1746 644 1838 sigillo
654 1746 843 1840 maiestatis
857 1756 974 1822 nostre
988 1746 1160 1840 jussimus
1176 1743 1394 1838 communiri,
1410 1766 1514 1838 anno,
1530 1766 1649 1819 mense

233 1881 269 1944 et
281 1870 472 1945 indictione
488 1871 706 1968 subscriptis.

281 1996 408 2070 Datum
418 1994 514 2092 apud
526 1996 817 2092 Celatagironum,
834 2019 926 2071 anno
939 1995 1114 2072 dominica
1128 1996 1376 2070 incarnationis
1386 1996 1570 2070 millesimo
1581 1995 1648 2070 dn·

233 2121 420 2195 centesimo
440 2121 612 2215 vigesimo
633 2121 764 2218 primo,
787 2142 907 2196 menso
920 2122 1017 2216 iulii,
1043 2121 1246 2196 indictionis
1266 2123 1330 2214 lli,
1356 2121 1492 2217 imperii
1516 2120 1648 2195 domini

232 2245 339 2320 nocui
361 2243 528 2319 lriderici
551 2246 613 2320 llei
637 2247 747 2342 gratia
767 2246 987 2322 illustrissimi
1010 2247 1244 2322 Romanorum
1266 2245 1496 2343 imperatoris,
1516 2230 1675 2342 semper

230 2370 371 2464 sufflati
392 2378 428 2444 et
450 2369 543 2466 rugis
562 2369 677 2446 Sicilie
698 2393 790 2446 anno
805 2373 935 2470 primo,
962 2371 1060 2468 regni
1074 2393 1161 2447 vero
1180 2371 1296 2445 Sicilie
1311 2391 1403 2445 anno
1417 2379 1541 2467 quarto
1554 2371 1649 2446 rice·

231 2493 321 2568 simo
335 2493 402 2592 (o),
421 2494 579 2569 feliciter.
594 2494 716 2570 Amen.

286 3047 519 3157 Fridericus,
540 3049 802 3134 Romanorum
827 3051 1053 3161 imperator,
1072 3051 1303 3136 monasterio
1324 3050 1483 3136 Sanctae
1509 3053 1648 3140 Mariae

231 3182 282 3264 de
299 3181 425 3267 Monte
442 3183 606 3295 Virginis
624 3184 869 3269 donationem
886 3213 910 3270 a
926 3185 1046 3271 Paulo
1065 3185 1202 3270 comite
1220 3185 1388 3271 Golisani
1402 3186 1558 3296 factam,
1576 3188 1648 3272 sci-
1772 3201 1793 3233 ⁰·
1813 3163 1821 3185 ’

231 3313 319 3398 licet
336 3315 551 3401 lloocellem
569 3343 658 3401 cum
676 3318 889 3404 rationibus
907 3320 1003 3428 suis,
1014 3321 1166 3403 tertiam
1177 3329 1326 3430 partem
1339 3320 1647 3406 molendinorum

233 3448 404 3534 (lolium
420 3459 458 3534 ct
474 3459 551 3534 tres
569 3452 702 3536 uncias
720 3453 804 3537 auri
821 3454 869 3536 de
886 3454 1084 3538 venatione
1106 3453 1372 3538 cuniculorum
1394 3455 1434 3538 in
1458 3456 1645 3543 territorio

231 3580 425 3692 ejusdem,
441 3585 613 3669 concedit
626 3612 671 3670 ac
683 3586 903 3695 confirmat,
917 3596 1107 3673 reservato
1120 3590 1226 3700 quod
1238 3589 1278 3671 in
1292 3590 1460 3700 predicta
1472 3591 1644 3677 llocrclla

229 3717 445 3801 custodiam
460 3717 541 3801 fieri
559 3718 691 3827 faciat,
712 3719 780 3804 sed
802 3730 930 3805 amota
954 3721 1127 3806 clausule
1154 3722 1227 3806 ista
1257 3749 1356 3834 quae
1382 3723 1519 3811 dicitur
1538 3730 1644 3810 salvo

229 3855 408 3933 mucleto
425 3864 460 3936 ct
481 3852 718 3936 ordinatione
738 3867 882 3936 nostre.

312 4067 427 4143 (lnedlt
441 4070 474 4130 in
485 4069 610 4132 Archiv.
631 4069 1095 4156 monartidonorrirg.‚1iepet
1115 4074 1197 4148 vill,
1209 4082 1242 4135 n·
1259 4084 1316 4149 ⁸⁴3
1330 4091 1369 4137 ex
1382 4083 1567 4157 transumpto
1580 4081 1640 4140 ori-

351 4177 442 4256 ginali
455 4177 534 4239 lecto
546 4194 648 4240 mensa
662 4179 753 4242 medii
767 4188 857 4260 1251,
871 4197 948 4242 none
958 4181 1138 4262 indictionis,
1148 4189 1287 4261 regnante
1300 4185 1444 4266 Conrado,
1453 4191 1523 4248 ante
1535 4189 1642 4266 magie-

350 4288 432 4345 trum
445 4273 602 4348 Nicolaum
614 4285 652 4346 de
664 4287 775 4361 hano,
783 4302 908 4367 magnae
920 4291 1017 4368 regine
1029 4289 1128 4351 curiae
1138 4289 1281 4368 judicem,
1296 4291 1335 4352 ad
1348 4293 1567 4369 requisitionem
1577 4293 1640 4357 ira·

352 4393 408 4455 tris
419 4391 517 4455 Mauri
530 4394 664 4472 atumem
675 4395 810 4456 coenobii
822 4397 981 4478 monachi.)

278 4577 463 4653 Fodericus
487 4580 549 4654 Dei
576 4582 687 4676 gratia
709 4582 940 4657 Romanorum
963 4584 1157 4681 imperator,
1180 4609 1315 4686 semper
1331 4601 1501 4688 augustos
1520 4603 1555 4668 et
1578 4615 1641 4669 rex

268 4756 310 4840 (a)
332 4757 369 4821 ln
387 4757 511 4822 Dicticrs
525 4759 614 4822 diosa
629 4761 748 4843 legitur,
760 4762 813 4826 sod
825 4763 913 4840 malo,
924 4771 1029 4846 quarto
1046 4761 1160 4828 dmiccc
