4292 5894
225 587 325 649 isurun
346 585 406 664 ll]
677 575 873 640 HISTORIA
898 574 1190 639 otchottllrtcll.

477 869 944 884 W
948 865 1365 880 'uun-m-
1378 865 1400 874 ιι-

283 1152 510 1257 Fridericus,
522 1153 784 1237 Romanorum
797 1151 1017 1262 imperator,
1028 1150 1078 1232 ad
1097 1147 1316 1257 petitionem
1331 1145 1475 1229 dlherti
1493 1143 1648 1256 Magda-
1673 1173 1855 1274 ⁴⁹3¹,qu

229 1287 432 1398 burgensis
455 1285 726 1396 archicpiscopi
749 1294 786 1369 el
808 1284 956 1394 imperii
978 1283 1114 1394 legati,
1134 1281 1313 1366 ecclcsiae
1331 1280 1491 1363 Sanctae
1509 1277 1648 1363 Mariae

230 1420 269 1501 in
288 1421 404 1504 Portu
423 1419 630 1504 Ravennati
652 1419 783 1504 omnia
800 1418 902 1502 bono
920 1444 965 1501 ac
986 1415 1183 1528 privilegia
1201 1413 1400 1500 confirmat
1417 1427 1455 1497 et
1472 1439 1570 1497 nora
1588 1412 1647 1493 in-

230 1579 345 1663 super
362 1552 481 1636 addit.

314 1768 496 1847 (Edlderunt
515 1769 697 1845 nomon,
717 1767 866 1850 deliquit.
886 1765 994 1842 Italic,
1008 1774 1082 1830 tom.
1097 1767 1141 1842 11,
1162 1784 1194 1845 p.
1210 1775 1260 1827 65.
1275 1799 1315 1812 -
1326 1749 1493 1839 Fan'ruzzr,
1514 1765 1643 1826 Monam.

353 1877 498 1951 mama,
517 1881 591 1938 tem.
611 1877 658 1952 Π,
677 1894 709 1955 p.
727 1886 782 1938 tas
803 1883 834 1938 et
852 1893 954 1954 seqq„
976 1885 1011 1936 ιι·
1032 1873 1117 1947 Clll,
1139 1891 1178 1934 ex
1196 1872 1278 1934 arch.
1300 1873 1472 1946 Portuensl,
1494 1889 1581 1951 capsa
1602 1875 1644 1948 A,

351 2001 435 2046 num.
453 1982 519 2064 lt.)

281 2171 318 2241 ln
343 2170 483 2244 nomine
504 2179 621 2244 sancta
647 2179 682 2242 et
703 2169 887 2243 individue
910 2168 1095 2242 Trinitatis.
1122 2168 1307 2242 Fedaricus
1329 2166 1505 2242 secundus
1527 2168 1647 2241 divina

234 2296 372 2368 lavante
388 2294 568 2368 clementia
581 2295 814 2367 Romanorum
832 2294 1028 2390 imperator,
1048 2316 1185 2390 semper
1201 2303 1371 2389 augustus
1383 2302 1418 2366 et
1435 2313 1498 2365 rex
1516 2293 1643 2365 Sicilie.

233 2418 431 2492 Transitorii
452 2417 550 2514 regni
569 2417 723 2512 dignitas
739 2427 775 2492 et
790 2418 978 2513 imperialis
994 2426 1144 2514 potestas
1164 2439 1206 2490 ac
1222 2416 1417 2489 sublimitas
1432 2415 1560 2489 adhoc
1577 2437 1647 2511 po·

234 2545 405 2616 tissimum
424 2543 469 2616 ah
489 2543 645 2616 omnium
664 2565 787 2637 regum
809 2543 950 2618 domino
975 2543 1076 2616 nohis
1099 2565 1262 2616 concessa
1280 2551 1333 2616 est
1354 2551 1395 2613 ut
1417 2561 1499 2614 suos
1521 2541 1647 2615 milites

234 2689 322 2762 quos
344 2667 486 2760 Christi,
515 2689 604 2763 quos
626 2667 764 2764 propria
791 2669 953 2741 voluntas
977 2678 1114 2765 propter
1139 2689 1291 2742 amorem
1314 2669 1378 2740 Dei
1404 2668 1647 2764 omnipotentis

234 2791 355 2888 inopes
374 2791 455 2864 iacit
470 2791 619 2865 existere
636 2801 740 2886 atqua
757 2791 793 2862 in
809 2793 959 2889 presenti
976 2793 1093 2866 seculo
1108 2792 1261 2884 abjectos
1277 2813 1466 2884 remanere,
1483 2792 1647 2866 attentius

233 2914 425 2990 debeamus
436 2913 623 2988 defendere
633 2925 668 2988 at
679 2917 746 2989 suh
755 2924 871 2989 nostra
884 2915 1054 3012 imperiali
1063 2918 1272 3012 protectione
1283 2918 1446 3013 congruis
1457 2916 1647 2990 honoribus

234 3040 399 3113 refovere.
425 3039 497 3112 Hoc
520 3040 647 3112 etenim
669 3040 701 3112 si
724 3041 927 3130 fecerimus,
953 3064 1033 3115 cum
1062 3063 1209 3136 reguum
1237 3052 1411 3116 terrenum
1435 3040 1647 3116 transeundo

235 3163 415 3252 defecerit,
436 3165 571 3237 celestis
588 3173 622 3237 et
644 3163 873 3238 indeficientis
890 3166 989 3261 regni
1014 3167 1165 3239 culmina
1189 3166 1308 3263 procul
1330 3166 1439 3239 dubio
1455 3167 1648 3240 sublimiter

235 3288 391 3362 obtinere
417 3309 486 3361 uon
514 3287 737 3382 ambigimus.
768 3290 959 3376 Quocirca
983 3290 1139 3364 omniurn
1164 3293 1246 3364 Jesu
1273 3291 1396 3364 Christi
1420 3291 1648 3388 redemptoris

236 3411 393 3487 fidelium
410 3411 460 3510 (a)
475 3413 611 3486 nouerit
627 3413 797 3488 industria
815 3415 963 3511 qualiter
977 3437 1059 3506 nos,
1077 3417 1112 3488 in
1130 3417 1325 3490 interventu
1344 3425 1379 3488 et
1398 3417 1564 3512 petitione
1579 3439 1648 3490 ve-

236 3538 399 3612 nerahilis
422 3561 464 3612 ae
489 3537 607 3612 dilecti
633 3539 800 3636 principis
827 3542 933 3614 nostri
957 3542 1088 3614 Alherti
1114 3550 1232 3615 sancte
1256 3540 1564 3636 hlagdehurgensis
1589 3563 1647 3616 ec·

236 3663 342 3736 clesie
362 3664 611 3762 archiepiscopi
630 3673 712 3738 tuuc
737 3666 871 3763 imperii
893 3667 981 3740 sacri
1006 3667 1126 3763 legati,
1150 3667 1331 3740 ecclesiam
1348 3665 1511 3739 videlieet
1526 3668 1649 3740 Sancte

237 3787 343 3862 Maria
361 3787 398 3859 in
414 3789 518 3862 Portu
534 3811 615 3862 cum
632 3791 795 3864 omnihus
812 3791 886 3864 suis
902 3791 1108 3866 obedientiis
1125 3792 1171 3866 ad
1191 3793 1298 3864 instar
1311 3789 1394 3864 diva
1410 3791 1574 3865 memorie
1590 3791 1648 3864 avi

237 3913 345 3986 nostri
362 3913 526 3988 Friderici
545 3916 776 3989 Romanorum
802 3915 1017 4011 imperatoris
1039 3917 1198 4011 augusti,
1216 3915 1310 4011 quod
1336 3915 1446 4012 ipsius
1468 3915 1649 4010 privilegio

236 4037 350 4110 eidem
374 4039 518 4112 ecclesia
546 4060 709 4113 concesso
735 4040 955 4136 solempniter
978 4038 1188 4131 declaratur,
1214 4040 1281 4113 suh
1303 4049 1418 4113 nostre
1439 4040 1651 4114 auctoritatis

238 4163 438 4237 defensioue
465 4174 501 4237 et
525 4163 712 4260 imperialis
731 4166 909 4260 dignitatis
932 4165 1078 4238 tuitione
1098 4173 1133 4238 et
1153 4165 1403 4239 mundiburdio
1420 4164 1647 4260 suscepimus.

238 4288 433 4361 statuentes
459 4299 498 4360 ut
524 4311 763 4385 quascumque
787 4290 1021 4386 possessiones
1048 4311 1111 4364 seu
1135 4293 1215 4385 jura
1241 4311 1415 4385 possessa,
1434 4311 1654 4386 quecumque

240 4412 331 4484 hona
345 4413 381 4484 in
401 4414 651 4508 presentiarum
665 4414 820 4511 possidet
835 4423 896 4487 aut
912 4415 949 4487 in
966 4416 1120 4487 luterum
1137 4415 1318 4510 largitione
1333 4415 1574 4511 immratorum
1593 4425 1654 4487 aut

239 4557 377 4631 regum,
394 4539 614 4611 concessione
630 4537 846 4636 pontificum,
867 4539 1080 4637 principum,
1098 4539 1355 4630 marchionum,
1374 4539 1548 4613 oblatione
1564 4539 1655 4612 alio-

284 4703 324 4785 (ο)
346 4705 403 4785 Ap.
417 4707 560 4770 Muratorl
572 4709 700 4770 mosam
716 4707 825 4770 Christi
836 4704 1123 4792 sepulpucfidcltaoc
