4436 5870
296 546 393 606 luctor.
410 546 454 624 9.]
744 542 941 605 fllsuourn
967 542 1257 604 ulruottntrcn.
1666 544 1701 602 71

297 690 410 754 cetera
427 679 601 754 chunonis
615 700 720 775 opera
735 678 792 752 illa
809 679 986 774 potissima
1009 688 1295 775 reputemusque
1312 677 1465 750 ecclesiis
1480 678 1542 750 Dei
1565 688 1600 750 et
1622 677 1707 750 iocis

297 805 364 901 ipsi
388 804 511 878 dicatis
531 803 677 877 Domino
699 803 885 898 inspirante
905 802 1082 898 largimur.
1102 804 1290 899 Eapropter
1309 797 1430 874 no'tum
1447 823 1522 876 esse
1545 803 1707 874 volumus

299 927 469 1002 universis
488 938 556 1001 um
571 928 789 1024 presentibus
806 949 912 1021 quam
928 927 1053 1019 tuturis
1069 928 1166 1021 quod
1182 949 1244 1000 nos
1259 926 1473 1000 attendentes
1488 924 1706 998 devotionem

296 1075 402 1148 quarn
419 1063 470 1144 tu,
488 1051 659 1138 Albonica,
684 1052 889 1124 venerabilis
915 1051 1166 1124 Sassenatensis
1192 1051 1354 1148 episcope
1372 1050 1484 1123 fidelis
1507 1060 1634 1135 noster,
1659 1050 1706 1123 ad

298 1178 535 1250 excellentiam
550 1186 701 1248 nostram
716 1176 824 1269 geris,
842 1175 968 1248 intuitu
992 1175 1055 1248 Dei
1080 1187 1116 1248 et
1136 1197 1199 1271 pro
1227 1175 1380 1247 remedio
1403 1175 1517 1247 anime
1534 1184 1650 1247 nostre
1667 1197 1707 1246 ao

298 1300 460 1374 divorum
473 1309 699 1394 augustorum
713 1307 895 1395 parentum
910 1309 1103 1372 nostrorum
1120 1300 1228 1372 felicis
1241 1300 1418 1390 memorie,
1433 1307 1465 1371 te
1478 1307 1514 1370 et
1530 1299 1708 1370 ecclesiam

300 1433 393 1496 tuam
415 1447 495 1496 cum
517 1423 736 1512 hominibus,
757 1423 878 1496 castris
898 1431 967 1495 tam
986 1424 1031 1496 dc
1049 1423 1218 1496 donicatis
1235 1445 1338 1518 quam
1360 1422 1496 1510 locatis,
1517 1423 1710 1517 possessio—

301 1549 423 1639 nibus,
455 1548 567 1640 villis,
592 1548 694 1635 ioris,
717 1547 872 1620 curtibus
888 1556 923 1620 et
940 1547 1158 1642 pertinentiis
1183 1549 1257 1620 suis
1274 1559 1310 1620 et
1327 1548 1489 1620 omnibus
1515 1547 1591 1620 aliis
1608 1546 1711 1618 rebus

299 1670 458 1764 suisque
482 1693 575 1742 nunc
599 1671 692 1763 juste
717 1671 822 1743 habet
846 1670 990 1742 ecclesia
1013 1679 1074 1743 tua
1099 1673 1155 1742 vel
1175 1671 1209 1742 in
1233 1680 1333 1744 antea
1355 1671 1448 1762 justo
1474 1669 1711 1764 acquisitionis

299 1793 397 1865 tituto
415 1794 539 1889 poterit
557 1793 721 1890 adipisci,
741 1793 808 1865 sub
825 1792 964 1889 speciali
983 1794 1194 1889 protectione
1211 1817 1253 1866 ac
1274 1794 1473 1867 defensione
1492 1801 1606 1866 nostre
1623 1793 1710 1864 reci-

297 1917 411 2013 pimus
440 1918 646 2010 majestatis,
665 1927 700 1990 et
721 1927 857 2013 recepto
877 1939 898 1989 a
917 1926 950 1990 te
967 1916 1144 1991 fidelitatis
1166 1919 1361 2010 juramento
1386 1918 1432 1991 de
1455 1918 1618 2014 predictis
1636 1939 1710 1989 orn-

298 2040 401 2113 nibus
419 2049 453 2114 te
470 2041 506 2113 in
524 2052 639 2115 nostra
657 2041 829 2137 presentia
848 2042 1069 2114 constitutum
1093 2043 1311 2139 corporaliter
1337 2043 1542 2142 investimus
1562 2053 1596 2115 et
1619 2052 1710 2115 certa

297 2165 438 2239 scientia
464 2166 509 2240 de
534 2166 673 2263 speciali
700 2167 809 2260 gratia
834 2175 949 2239 nostra
974 2167 1128 2263 predicta
1151 2167 1284 2254 omnia,
1308 2168 1398 2240 sicut
1421 2167 1457 2239 in
1481 2167 1623 2240 ecclesie
1651 2177 1709 2238 tue

297 2289 487 2385 privilegiis
505 2291 711 2381 continetur,
731 2289 794 2361 tihi
815 2289 954 2384 tuisque
973 2291 1230 2364 successoribus
1250 2291 1473 2363 concedimus
1492 2299 1528 2361 et
1544 2300 1709 2387 perpetuo

298 2413 555 2488 confirmamus.
574 2415 742 2487 Volumus
757 2414 861 2488 etiam
878 2424 913 2486 et
929 2415 1138 2512 precipimus
1158 2424 1196 2486 ut
1210 2414 1325 2487 omnia
1343 2415 1468 2510 scripta
1484 2415 1529 2487 de
1546 2413 1709 2509 predictis

298 2538 387 2610 iacta
404 2559 425 2610 a
445 2535 676 2633 quadraginta
692 2536 791 2610 annis
809 2537 899 2610 inira
920 2561 989 2633 que
1011 2541 1047 2610 in
1067 2541 1233 2613 damnum
1262 2539 1405 2610 ecclesie
1432 2547 1489 2610 tue
1508 2538 1628 2610 venire
1650 2537 1709 2609 vi-

297 2658 435 2754 dentur,
454 2661 559 2733 robur
577 2683 646 2734 non
665 2661 813 2734 habeant
830 2661 1016 2754 firmitatis;
1038 2662 1243 2735 mandantes
1266 2670 1301 2733 et
1325 2659 1466 2732 firmiter
1481 2661 1709 2756 precipientes

297 2794 336 2858 ut
351 2787 467 2858 nullus
484 2786 529 2858 sit
546 2785 607 2880 qni
626 2797 744 2859 contra
762 2786 866 2880 hujus
887 2795 1002 2859 nostre
1017 2785 1254 2882 protectionis,
1273 2784 1523 2857 commissionis
1537 2794 1572 2857 et
1584 2783 1707 2858 confir·

297 2908 456 2980 mationis
477 2909 699 3005 privilegium
724 2910 942 3004 aliquatenus
967 2910 1087 2982 venire
1106 2917 1293 3006 presumat.
1315 2909 1417 2993 Quod
1440 2909 1501 3003 qui
1525 2931 1709 3004 presump-

297 3032 379 3104 serit
397 3032 442 3105 de
460 3055 523 3106 sus
539 3033 738 3106 temeritatis
755 3055 843 3105 ausu
860 3042 995 3106 centum
1012 3034 1118 3106 libras
1132 3034 1207 3107 auri
1225 3033 1303 3129 puri
1319 3041 1512 3128 componat,
1529 3029 1706 3131 [quarum]

297 3156 517 3230 medietatem
541 3179 676 3230 camere
702 3165 838 3250 nostre,
864 3158 1032 3252 reliquam
1059 3178 1142 3230 vero
1170 3165 1302 3253 partem
1326 3156 1437 3251 passis
1460 3156 1620 3249 injuriam
1647 3180 1709 3252 pro

297 3304 388 3378 pena
416 3282 541 3356 solvat.
573 3283 630 3356 Ad
656 3305 804 3377 quornm
836 3282 1035 3356 memoriam
1061 3292 1096 3356 et
1118 3291 1321 3378 perpetuam
1349 3279 1543 3352 firmitatem
1571 3302 1711 3377 presens

296 3406 516 3501 privilegium
540 3405 623 3480 inda
649 3403 723 3478 fieri
748 3413 782 3478 et
803 3407 899 3479 bulla
925 3427 1030 3479 aurea
1054 3405 1189 3502 typario
1213 3402 1263 3501 (a)
1286 3404 1473 3496 majestatis
1500 3413 1615 3478 nostre
1641 3406 1711 3475 irn-

296 3549 414 3622 pressa
431 3526 478 3626 (b)
491 3529 660 3623 jussimus
674 3528 891 3602 communiri.

346 3653 457 3745 Hujus
474 3651 525 3724 rei
548 3659 650 3725 testes
667 3661 749 3724 sunt
771 3653 906 3725 Utricus
928 3651 1143 3724 Pataviensis
1164 3651 1364 3747 episcopus,
1386 3648 1547 3724 Albertus
1567 3649 1710 3723 Triden-

297 3777 391 3849 tinus
409 3777 554 3869 clectns,
573 3774 779 3850 Berthcldns
802 3776 1052 3869 Brixi[n]ensis
1077 3775 1279 3872 episcopus,
1302 3775 1472 3847 Walterus
1490 3773 1535 3846 de
1559 3775 1710 3848 Palsaria

297 3901 498 3975 catanensis
513 3901 697 3998 episcopus
709 3911 744 3974 et
760 3901 858 3996 regni
876 3901 991 3973 Sicilie
1005 3900 1242 3993 cancellarius,
1256 3898 1451 3994 Stephanus
1464 3897 1573 3971 abbas
1586 3900 1712 3973 montis

297 4022 511 4118 Cannensis,
541 4023 675 4097 Guidns
707 4023 863 4098 marchio
892 4023 1131 4098 Montisieretri
1159 4022 1230 4120 (t),
1259 4021 1330 4094 Azo
1359 4020 1512 4093 marchio
1539 4021 1707 4110 detensis,

337 4197 379 4280 (a)
400 4201 436 4262 ln
449 4201 593 4278 impresso
604 4201 734 4281 imperio,
743 4201 828 4263 male.

340 4303 379 4385 (t)
398 4306 514 4368 Itidem
525 4307 722 4388 imponam,
735 4308 818 4369 male

334 4653 368 4724 (t)
386 4651 543 4710 tiendosurn
556 4651 645 4709 locum
659 4649 738 4710 valdo
752 4649 929 4724 suspicamur,
944 4663 994 4722 pro
1008 4645 1160 4706 Guitclmus
1173 4645 1514 4719 montioitoneicfcrrutt.
