4368 5876
509 474 551 540 88
1011 475 1225 541 tstnastcl
1251 478 1424 542 secedat
1738 479 1819 558 [err.
1839 480 1924 544 1220.

513 609 698 708 personali,
717 608 801 682 reali
823 608 883 703 [et]
902 609 1008 684 rebus
1029 633 1255 709 personamm
1274 615 1430 713 ipsarum
1444 623 1563 690 nostre
1581 614 1773 713 reipublice
1788 625 1825 690 et
1843 615 1929 690 lide·

515 737 607 810 libus
624 733 749 809 uostris
765 733 884 808 debito
905 746 1071 831 perpetuo
1090 738 1260 837 imperiali
1278 741 1481 817 auctoritate
1500 741 1536 814 in
1554 737 1796 814 eleemosinam
1815 741 1930 817 eidem

514 859 720 935 monasterio
741 857 998 934 confirmamus.
1023 860 1252 938 Gonoedimus
1272 864 1378 938 etiam
1399 874 1438 938 ut
1460 863 1490 938 si
1511 863 1673 938 monaehi
1692 864 1750 938 vol
1772 865 1930 938 conversi

514 1006 578 1081 per
592 1006 630 1058 se
646 983 702 1057 vel
716 1004 778 1080 per
801 984 941 1059 nuntios
963 985 1148 1062 familiares
1161 1010 1244 1064 suos
1262 1009 1323 1062 seu
1343 987 1501 1062 homines
1524 997 1560 1062 et
1576 987 1707 1061 vasalli
1725 987 1837 1084 ipsius
1855 1009 1931 1062 mo-

514 1109 656 1184 nasterii
669 1119 704 1181 et
718 1107 994 1182 obedientiarum
1012 1119 1047 1184 et
1070 1110 1223 1187 locorum
1240 1113 1355 1188 eidem
1373 1113 1594 1188 subditorum
1612 1133 1694 1185 cum
1712 1133 1833 1186 eorum
1849 1114 1929 1187 aui-

513 1233 665 1308 malibus
693 1234 738 1308 de
765 1232 1044 1329 quibuscumque
1069 1236 1174 1310 robus
1197 1237 1348 1312 oneratis
1370 1237 1473 1312 ierint
1492 1247 1527 1310 et
1546 1235 1711 1312 redierint
1727 1257 1791 1310 seu
1812 1238 1929 1333 aliqua

514 1359 662 1432 emerint
677 1358 734 1431 vel
752 1356 975 1433 vendiderint
996 1382 1060 1457 pro
1082 1382 1204 1435 eorum
1219 1363 1366 1438 utilitate
1389 1385 1451 1460 per
1469 1370 1579 1436 totum
1602 1383 1748 1456 regnum
1765 1370 1802 1436 et
1820 1363 1930 1460 impe-

514 1483 605 1557 rium
622 1491 794 1575 nostrum,
819 1484 935 1558 nullus
956 1483 992 1556 in
1018 1492 1089 1559 tota
1114 1495 1205 1560 terra
1228 1487 1335 1560 nostri
1358 1485 1510 1562 demanii
1534 1485 1719 1577 comitum,
1739 1487 1925 1580 baronum,

515 1609 664 1684 militum
680 1617 715 1682 et
734 1607 880 1682 aliorum
903 1605 1059 1682 bdelium
1078 1621 1272 1686 nostrornm
1289 1611 1511 1709 plateaticum
1532 1609 1716 1708 [imponat]
1735 1621 1796 1684 aut
1820 1613 1927 1699 tollat,

515 1733 578 1808 sed
603 1733 711 1806 libere
731 1741 766 1806 et
791 1732 924 1828 absque
947 1734 1184 1809 contrarietate
1207 1757 1342 1832 semper
1366 1735 1607 1834 permittantur
1632 1735 1739 1809 abire.
1763 1735 1932 1810 Volumus

515 1859 658 1954 insuper
677 1867 713 1932 et
731 1857 896 1952 jubemus
914 1868 954 1930 ut
975 1857 1021 1932 de
1043 1859 1253 1933 animalibus
1275 1859 1387 1956 ipsius
1403 1860 1619 1950 monasterii,
1636 1858 1930 1952 obedientiarum,

516 1984 684 2072 locorum,
705 1991 893 2080 pastorum,
912 1982 1093 2056 hominum
1110 1994 1146 2059 et
1161 1986 1377 2060 vaxallomm
1396 2005 1538 2058 auorum
1554 2005 1676 2060 εοοιιιιι
1691 1993 1727 2057 et
1742 1983 1851 2058 libere
1866 1984 1933 2058 sub

518 2119 635 2183 nostra
646 2109 857 2206 protectione
870 2130 1007 2207 semper
1018 2117 1098 2184 eant
1112 2120 1148 2184 et
1159 2109 1315 2204 redeant,
1326 2119 1490 2185 maneant
1502 2118 1538 2182 et
1550 2118 1736 2206 pumuntur
1747 2130 1809 2205 per
1824 2117 1933 2182 totum

517 2255 664 2330 regnum
685 2243 721 2307 et
744 2233 929 2330 imperium
951 2245 1106 2310 uosonm
1129 2237 1166 2309 in
1190 2257 1411 2332 quacumque
1432 2244 1530 2332 parte
1545 2234 1673 2308 fuerint
1695 2241 1843 2329 reperta,
1862 2243 1933 2308 tam

517 2381 581 2456 per
598 2367 723 2432 terrum
739 2359 847 2433 nostri
862 2358 1013 2433 demanii
1031 2382 1137 2456 quam
1153 2362 1342 2454 comitum,·
1353 2361 1537 2452 baronum,
1556 2359 1704 2433 militum
1727 2368 1763 2432 et
1787 2358 1934 2432 aliorum

517 2481 673 2557 fidelium
690 2492 897 2570 nostrorum,
918 2491 954 2556 et
969 2484 1064 2579 ligna
1077 2485 1183 2559 etiam
1196 2485 1324 2560 viridia
1341 2493 1376 2558 et
1390 2484 1481 2558 sicca
1499 2485 1620 2557 iratres
1634 2481 1718 2556 dicti
1735 2481 1934 2556 monasterii

518 2615 553 2682 et
569 2607 722 2680 locomm
741 2626 885 2680 suorum
903 2629 945 2680 ac
971 2607 1129 2680 homines
1149 2617 1184 2682 et
1199 2607 1331 2682 vasalli
1353 2608 1432 2700 ejus
1452 2629 1515 2703 pro
1536 2627 1656 2680 eorum
1671 2606 1765 2699 justa
1788 2606 1935 2680 utilitate

517 2753 580 2830 per
596 2741 704 2805 totam
723 2739 848 2804 terram
867 2731 974 2804 nostri
992 2731 1143 2805 demanii
1162 2742 1197 2806 et
1215 2733 1450 2829 predictorum
1471 2729 1627 2805 fidelium
1643 2740 1838 2804 nostrorum
1858 2729 1934 2804 sine

519 2858 769 2951 cujuscumque
792 2857 1030 2932 conbarietate
1055 2879 1192 2954 semper
1216 2859 1402 2954 accipiant.
1427 2857 1649 2954 Precipimus'
1666 2855 1770 2928 etiam
1792 2853 1935 2930 firmiter

519 2980 689 3075 imperiali
707 2980 910 3054 auctoritate
927 2990 967 3052 ut
982 2980 1140 3054 homines
1153 2988 1189 3054 et
1202 2981 1334 3055 vaxalli
1350 2980 1413 3076 qui
1431 2980 1477 3054 ad
1495 2980 1555 3071 jus
1572 2977 1719 3075 predicti
1735 2979 1934 3052 monasterii

519 3103 690 3201 pertinent
708 3105 765 3178 vel
782 3104 929 3177 Domino
945 3103 1051 3178 dante
1068 3105 1105 3176 in
1124 3107 1280 3179 luterum
1298 3105 1470 3201 pertinere
1483 3111 1681 3197 noscentm,
1696 3104 1832 3178 nullum
1847 3125 1935 3198 gre-

518 3251 645 3302 ramen
669 3229 715 3302 ab
746 3230 863 3324 aliquo
890 3251 953 3304 seu
983 3231 1174 3304 molestiam
1198 3232 1388 3327 patiantm,
1414 3229 1478 3303 sed
1502 3229 1548 3302 ab
1573 3229 1734 3304 omnibus
1762 3227 1932 3321 servitiis,

519 3353 701 3446 adjutoriis
724 3363 759 3428 et
781 3354 1042 3447 gravaminibus
1066 3356 1325 3452 personalibus,
1352 3355 1503 3430 realibus
1524 3362 1560 3427 et
1584 3355 1688 3427 rebus
1710 3373 1935 3449 personarum

520 3480 674 3576 ipsarum
698 3479 825 3553 liberos
847 3481 1106 3554 essevolumus
1128 3488 1295 3578 perpetuo
1315 3489 1351 3554 et
1368 3481 1553 3552 immunes.
1577 3479 1747 3552 Volumus
1769 3479 1875 3552 etiam
1899 3487 1935 3552 et

521 3603 745 3678 concedimus
770 3602 816 3676 de
839 3613 954 3678 nostra
980 3604 1082 3700 plena
1104 3605 1306 3680 liberalitate
1329 3613 1369 3678 ut
1394 3604 1551 3678 homines
1574 3601 1659 3678 dicti
1679 3603 1877 3677 monasterii
1899 3613 1937 3676 et

520 3729 796 3804 obedientiarum
822 3729 899 3821 eius
921 3751 963 3802 ac
987 3729 1145 3804 homines
1172 3741 1208 3804 et
1233 3730 1365 3804 rendli
1388 3729 1500 3825 ipsius
1522 3727 1719 3803 monasterii
1742 3747 1862 3802 omnes
1885 3726 1936 3798 li-

520 3855 682 3947 bertates‚
698 3854 808 3929 bonos
823 3876 908 3928 usus
925 3864 961 3929 et
977 3854 1247 3931 consuetudines
1259 3876 1395 3951 semper
1408 3855 1559 3928 babeant
1570 3875 1659 3950 quas
1677 3863 1830 3950 tempore
1843 3851 1936 3946 regis

521 3979 693 4054 Guillelmi
717 3977 928 4072 babuerunt,
948 4001 1036 4075 quas
1058 3980 1143 4077 ipsis
1167 3981 1331 4055 volumus
1353 3990 1390 4054 et
1406 3979 1628 4054 concedimus
1653 3987 1822 4074 perpetuo
1845 3997 1937 4050 con-

521 4105 671 4198 servarir
687 4105 765 4180 etsi
780 4125 850 4200 que
866 4106 957 4178 mala
975 4105 1190 4180 consuetudo
1207 4106 1244 4178 in
1262 4105 1385 4180 eodem
1401 4104 1609 4180 monasterio
1627 4124 1690 4176 seu
1711 4103 1746 4174 in
1761 4100 1935 4196 aliquibus

523 4228 569 4303 de
582 4230 789 4326 supradictis
805 4229 891 4302 locis
910 4229 997 4324 suis,
1017 4232 1122 4304 rebus
1139 4232 1196 4304 vel
1212 4229 1490 4327 possessionibus
1505 4237 1568 4304 aut
1583 4237 1695 4302 castro
1711 4223 1931 4314 Mercuriani,

523 4355 714 4444 casalibus,
732 4353 929 4430 bominibus
951 4364 986 4429 et
1004 4355 1153 4431 vaxallis
1172 4356 1255 4431 dicti
1279 4356 1477 4430 monasterii
1498 4356 1665 4428 hactenns
1686 4351 1753 4426 fuit
1774 4348 1934 4446 imposita

525 4479 562 4550 in
583 4487 653 4551 tota
676 4489 764 4552 terra
787 4479 893 4552 nostri
912 4479 1063 4554 demanii
1085 4488 1121 4553 et
1142 4479 1376 4577 predictorum
1402 4477 1560 4553 fidelium
1584 4484 1798 4568 noseorum,
1817 4472 1934 4547 omni-

524 4603 628 4678 modo
646 4602 810 4700 deinceps
829 4604 986 4678 deleatm
1003 4615 1039 4678 et
1058 4626 1128 4679 non
1150 4607 1263 4680 valeat
1280 4604 1317 4677 in
1335 4604 1503 4677 futurum.
1525 4601 1753 4678 concedimus
1772 4599 1876 4674 etiam
1898 4605 1936 4669 et
