4436 5870
309 621 408 682 lamen.
424 619 467 704 9.]
758 615 956 678 HISTORIA
982 617 1273 679 nlntultltulcu.
1681 615 1721 677 73

309 757 429 828 cialem
456 760 571 824 nostre
597 749 783 843 majestatis
810 751 1053 845 protectionem
1078 752 1282 847 recipimus,
1308 760 1495 826 statuentes
1520 750 1662 823 firmiter
1686 759 1721 823 et

245 961 249 970 ,
309 877 462 952 districte
490 874 715 971 precipientes
737 881 777 944 nt
799 876 916 947 nullus
935 871 1116 947 hominu'm
1142 897 1202 948 eos
1225 875 1263 947 in
1289 874 1446 971 personis
1472 876 1529 947 vel
1556 874 1592 946 in
1615 874 1719 946 rebus

307 1002 488 1074 molestare
517 997 665 1092 audeat,
696 996 814 1068 nullus
841 997 1141 1094 archiepiscopus,
1175 997 1376 1095 episcopus,
1408 998 1504 1089 dux,
1539 982 1716 1085 marchio,

308 1125 522 1215 vicecomes,
558 1142 672 1195 comcs
704 1121 762 1194 vel
788 1142 971 1196 commuue
989 1149 991 1154 ‘
1007 1144 1072 1194 nco
1107 1123 1233 1218 aliquis
1261 1131 1454 1195 nostrorum
1494 1122 1545 1196 eis
1574 1123 1610 1194 in
1649 1123 1721 1195 ali-

308 1270 379 1343 quo
402 1268 590 1342 gravamen
622 1246 748 1319 inferre
772 1257 960 1341 presumat.
987 1246 1044 1318 Ad
1065 1246 1131 1320 bec
1153 1256 1269 1320 autern
1297 1247 1429 1321 eisdem
1457 1249 1581 1321 nostris
1604 1247 1720 1321 fideli-

309 1373 375 1444 bus
397 1373 442 1445 de
475 1371 689 1466 benignitate
712 1369 931 1466 imperatorie
956 1371 1142 1464 majestatis
1175 1391 1295 1444 eorum
1326 1371 1476 1444 servitiis
1500 1381 1534 1444 et
1556 1371 1720 1446 devotin-

309 1496 412 1568 nibus
434 1494 699 1591 respondentes,
728 1492 951 1568 concedimus
973 1493 1079 1588 atque
1104 1494 1271 1588 largimur
1295 1516 1494 1586 armannus,
1522 1495 1717 1587 allodarios,

310 1617 520 1693 Lombardos
546 1618 608 1713 qui
634 1626 717 1691 sunt
741 1618 779 1690 in
803 1617 960 1691 districtu
992 1639 1134 1709 eorum,
1158 1617 1296 1690 iodrum
1324 1628 1360 1691 et
1387 1640 1525 1692 omnem
1553 1621 1719 1692 rationem

309 1766 378 1838 que
391 1744 437 1817 ad
455 1765 518 1816 nos
532 1743 684 1838 pertinet
701 1741 747 1816 de
762 1742 863 1815 terris
880 1751 916 1816 et
931 1741 1208 1839 possessionibus
1225 1763 1345 1816 eorum
1366 1743 1442 1816 sive
1460 1733 1505 1817 de
1523 1743 1721 1816 hominibus

309 1869 370 1964 qui
388 1867 521 1941 suntin
538 1865 697 1941 districtu
711 1887 844 1958 eorum,
868 1866 1063 1940 sancientes
1080 1865 1223 1939 firmiter
1242 1875 1281 1938 ut
1301 1867 1347 1940 ab
1362 1868 1457 1940 omni
1479 1867 1721 1962 inquietudine

310 2015 351 2066 ac
368 1994 507 2068 datione
529 1993 702 2066 immunes
725 1991 867 2066 omuino
887 1999 1121 2087 permaneant.
1146 1992 1291 2087 Insuper
1310 1991 1395 2088 ipsis
1414 2001 1450 2065 et
1471 2013 1591 2066 eorum
1613 1993 1720 2066 bere·

310 2117 414 2192 dibus
437 2117 660 2192 concedimus
681 2126 718 2190 et
742 2115 985 2191 confirmamus
1010 2118 1123 2190 forum
1147 2117 1183 2189 in
1207 2115 1390 2190 Castilione
1414 2117 1466 2214 (l)
1491 2127 1614 2212 quarta
1635 2119 1720 2191 leria

310 2241 478 2338 imperiali
493 2241 695 2317 auctoritate
708 2250 748 2314 ut
763 2242 880 2314 lorum
897 2239 947 2314 ibi
963 2249 1209 2314 manuteneant
1225 2250 1261 2314 et
1275 2241 1475 2329 defendant,
1492 2242 1719 2339 precipientes

309 2368 406 2462 quod
431 2368 565 2440 nullum
590 2366 687 2440 aliud
707 2365 768 2439 fiat
788 2367 864 2462 ipsu
882 2365 940 2440 die
955 2364 1051 2461 quod
1070 2368 1142 2459 jam
1166 2365 1299 2439 dictum
1326 2365 1492 2462 impediat
1514 2369 1636 2438 lorum.
1659 2369 1719 2438 ln-

309 2513 415 2588 super
430 2491 582 2586 predicto
602 2491 728 2564 blatteo
747 2490 903 2564 clementi
927 2489 1140 2586 benignitate
1160 2489 1383 2584 indulgemus
1400 2499 1440 2562 ut
1462 2489 1603 2562 domum
1621 2511 1720 2564 suam

309 2636 415 2709 quam
430 2615 535 2688 habet
556 2615 594 2687 in
612 2621 723 2688 castro
745 2614 879 2688 Citerne
902 2635 964 2708 pro
989 2635 1054 2688 suo
1076 2613 1165 2686 velle
1191 2623 1304 2686 muret
1320 2623 1355 2687 et
1375 2612 1528 2706 edificet,
1555 2615 1720 2708 nullaque

310 2760 456 2835 persona
470 2739 613 2812 humilis
623 2739 679 2812 vel
693 2739 775 2829 alta,
791 2737 957 2812 secularis
969 2739 1027 2812 vel
1042 2738 1284 2831 ecclesiastica,
1295 2739 1407 2836 ipsum
1422 2739 1459 2810 iu
1473 2738 1539 2811 hoc
1552 2737 1721 2833 impedire

310 2863 367 2939 vel
392 2866 571 2938 molestare
589 2873 778 2960 presumat.
797 2863 841 2935 Et
854 2861 1008 2957 predicta
1027 2862 1144 2935 omnia
1164 2859 1422 2953 confirmamus,
1441 2861 1532 2934 sicut
1548 2863 1585 2932 in
1607 2862 1722 2958 privi-

310 2987 409 3081 legiis
432 2987 515 3061 dive
544 2984 790 3060 recordationis
810 2986 919 3082 patris
942 2986 1049 3058 nostri
1064 2985 1277 3081 imperatoris
1297 2985 1434 3058 Henrici
1452 2985 1587 3080 plenius
1611 2986 1720 3059 conti·

311 3120 422 3183 netur.
441 3111 573 3206 Siquis
589 3132 672 3184 vero
684 3119 801 3184 oontm
813 3110 880 3184 hoo
892 3119 1049 3184 nostrum
1065 3108 1219 3183 edictum
1234 3109 1354 3182 venire
1369 3111 1563 3202 tentaverit,
1581 3110 1721 3205 triginta

311 3234 416 3306 libras
443 3235 564 3332 optimi
590 3235 665 3308 anri
687 3255 751 3331 pro
776 3255 866 3330 pena
888 3234 1080 3330 persolvat,
1108 3233 1328 3308 medietatem
1354 3255 1490 3308 camere
1512 3243 1644 3325 nostre,
1669 3257 1722 3309 re.-

311 3357 450 3430 siduum
467 3358 579 3453 passis
592 3359 775 3452 injuriam3
791 3368 827 3432 st
839 3357 905 3431 boc
920 3367 1076 3432 nostrum
1093 3355 1295 3432 mandatum
1313 3368 1352 3430 ut
1367 3368 1480 3432 ratum
1499 3358 1667 3432 habeatnr
1687 3369 1722 3432 et

312 3477 448 3552 bunum
463 3481 687 3577 impressione
700 3481 807 3555 nostri
821 3481 924 3573 sigilli
938 3481 1106 3574 jussimus
1124 3481 1341 3554 communiri.

359 3605 470 3698 Hujus
492 3606 543 3678 rei
566 3616 669 3680 testes
684 3616 766 3678 suut
788 3605 999 3680 Guarnerius
1022 3604 1251 3679 debellanda
1269 3605 1456 3701 imperialis
1476 3602 1624 3703 dapifer,
1649 3606 1722 3678 An·

311 3728 439 3800 selmus
470 3729 517 3804 de
550 3731 730 3826 lustingen
758 3729 946 3825 imperialis
972 3730 1222 3822 marescalcus,
1252 3728 1440 3804 Rainaldus
1470 3731 1546 3804 dux
1572 3730 1719 3826 Spoleti,

311 3850 501 3924 Gulielmus
530 3853 684 3927 marchio
710 3853 971 3942 Montislerrati,
1000 3851 1181 3927 Rollredus
1206 3852 1251 3927 de
1274 3855 1473 3928 Benevento
1493 3855 1580 3948 juris
1609 3855 1723 3926 civilis
1789 3899 1791 3903 v

311 3975 482 4069 professor
506 3986 540 4050 et
566 3976 754 4073 imperialis
781 3986 818 4050 et
844 3975 970 4072 regalis
1000 3977 1096 4050 curie
1124 3977 1288 4072 magister
1311 3986 1346 4051 et
1366 3976 1503 4071 judex,
1531 3978 1722 4052 Palmarins

312 4059 516 4194 εοὲιρθιιιιε,
536 4100 717 4174 rainerius
734 4099 780 4174 us
794 4100 918 4174 nemu.
936 4098 1118 4174 canarrvrn
1135 4099 1222 4198 (sa),
1241 4109 1276 4174 er
1289 4101 1347 4173 uo
1360 4101 1594 4197 quamplures.

360 4223 485 4295 Datum
510 4223 547 4295 in
570 4222 714 4296 Castello
745 4223 964 4320 episcopatus
991 4219 1223 4320 Sav[inensis]
1245 4223 1259 4320 (
1284 4222 1318 4320 ),
1347 4244 1439 4298 anno
1466 4224 1639 4298 dominice
1662 4224 1721 4296 in-

348 4541 386 4616 (t)
402 4543 588 4604 verisimiliter
611 4545 787 4621 castiglione,
796 4549 872 4622 Juxta
884 4548 1071 4608 Trasimenum
1086 4545 1186 4606 boum.

348 4638 386 4712 (2)
404 4641 456 4715 Ap.
466 4643 587 4701 hminm
599 4643 682 4717 ster
694 4662 739 4721 ap.
753 4645 954 4705 Gamurriuirnn
965 4645 1054 4705 Suus.
1067 4645 1110 4705 vel
1122 4645 1243 4704 Soanas.
1251 4646 1311 4705 Non
1324 4645 1479 4706 dubitamus
1491 4647 1556 4722 quin
1569 4647 1616 4705 bic
1626 4651 1720 4722 agatur

311 4735 347 4795 de
360 4738 516 4814 episcopatu
533 4740 693 4818 salinensi,
709 4743 799 4803 italico
818 4745 945 4806 idiomate
961 4745 1083 4818 mutuo,
1098 4760 1191 4804 amnes
1207 4745 1279 4804 inter
1291 4745 1418 4817 Tiberim,
1434 4746 1532 4804 Noram
1546 4751 1574 4804 et
1584 4747 1718 4805 Velinum.

411 4839 452 4902 II·
1526 4855 1562 4908 10
