4326 5896
581 567 643 628 544
1082 571 1296 633 Fllllllllllcl
1321 571 1496 632 SllCllNlll
1812 569 1892 652 [λιι
1910 573 1994 634 lm

582 707 693 777 Deum
724 713 759 777 et
788 713 945 777 sanctum
973 705 1112 780 Petrum
1141 707 1297 782 omnium
1326 731 1443 782 rernm
1470 729 1612 782 suarum
1645 705 1811 780 heredem
1844 708 1991 804 reliquit.

582 829 711 901 Habuit
737 829 830 901 enim
857 829 946 902 duos
969 831 1097 906 liberos
1125 833 1253 927 quibus
1276 832 1506 906 substantiam
1535 854 1635 904 snam
1657 830 1800 920 divisit,
1826 831 1994 904 Cononem

582 954 712 1026 scilicet
732 965 767 1026 et
781 954 1063 1049 Ermingardam,
1083 979 1154 1052 qno
1174 981 1254 1030 cnm
1277 959 1400 1032 manto
1421 957 1614 1031 traderetur
1636 956 1827 1052 portionem
1849 955 1916 1027 sibi
1936 957 1993 1028 dc·

581 1079 688 1152 bitem
707 1080 840 1172 accepit
853 1089 887 1152 et
903 1079 949 1152 de
961 1089 1059 1176 parte
1080 1082 1215 1177 reliqua
1237 1103 1375 1156 omnem
1392 1082 1624 1177 calumpniam
1649 1081 1804 1174 legitime
1820 1083 1989 1152 refutavit.

579 1203 713 1278 Deinde
743 1204 836 1276 filius
861 1226 1002 1299 quoqne
1030 1205 1135 1278 duxit
1164 1227 1333 1295 uxorem,
1360 1205 1610 1300 celebratisque
1636 1203 1769 1300 nuptiis
1795 1225 1877 1277 cnm
1899 1205 1990 1274 molti

579 1328 832 1419 convenissent,
852 1327 1005 1402 inierunt
1021 1340 1180 1425 parentes
1197 1353 1277 1403 cum
1296 1329 1367 1403 filio
1383 1340 1419 1403 et
1436 1353 1527 1402 nuru
1548 1352 1613 1402 sua
1630 1351 1676 1402 ne
1693 1329 1729 1400 in
1747 1328 1807 1402 die
1828 1329 1990 1400 bonorum

579 1453 798 1527 immemores
815 1463 930 1526 essent
948 1456 1117 1528 malornm
1136 1465 1171 1530 et
1191 1466 1229 1528 nt
1248 1456 1296 1528 illi
1315 1455 1378 1550 qui
1394 1455 1512 1528 omnia
1532 1453 1631 1526 dedit
1651 1455 1767 1548 aliqua
1790 1453 1988 1526 tribuerent.

581 1575 824 1651 Convenerunt
840 1599 924 1672 ergo
948 1578 984 1651 in
1010 1579 1076 1652 boc
1102 1589 1141 1652 ut
1168 1581 1205 1652 in
1230 1581 1305 1653 loco
1333 1589 1368 1654 et
1396 1579 1505 1652 lundo
1530 1579 1592 1674 qni
1622 1579 1751 1652 dicitur
1776 1580 1864 1650 Rota
1893 1599 1989 1672 qoem

578 1702 769 1797 preterlluit
781 1703 877 1775 Enns
895 1703 1041 1796 fluvios,
1057 1705 1119 1800 qui
1135 1705 1239 1778 estin
1256 1705 1420 1778 comitato
1436 1703 1568 1776 Arnolli
1583 1703 1718 1775 comitis
1730 1704 1801 1798 (l),
1824 1711 1990 1774 monaste·

579 1828 671 1898 rium
691 1837 928 1900 construerent
944 1829 1061 1924 ibique
1075 1831 1262 1904 monachos
1279 1831 1350 1904 Deo
1367 1831 1573 1903 famulantes
1586 1835 1848 1922 congregarent.
1866 1827 1991 1899 Placuit

578 1951 646 2024 hoc
669 1951 756 2050 lilio,
777 1951 907 2048 placuit
924 1953 1047 2046 nurui,
1075 1954 1248 2050 simulque
1272 1977 1352 2028 cnm
1377 1954 1578 2050 parentibus
1602 1951 1649 2026 ad
1670 1953 1778 2025 altare
1798 1960 1989 2024 sanctornm

578 2076 701 2150 lllarini
726 2087 762 2149 et
783 2076 909 2149 Aniani
932 2078 1156 2174 procedentes
1182 2079 1399 2154 tradiderunt
1420 2082 1493 2152 Deo
1515 2088 1550 2151 et
1571 2079 1700 2152 sanctis
1721 2081 1799 2170 ejus
1820 2074 1990 2170 quidquid

580 2202 616 2273 in
640 2223 747 2296 regno
773 2213 888 2276 nostro
912 2204 1148 2300 possiderunt,
1177 2205 1206 2278 si
1234 2207 1368 2301 absque
1394 2204 1512 2278 liberis
1537 2203 1685 2276 obirent.
1715 2202 1833 2276 Nurns
1856 2223 1992 2295 quoqne

579 2327 695 2400 dotem
713 2349 819 2422 quam
838 2350 884 2400 ex
900 2329 1025 2402 marito
1041 2342 1238 2426 acceperat,
1258 2331 1464 2403 monasterio
1482 2329 1520 2400 in
1537 2325 1725 2422 legitimam
1743 2326 1991 2422 possessionem

579 2450 722 2524 tradidit
734 2474 815 2524 cum
828 2453 922 2526 omni
935 2454 1142 2549 patrimonio
1156 2455 1253 2550 quod
1268 2453 1532 2548 inLotharingia
1546 2450 1758 2550 possederat,
1770 2451 1799 2522 si
1813 2473 1859 2524 ex
1872 2449 1990 2523 eodem

579 2577 700 2648 marito
729 2574 867 2650 Conone
893 2576 1021 2650 liberos
1049 2599 1118 2649 non
1144 2588 1335 2672 generaret.
1365 2580 1522 2654 Evolutis
1549 2587 1664 2650 antem
1691 2576 1825 2670 aliquot
1854 2573 1989 2660 diebus,

577 2697 670 2772 filius
684 2697 731 2772 ad
746 2701 924 2774 servitium
938 2712 1094 2774 nostrum
1111 2715 1253 2776 vocatus
1266 2704 1302 2775 in
1316 2705 1406 2778 bello
1423 2699 1562 2795 cecidit,
1577 2711 1613 2775 et
1625 2701 1676 2773 sic
1689 2701 1805 2774 omnis
1822 2699 1992 2772 hereditas

578 2823 626 2897 ad
652 2823 850 2897 monasterii
872 2827 931 2920 jus
959 2827 1016 2898 cui
1042 2827 1206 2902 traditum
1234 2829 1345 2902 inerat
1372 2828 1488 2903 rediit.
1515 2827 1664 2900 Orbatus
1687 2846 1771 2899 vero
1801 2835 1898 2920 pater
1924 2833 1990 2896 lota

580 2959 696 3022 mente
710 2948 758 3023 ad
771 2951 882 3023 Deum
896 2952 1119 3045 convertitur,
1136 2953 1341 3050 sublatoque
1359 2975 1502 3050 corpore
1516 2951 1578 3024 filii
1591 2952 1646 3024 sni
1660 2960 1696 3024 et
1709 2959 1887 3046 assumpta
1903 2972 1989 3020 nuru

579 3095 650 3169 que
673 3075 748 3147 sine
769 3076 865 3170 prole
880 3086 1108 3166 remanserat,
1127 3077 1175 3151 ad
1192 3080 1437 3152 monasterium
1458 3085 1635 3175 properat,
1655 3075 1823 3170 exequias
1845 3074 1991 3146 celebrat

579 3198 829 3294 celebratisque
844 3200 1005 3294 exequiis
1023 3201 1241 3275 traditionem
1257 3213 1413 3279 renovat.
1434 3205 1500 3277 Dat
1516 3225 1614 3276 socer
1630 3199 1868 3290 hereditatem,
1884 3221 1989 3270 nurus

578 3322 708 3416 dotem,
728 3346 798 3397 non
822 3326 1054 3400 conditionate
1080 3337 1119 3398 nt
1141 3328 1259 3424 prins,
1285 3329 1348 3403 sed
1371 3331 1520 3426 perfecte
1546 3330 1618 3402 Deo
1643 3337 1678 3400 et
1702 3325 1830 3399 sanctis
1856 3326 1932 3417 ejus
1955 3325 1987 3394 in

577 3459 802 3544 perpetuum,
819 3449 1009 3522 offeruntur
1025 3451 1090 3524 viri
1107 3451 1271 3524 militares
1289 3455 1350 3549 qui
1372 3453 1535 3527 dicuntur
1556 3451 1796 3524 ministeriales
1812 3471 1894 3522 cum
1915 3470 1987 3545 pre·

577 3574 646 3646 diis
660 3583 695 3646 et
717 3574 993 3668 possessionibus
1015 3575 1088 3648 suis
1110 3598 1200 3670 quos
1222 3578 1316 3651 domi
1337 3577 1490 3675 lorisque
1514 3575 1675 3651 custodes
1694 3575 1809 3648 lateris
1827 3573 1984 3660 babebat,

576 3699 707 3793 quibus
726 3699 830 3771 etiam
846 3703 924 3794 jura
944 3701 1063 3774 statuit
1080 3712 1120 3773 nt
1140 3704 1338 3776 monasterii
1359 3704 1504 3798 gloriam
1526 3711 1664 3776 teneant
1685 3709 1720 3773 et
1742 3699 1929 3772 abbatibus
1948 3698 1987 3768 li·

577 3823 660 3896 bere
682 3845 724 3895 ac
741 3823 944 3918 regulariter
966 3825 1217 3899 substituendis
1240 3825 1382 3901 honesto
1405 3829 1504 3920 loco,
1531 3826 1645 3924 gradu
1670 3833 1706 3898 et
1731 3823 1853 3897 ordine
1874 3823 1985 3894 deser-

577 3947 686 4020 viant.
709 3947 905 4020 Traduntur
927 3949 1056 4024 familie
1081 3951 1211 4024 diversi
1237 3975 1345 4026 sexus
1372 3964 1407 4026 et
1428 3953 1545 4044 etatis,
1574 3952 1703 4048 quibus
1726 3951 1831 4024 etiam
1858 3950 1985 4021 tertiam

575 4083 708 4169 partem
733 4074 864 4146 servitii
890 4075 944 4146 sui
967 4075 1157 4168 relaxavit,
1178 4077 1302 4172 bisque
1324 4077 1501 4176 dispositis
1518 4077 1748 4151 conditionem
1776 4082 1986 4147 consummat

575 4207 611 4270 et
628 4196 750 4294 predia
767 4209 884 4271 notata
903 4199 1046 4272 inferius
1064 4202 1137 4272 Deo
1157 4209 1192 4273 et
1210 4201 1374 4276 iratribus
1392 4203 1594 4298 regulariter
1608 4200 1811 4276 viventibus
1832 4201 1981 4271 confert:

575 4321 661 4395 licta
680 4322 717 4394 in
737 4344 808 4418 quo
825 4333 878 4396 est
897 4324 1142 4398 monasterium
1161 4348 1241 4398 cum
1258 4327 1428 4415 ecclesiis,
1452 4327 1614 4418 decimis,
1636 4327 1789 4398 terminis
1805 4335 1842 4398 et
1858 4347 1983 4420 appen-

615 4681 652 4756 (t)
672 4681 779 4741 Scilicet
789 4683 951 4743 duduconis
964 4691 1002 4759 et,
1015 4685 1067 4744 nisi
1079 4687 1169 4747 omnia
1182 4703 1233 4747 nos
1245 4687 1348 4761 fallunt,
1359 4687 1506 4748 fundatoris
1517 4676 1653 4748 dtilcnsis.
1669 4691 1803 4766 (Menum.
1816 4693 1889 4750 soto.
1901 4689 1980 4764 noto.)
