4436 5870
544 523 584 582 lo
1044 520 1257 582 intonaret
1282 519 1456 582 saccant
1769 520 1848 598 [lira.
1869 521 1955 582 ffltl.

593 653 737 748 Signum
757 653 890 726 domini
912 652 1081 728 Frederici
1097 653 1243 728 secundi
1262 654 1323 725 ilci
1346 655 1456 748 mdc
1475 653 1704 728 Romanorum
1719 654 1952 750 imperatoris,

546 798 681 872 semper
696 777 836 870 augusti
850 785 886 849 et
900 778 990 870 regis
1006 779 1121 852 Sicilie
1136 777 1356 852 serenissimi.

592 901 666 994 Ego
683 900 862 973 Comedus
880 901 1042 974 Metennio
1055 901 1105 998 (o)
1122 913 1157 976 et
1174 901 1344 998 Spirensis
1360 903 1556 998 episcopus,
1572 902 1759 998 imperialis
1772 903 1853 976 aule
1867 925 1956 975 cau-

545 1025 703 1098 cellarius
716 1037 750 1098 et
766 1026 871 1098 totius
888 1026 985 1099 ltalie
1000 1028 1145 1122 legatus,
1164 1027 1241 1101 vice
1260 1026 1394 1101 domini
1410 1025 1702 1120 Enghelbertillei
1719 1027 1828 1121 gratia
1844 1048 1956 1099 vene-

547 1148 664 1221 rabilis
683 1149 932 1245 archiepiscopi
946 1150 1155 1224 Coloniensis
1170 1159 1206 1222 et
1222 1149 1326 1222 totius
1340 1150 1435 1222 ltalie
1451 1149 1739 1222 archicancellarii
1757 1149 1952 1242 recognovi.

592 1271 677 1344 Acta
711 1282 791 1344 sunt
825 1273 889 1346 hec
923 1295 1015 1346 auno
1048 1274 1221 1349 dominice
1248 1273 1491 1346 iucarnationis
1518 1272 1700 1346 millesimo
1724 1271 1956 1346 doceutoeimo

544 1395 726 1490 vigesimo,
746 1419 865 1470 mense
880 1399 1092 1490 novembris,
1112 1399 1301 1472 indictione
1318 1419 1421 1489 nona,
1441 1405 1607 1491 regnante
1620 1397 1761 1470 domino
1778 1395 1956 1470 Fredcrico

543 1518 696 1592 secundo
710 1521 772 1593 Dei
784 1521 895 1615 gratia
904 1523 1135 1596 Romanorum
1149 1526 1367 1619 imperatore,
1381 1543 1517 1618 semper
1531 1531 1680 1616 augurato
1696 1531 1731 1595 et
1746 1543 1828 1616 rege
1843 1521 1956 1594 Sicilie

545 1643 788 1736 invictissimo,
814 1667 905 1717 anno
929 1647 1072 1720 Romani
1100 1648 1196 1741 regni
1223 1647 1334 1743 ipsius
1355 1647 1392 1718 in
1414 1645 1595 1720 Germania
1618 1655 1758 1737 octavo,
1785 1647 1822 1716 in
1844 1644 1955 1718 Sicilia

545 1787 629 1839 vero
642 1766 777 1858 XXlll⁰,
798 1767 932 1863 imperii
947 1792 1031 1843 vcro
1049 1771 1191 1843 Romani
1207 1769 1362 1863 ejusdem
1376 1769 1499 1866 primo,
1519 1769 1671 1842 feliciter.
1686 1769 1809 1842 Amen.

594 1893 720 1964 Datum
742 1891 779 1961 in
806 1893 926 1965 castris
946 1916 1053 1991 prope
1078 1896 1220 1968 Romam
1248 1917 1310 1991 per
1334 1916 1474 1968 manum
1503 1894 1640 1967 llcnrici
1667 1893 1854 1989 imperialis
1880 1895 1957 1966 aule

548 2015 779 2110 protonotarii,
797 2017 942 2111 septimo
960 2019 1126 2094 kalendas
1143 2019 1348 2110 decembris,
1369 2018 1556 2092 indictione
1572 2018 1771 2114 prescripta.

789 2329 1343 2340 m-„.-.—-..„..„-.
1360 2329 1490 2337 ....-..-..
1504 2329 1526 2336 ...
1557 2329 1573 2336 ·.
1595 2327 1727 2336 .---..,..,.,

378 2645 489 2687 nanus
601 2609 827 2715 Fridericus,
839 2607 1099 2691 Romanorum
1114 2609 1333 2719 imperator,
1345 2618 1513 2692 castrum
1526 2608 1624 2692 Noni
1639 2607 1833 2719 (lunone)
1851 2607 1956 2692 obli-

343 2698 522 2846 'ffiffi
548 2753 614 2856 gat
629 2744 804 2853 potestati
818 2751 855 2824 et
868 2743 1008 2824 civitati
1026 2743 1176 2826 Astansi
1192 2744 1258 2852 qui
1282 2742 1354 2826 sibi
1368 2751 1516 2852 praeter
1530 2742 1635 2825 mille
1647 2768 1796 2825 marcas
1814 2740 1958 2852 argenti

543 2877 773 2986 jamdudum
796 2883 988 2958 mutuatas
1012 2875 1107 2956 olias
1129 2875 1365 2984 octingentas
1389 2875 1526 2958 iterum
1553 2884 1731 2958 mutuum
1753 2876 1956 2975 dederuut,

547 3035 592 3092 co
614 3017 725 3117 pacto
740 3016 783 3090 ut
796 3007 966 3089 redditus
981 3008 1030 3090 ad
1045 3007 1118 3090 hoc
1140 3017 1308 3090 castrum
1331 3008 1561 3116 pertinentes
1573 3034 1644 3117 pro
1659 3009 1831 3092 custodia
1848 3006 1956 3118 ejus-

549 3141 637 3223 dem
659 3139 849 3249 percipere
873 3137 1035 3220 debeant
1056 3138 1233 3248 idemque
1256 3150 1342 3248 post
1362 3141 1494 3223 dacem
1517 3139 1723 3249 completos
1746 3166 1867 3223 anuos
1893 3165 1959 3249 per

549 3274 675 3380 ipsum
693 3297 827 3354 rursus
845 3271 980 3353 redimi
999 3271 1132 3380 possit.

630 3513 800 3595 (Memorat.
814 3529 862 3591 ap.
878 3509 1017 3585 Momm,
1032 3513 1128 3574 Nolis.
1142 3517 1210 3574 star.
1222 3511 1300 3592 pros.
1316 3509 1393 3574 dello
1405 3513 1477 3574 cillo
1489 3510 1599 3588 dAstt,
1616 3519 1640 3574 t.
1655 3513 1700 3588 ll,
1715 3530 1747 3591 p.
1764 3522 1838 3592 152,
1855 3529 1873 3573 c
1891 3509 1958 3572 llbr.

669 3623 771 3694 veterl,
786 3619 835 3679 iol.
851 3627 926 3692 2793
941 3626 971 3680 ct
983 3635 1032 3696 ap·
1047 3619 1211 3699 Bonum,
1233 3622 1339 3701 llcpcet.
1356 3621 1470 3700 imper„
1493 3636 1525 3697 p.
1548 3629 1620 3694 114,
1633 3630 1668 3680 n⁰
1689 3629 1763 3693 400,
1779 3637 1817 3680 ex
1830 3621 1915 3697 copla
1927 3619 1959 3678 ln

670 3727 853 3789 Chartularto
866 3727 983 3787 Astensl
997 3742 1066 3786 ann.
1083 3734 1229 3804 1292,ap.
1245 3727 1420 3801 Taurinum,
1436 3727 1649 3789 chthmunno
1661 3721 1902 3804 communicata.)

597 4069 707 4158 Hujus
728 4066 777 4139 rei
801 4075 902 4138 testes
918 4075 999 4137 sunt
1012 4065 1215 4138 Bertholdus
1233 4066 1424 4160 patriarcha
1440 4065 1697 4161 Aquilegensis,
1716 4065 1862 4137 Silridos
1886 4063 1961 4135 lla-

549 4194 715 4286 guntinus
741 4192 1038 4286 archiepiscopus,
1067 4191 1215 4262 Jacobus
1242 4191 1460 4264 Taurineusis
1486 4192 1688 4286 episcopus,
1714 4187 1862 4260 Silridus
1883 4187 1962 4258 Au—

551 4317 739 4410 gustensis,
761 4315 895 4388 Ulricus
915 4313 1128 4387 Patavieusis
1143 4322 1178 4386 et
1193 4313 1397 4387 Bertholdus
1417 4313 1629 4386 Brixiuensis
1651 4312 1828 4407 episcopi,
1860 4311 1963 4382 mater

592 4631 632 4702 (a)
650 4629 685 4686 ln
697 4633 880 4702 transumpto
892 4625 1135 4698 ostiensiamalc.
