4292 5894
236 533 333 591 luurcn
352 529 414 607 ll.]
692 524 887 584 HISTORIA
912 525 1203 590 DIPLOMATlel.
1591 525 1652 588 329

236 665 362 762 pellam
384 660 500 735 Sancti
521 657 659 732 Martini
687 658 723 729 in
745 659 955 732 Wulehusen
982 683 1062 734 cum
1090 665 1251 737 omnibus
1276 664 1378 735 bonis
1401 663 1475 736 suis
1500 670 1535 734 et
1555 661 1651 734 omni

236 785 453 885 plenitudine
468 783 557 876 juris
574 782 630 854 sui
653 804 723 875 que
741 783 907 855 hactenus
927 785 1085 860 absolute
1103 797 1137 860 et
1156 788 1263 860 libere
1286 785 1333 859 ad
1350 786 1533 881 imperium
1555 807 1652 880 spec-

237 919 367 1000 tarunt,
381 909 479 981 salvo
490 908 571 998 jure
586 927 811 1001 personarum
827 927 895 1000 que
914 908 1007 1003 ipsas
1023 909 1189 982 ecclesias
1203 909 1308 983 modo
1322 919 1452 999 tenent,
1468 909 1652 981 liberaliter

239 1031 409 1104 tradimus
425 1038 460 1102 et
480 1028 740 1124 inperpetuum
761 1029 887 1100 tradita
907 1029 1165 1105 confirmamus.
1188 1033 1232 1104 Ut
1249 1042 1365 1106 autem
1384 1031 1489 1124 hujus
1508 1032 1654 1104 innova·

239 1155 341 1228 tionis
359 1163 393 1226 et
409 1152 604 1226 donationis
620 1151 804 1224 auctoritas
821 1151 1025 1226 inconvulsa
1040 1163 1075 1227 et
1087 1164 1254 1251 perpetua
1271 1164 1408 1227 maneat
1421 1154 1485 1225 hec
1498 1155 1650 1244 libertas,

239 1301 304 1352 nos
322 1278 550 1373 conscriptam
570 1277 732 1371 peginam
758 1297 861 1369 super
886 1275 972 1371 ipsis
995 1279 1130 1373 typario
1146 1279 1241 1350 bulle
1263 1287 1378 1350 nostre
1398 1278 1540 1350 fecimus
1559 1299 1655 1349 com-

239 1403 386 1494 muniri;
406 1403 632 1497 precipientes
647 1400 789 1472 firmiter
806 1411 840 1473 et
856 1400 1010 1474 districte
1024 1424 1068 1474 ne
1087 1403 1273 1497 quisquam
1287 1411 1404 1475 eontra
1419 1401 1523 1494 hujus
1539 1411 1655 1475 nostre

242 1527 494 1600 constitutionis
513 1528 657 1600 formam
675 1525 829 1596 inveniat
846 1525 981 1620 aliquid
1004 1537 1065 1598 aut
1087 1535 1275 1620 presumat.
1296 1526 1399 1611 Quod
1418 1527 1478 1620 qui
1497 1527 1582 1597 forte
1599 1535 1655 1597 te-

241 1652 409 1725 merarius
431 1650 640 1746 attemptarit
662 1658 800 1722 centum
824 1671 958 1722 merces
981 1650 1056 1722 auri
1081 1652 1159 1745 puri
1184 1659 1384 1746 componat,
1407 1672 1553 1745 quarum
1578 1671 1656 1722 me·

242 1775 353 1849 dietas
369 1798 439 1848 una
456 1773 559 1863 fisco,
577 1775 687 1870 passis
704 1773 866 1866 injuriam
884 1774 991 1846 eltera
1007 1773 1189 1845 tribuatur.

290 1899 407 1969 Testes
423 1895 527 1988 hujus
549 1895 598 1968 rei
627 1903 707 1966 sunt
731 1895 881 1966 Ioannes
903 1917 968 1966 rex
995 1896 1314 1990 ierosolymitanus,
1334 1892 1528 1968 Demetrius
1548 1894 1653 1968 Thes·

243 2021 464 2094 salonicensis
485 2042 568 2112 rex,
592 2019 798 2114 liudolphus
819 2020 1010 2115 patriarcha
1033 2020 1352 2116 ierosolymitanus,
1375 2020 1537 2092 Albertus
1556 2021 1655 2115 idag-

244 2145 471 2238 deburgensis
501 2145 801 2241 archiepiscopus,
833 2144 1029 2218 Berhnrdus
1061 2145 1322 2218 Panormitanus
1351 2145 1651 2240 archiepiscopus,

243 2269 411 2342 Martinus
425 2265 478 2366 (l)
492 2268 804 2341 Thessalonicensis
822 2269 1115 2365 archiepiscopus,
1131 2270 1292 2341 Nicolaus
1306 2269 1508 2340 Tarentinus
1524 2267 1657 2340 archie-

244 2394 425 2490 piscopus,
454 2393 622 2465 Henricus
646 2391 906 2464 Wormatiensis
933 2393 1134 2489 episcopus,
1162 2392 1401 2487 Engelhardus
1430 2393 1659 2464 Nuwenbur-

245 2518 362 2611 gensis
377 2517 574 2614 episcopus,
594 2516 776 2590 Cunradus
794 2515 1062 2590 Hildesemensis
1081 2518 1276 2613 episcopm,
1296 2514 1468 2588 Gerardus
1482 2515 1531 2612 (a)
1547 2517 1660 2587 Bran-

245 2639 499 2732 denburgensis
514 2640 712 2736 episcopm,
729 2641 807 2711 Otto
825 2640 1019 2735 prepositus
1036 2641 1355 2734 Magdeburgensis,
1369 2640 1448 2712 Otto
1464 2641 1659 2735 prepositus

245 2763 416 2858 Aquensis
426 2763 486 2861 (b),
505 2765 649 2856 Elgerus
665 2765 857 2860 prepositus
873 2761 1110 2850 Goslariensis,
1127 2764 1330 2837 Guilielmus
1349 2763 1501 2836 marchio
1515 2764 1657 2836 Montis·

246 2887 380 2978 ferrati,
401 2886 625 2984 Thyeboldus
648 2887 801 2960 marchio
828 2886 873 2958 de
892 2887 1056 2982 Vohurg,
1082 2888 1261 2959 Heimicus
1284 2909 1399 2959 comes
1421 2888 1466 2960 de
1487 2887 1660 2960 Walden-

246 3010 329 3083 berc
345 3010 408 3108 (c),
428 3010 609 3084 Heinricus
623 3031 738 3082 comes
755 3009 799 3082 de
817 3011 996 3084 Eberstein
1013 3019 1048 3083 et
1064 3012 1123 3083 alii
1139 3013 1375 3108 quamplures.
1435 3108 1438 3114 Ι

296 3135 441 3228 Signum
476 3134 608 3206 domini
635 3133 799 3207 Friderici
830 3134 975 3208 secundi
1001 3138 1232 3210 Romanorum
1259 3133 1494 3231 imperatoris,
1526 3111 1661 3232 semper

248 3257 387 3352 augusti
405 3266 440 3331 et
456 3258 549 3352 regis
565 3257 695 3329 Sicilie.

295 3380 382 3454 Acta
426 3388 509 3452 sunt
543 3380 610 3453 hec
646 3378 744 3475 apud
781 3381 1024 3474 Ferentinum,
1068 3404 1159 3456 enno
1200 3383 1372 3478 dominice
1416 3385 1663 3457 incnmationis

247 3504 298 3576 M⁰
315 3503 378 3575 CC⁰
395 3504 536 3596 xxllr,
557 3525 677 3577 mense
701 3504 843 3598 martio,
869 3505 1059 3579 indictione
1081 3506 1284 3595 undecima,
1310 3507 1500 3604 imperante
1522 3508 1664 3581 domino

248 3625 421 3700 Friderico
452 3627 607 3700 secundo
639 3627 703 3699 Dei
732 3629 843 3722 gretia
870 3631 1158 3704 excellentissimo
1181 3632 1412 3704 Romanorum
1440 3632 1661 3728 imperatore,

248 3771 385 3845 semper
403 3760 551 3844 augusto
572 3760 607 3823 et
622 3772 704 3846 rege
728 3751 858 3843 Sicilie,
882 3774 973 3826 anno
992 3754 1126 3850 imperii
1150 3756 1226 3848 ejus
1247 3757 1371 3846 tercio,
1390 3758 1489 3852 regni
1510 3779 1593 3832 vero
1610 3759 1664 3830 Si·

249 3873 326 3948 oilie
348 3876 469 3967 XXV⁰,
490 3876 649 3948 feliciter.
666 3876 789 3948 Amen.
1251 3947 1259 3960 ,

297 4001 422 4072 Datum
440 3999 535 4096 apud
552 4001 784 4093 Ferentinum,
804 4002 834 4073 V
849 4000 929 4074 idus
944 4002 1070 4092 martii,
1090 4001 1279 4077 indictione
1293 4005 1353 4077 Xl.

292 4146 332 4229 (a)
351 4149 471 4211 Rectius
483 4155 581 4211 tamen
597 4149 777 4212 Gmmndur.

291 4252 330 4334 (b)
353 4256 408 4333 Ap.
423 4257 618 4318 Fdrstemenn
631 4257 862 4338 Arpmtiocmis,
878 4259 966 4319 mule.

292 4356 330 4439 (c)
352 4360 446 4440 Supra
459 4369 559 4424 eutem
578 4360 742 4424 Waldcbcrc
753 4371 784 4426 et
795 4364 874 4424 lnfru
893 4360 1063 4425 Woldeicrc.

288 4541 324 4617 (t)
342 4544 393 4616 tp.
412 4505 553 4603 leuckfeld
568 4547 701 4620 Gonnum
714 4563 758 4623 ep.
774 4549 949 4606 Ftirstemann
966 4549 1083 4616 Durium
1101 4547 1168 4604 infre
1185 4554 1275 4604 tamen
1297 4551 1452 4625 Martinus,
1472 4570 1553 4627 quam
1571 4572 1663 4615 veram

250 4653 312 4697 esse
322 4638 465 4700 lectionem
474 4643 645 4704 arbitremur.
658 4645 698 4708 Cf.
714 4645 748 4704 ad
760 4637 880 4705 mensem
893 4647 1026 4720 septemb.
1039 4647 1108 4706 titi
1121 4647 1191 4703 inter
1204 4651 1295 4704 testes.

351 4739 392 4800 11.
1466 4761 1505 4811 42
