4292 5894
534 575 594 638 316
1039 579 1250 642 rutuuurct
1277 581 1449 643 sucurtltl
1762 579 1844 660 [An.
1863 579 1943 641 1223.

535 711 650 784 Bibini
669 733 789 785 eorum
805 711 934 786 finibus
954 713 1117 801 limitato,
1133 725 1169 788 et
1191 716 1411 791 medietatem
1428 716 1540 813 platee
1560 716 1652 790 dicte
1666 717 1815 790 civitatis
1839 715 1947 788 llibiui

537 839 631 911 intus
650 839 687 912 in
704 861 745 912 ea
763 848 799 913 et
819 841 895 933 ejus
914 841 1097 915 circuitum
1119 841 1166 916 ed
1184 842 1255 917 duo
1282 845 1441 917 milliaria
1461 845 1616 918 omnium
1638 865 1753 916 rernm
1773 845 1947 917 venalium

536 985 607 1059 que
620 962 665 1035 ab
683 964 858 1036 extrancis
869 973 1027 1038 ementur
1040 976 1076 1038 et
1084 967 1280 1040 vendentur
1290 967 1434 1059 ibidem,
1444 989 1579 1041 necnon
1594 969 1705 1042 casale
1714 969 1839 1039 Sancte
1848 968 1950 1040 blarr'e

540 1085 585 1160 de
602 1087 772 1160 subnecto
791 1107 872 1160 cum
888 1091 964 1182 ejus
982 1088 1129 1182 finibus,
1150 1093 1240 1164 sicut
1260 1093 1296 1164 in
1318 1093 1463 1188 predicti
1486 1093 1619 1166 comitis
1638 1093 1821 1188 privilegio
1840 1093 1949 1163 conti-

540 1221 640 1286 netur
655 1211 726 1310 (l),
751 1213 809 1286 illa
823 1213 959 1306 adjecta
976 1213 1175 1289 conditione
1189 1217 1285 1311 quod
1301 1217 1393 1290 dicta
1407 1217 1602 1290 Bibinensis
1616 1217 1780 1307 ecclesia,
1798 1216 1949 1290 maxima

540 1345 740 1432 paupertate
747 1359 912 1433 oppressa
920 1361 991 1432 qun
999 1339 1064 1413 vix
1072 1349 1230 1435 poteraut
1238 1341 1358 1415 divina
1367 1341 1478 1414 officia
1489 1339 1950 1437 celebrari,predictaomnia

540 1462 666 1534 casalia
688 1463 722 1534 in
749 1464 862 1559 cupite
881 1474 995 1536 teneat
1016 1473 1049 1538 et
1071 1464 1248 1560 possideat
1268 1465 1466 1539 immediate
1485 1477 1520 1540 et
1541 1465 1636 1561 quod
1657 1463 1796 1561 probis
1818 1464 1949 1536 nullum

539 1585 694 1658 futurum
719 1583 898 1658 domiuum
923 1587 1038 1658 Ribiui
1061 1599 1236 1661 assecurat
1254 1591 1330 1681 ejus
1352 1591 1548 1688 episcopus,
1576 1587 1639 1662 sed
1662 1588 1869 1682 generaliter
1890 1588 1951 1661 do·

538 1709 672 1782 minum
686 1710 749 1804 qui
764 1709 998 1783 dominabitur
1012 1713 1072 1785 toti
1089 1733 1214 1808 reguo,
1231 1714 1339 1787 libera
1352 1717 1455 1788 ctiam
1472 1724 1508 1787 et
1523 1715 1680 1787 absoluta
1699 1713 1745 1785 ab
1761 1713 1859 1785 omui
1875 1733 1950 1808 per·

538 1835 647 1907 sonali
664 1833 805 1907 servitio
825 1845 860 1907 et
874 1835 975 1925 reali,
997 1857 1131 1910 necnon
1153 1847 1280 1911 rectam
1301 1838 1470 1911 decimam
1494 1838 1713 1931 bajulationis
1732 1848 1822 1911 terre
1840 1836 1951 1910 Bibini

539 1967 574 2032 ct
596 1959 742 2032 aliarum
768 1961 923 2032 omnium
952 1959 1100 2034 diocesis
1126 1963 1281 2054 ejusdem
1306 1985 1454 2057 quarum
1482 1963 1624 2037 uomina
1652 1962 1745 2036 dicto
1771 1962 1951 2059 privilegio

540 2085 760 2157 continentur
779 2083 850 2180 (2),
882 2093 917 2156 et
935 2085 1113 2179 quoddam
1142 2086 1239 2160 abud
1264 2085 1531 2160 confirmationis
1556 2087 1648 2182 regis
1671 2085 1833 2160 Gulielmi
1856 2108 1950 2160 reco-

539 2208 642 2281 lende
665 2211 829 2280 memorie
847 2230 950 2282 aurea
968 2209 1064 2282 bulla
1084 2222 1120 2284 et
1132 2213 1208 2304 ejus
1221 2213 1392 2285 munitum
1411 2212 1460 2309 (a)
1477 2213 1674 2308 signaculo,
1688 2233 1759 2307 quo
1777 2211 1872 2285 idem
1890 2232 1951 2284 rex

540 2333 695 2429 predicta
716 2335 832 2406 omnia
852 2337 1039 2407 summarie
1054 2335 1241 2430 repetendo
1257 2347 1293 2409 et
1309 2337 1376 2409 aliu
1401 2337 1565 2432 predictis
1583 2335 1776 2432 privilegiis
1793 2347 1950 2409 contenta

438 2443 446 2460 ’
542 2456 587 2530 de
602 2457 744 2553 speciali
761 2457 872 2552 gratia
892 2457 1128 2533 confirmabat.
1150 2460 1250 2534 Unde
1274 2462 1450 2558 predictus
1470 2461 1654 2557 episcopus
1673 2473 1787 2534 nostre
1812 2462 1950 2534 celsitu·

541 2581 614 2656 dini
631 2581 840 2678 supplicavit
862 2593 901 2655 ut
919 2583 1052 2678 ipsum,
1074 2605 1289 2659 successores
1306 2585 1383 2678 ejus
1403 2595 1438 2659 et
1456 2585 1636 2658 ecclesium
1657 2586 1724 2658 sub
1741 2587 1952 2681 protectione

540 2715 575 2780 et
592 2706 793 2780 defensione
809 2717 924 2782 nostru
942 2707 1095 2804 recipere
1116 2719 1151 2783 et
1167 2709 1320 2805 predicta
1336 2710 1452 2783 omnia
1467 2731 1687 2806 quecumque
1703 2709 1740 2781 iu
1761 2710 1953 2808 privilegiis

540 2831 707 2928 predictis
732 2832 994 2905 continebantur
1019 2853 1203 2928 expresse,
1229 2833 1393 2906 restitutis
1421 2833 1612 2930 privilegiis
1639 2835 1723 2929 ipsis
1743 2834 1884 2927 eidem,
1909 2833 1952 2908 de

542 2954 642 3026 solita
661 2953 883 3048 benignitatis
904 2965 1020 3028 nostre
1041 2956 1152 3049 gratia
1170 2966 1367 3052 acceptare,
1387 2956 1576 3032 concedere
1593 2967 1627 3031 et
1647 2956 1850 3032 confirmare
1867 2983 1951 3056 per-

541 3084 647 3172 petuo
668 3077 903 3170 dignaremur.
933 3079 1061 3151 Verum
1088 3101 1167 3151 cum
1192 3081 1248 3175 pia
1273 3091 1386 3153 nostre
1411 3083 1536 3155 mentis
1555 3081 1699 3155 intentio
1725 3103 1831 3178 opera
1855 3085 1951 3157 nobis
2013 3153 2016 3158 ,

542 3199 688 3273 suadeat
706 3201 844 3296 pietatis
859 3211 893 3274 et
911 3201 1008 3275 adid
1024 3203 1189 3300 precipue
1205 3226 1341 3279 summa
1358 3206 1428 3278 voti
1445 3207 1552 3280 nostri
1569 3229 1607 3281 se
1624 3206 1778 3303 porrigat
1794 3217 1834 3278 ut
1853 3209 1952 3282 retri-

541 3322 690 3397 buamus
707 3325 779 3397 Deo
796 3324 929 3420 aliquid
946 3347 1009 3420 pro
1026 3327 1069 3398 iis
1084 3349 1154 3423 que
1170 3329 1329 3401 retribuit
1350 3330 1425 3426 ipse
1442 3331 1555 3423 uobis,
1575 3353 1639 3404 uos
1655 3340 1771 3404 autem
1790 3331 1952 3405 couside-

542 3457 658 3520 rantes
689 3469 788 3520 sacru
815 3458 850 3522 et
874 3446 994 3522 divina
1020 3449 1187 3545 obsequia
1211 3451 1339 3545 quein
1365 3453 1440 3550 ipsa
1459 3455 1605 3528 ecclesia
1628 3455 1865 3544 celebrantur,
1893 3475 1952 3551 pro

541 3571 734 3645 reverentia
755 3571 885 3666 Regius
907 3573 1072 3668 virginis,
1103 3576 1214 3648 salute
1237 3575 1471 3672 principaliter
1495 3587 1611 3651 nostra
1636 3585 1671 3650 et
1694 3577 1953 3651 remissionibus

541 3695 735 3768 animarum
757 3695 910 3768 felicium
931 3696 977 3794 (b)
998 3719 1119 3792 regum
1146 3707 1326 3794 parentum
1353 3711 1546 3775 nostrorum
1569 3703 1753 3777 recolende
1775 3703 1950 3789 memorie,

540 3817 736 3916 predictum
755 3818 975 3892 Ribineusem
989 3821 1190 3918 episcopum
1205 3823 1352 3918 ejusque
1367 3846 1581 3900 successores
1596 3847 1638 3899 uc
1650 3826 1762 3924 ipsam
1775 3825 1952 3900 ecclesiam

580 3994 620 4077 (a)
642 3997 679 4057 ln
692 3997 833 4073 lmpresso
845 3997 1030 4068 mendicate,
1044 3997 1133 4060 mule.

582 4101 621 4184 (b)
643 4104 680 4164 ln
693 4100 1047 4181 impressosrcterlitium,
1062 4107 1198 4184 murus.

578 4391 615 4464 (t)
634 4392 819 4450 Memorantur
838 4409 947 4468 quoque
960 4393 989 4450 iu
1003 4393 1140 4470 privilepo
1159 4396 1288 4454 Willelmi
1307 4399 1434 4472 secundi,
1456 4399 1511 4456 dat.
1529 4399 1668 4472 Panormi,
1683 4415 1749 4460 auu.
1764 4400 1850 4472 rtet,
1864 4412 1952 4456 menso

542 4487 634 4545 madii.
649 4488 688 4544 ef.
703 4489 844 4561 Uununur,
859 4489 941 4559 ibid„
956 4510 985 4566 p.
1000 4495 1063 4551 257.

581 4583 617 4657 (2)
636 4585 806 4661 Privilcgium
820 4597 909 4648 autem
923 4590 1031 4648 lloberti
1045 4598 1135 4649 actum
1148 4598 1191 4650 est
1204 4593 1395 4668 Draconariee,
1409 4611 1479 4654 anno
1492 4598 1560 4654 tttt
1574 4597 1677 4671 (rrae),
1691 4595 1835 4656 indictione
1846 4595 1896 4654 xl.
1911 4591 1949 4651 Cl.

543 4679 623 4754 ibid,
636 4699 665 4756 p.
677 4686 740 4742 aut.
