4368 5876
236 587 334 646 lunrcr.
350 584 395 663 9.]
685 580 883 642 ttlsloullt
908 569 1200 638 otrtottltltclt.
1594 565 1651 626 165

284 722 411 794 Datum
440 719 593 811 Tarenti,
617 739 709 792 anno
739 717 912 791 dominice
939 707 1185 786 incarnationis
1210 705 1390 780 millesimo
1416 702 1653 778 ducentesimo

235 844 407 940 vigesimo
429 843 560 938 primo,
583 853 707 915 mense
726 841 863 938 aprilis,
882 815 1070 913 indictione
1091 855 1202 923 nona,
1229 829 1364 926 imperii
1387 827 1518 901 domini
1545 828 1652 900 nostri

235 967 402 1042 Friderici
417 966 480 1040 Dei
498 966 610 1059 gratia
630 964 847 1038 invictissimi
861 965 1094 1038 Romanorum
1113 954 1342 1052 imperatoris,
1359 973 1495 1050 semper
1514 953 1652 1044 augusti

237 1102 273 1166 et
288 1093 380 1186 regis
394 1090 510 1164 Sicilie
511 1135 1254 1162 ...................
1273 1078 1440 1154 vicesimo
1458 1076 1569 1168 tertio,
1593 1076 1653 1149 ie·-

235 1215 358 1290 lioiter.
379 1215 503 1288 Amen.

468 1509 1431 1526 mmmmm—d

291 1791 524 1900 FriderieuS,
556 1794 818 1877 Romanorum
850 1794 1076 1904 imperator,
1101 1790 1289 1901 hospitale
1318 1790 1446 1873 Sancti
1472 1790 1654 1874 lobannis
1732 1870 1746 1901 ,
1789 1871 1804 1900 ,,

237 1925 477 2010 infirmorum
503 1925 614 2036 juxta
641 1928 874 2010 Panormum
903 1925 1080 2035 plurimis
1104 1923 1289 2008 molestiis
1313 1923 1545 2034 jamdudum
1574 1951 1653 2035 op-

236 2085 413 2170 pressum
421 2060 641 2145 Hermanno
655 2060 840 2170 magistro
853 2059 992 2144 domus
1007 2059 1167 2142 Sanctae
1181 2058 1322 2142 Mariae
1335 2058 1656 2144 Theutonicorum

238 2203 276 2278 et
291 2192 474 2278 fratribus
487 2193 570 2304 ejus
588 2195 794 2278 tenendum
809 2255 821 2300 ,
834 2194 1137 2278 conservandum
1156 2201 1194 2276 et
1207 2191 1472 2302 ampliandum
1486 2194 1605 2277 donat
1619 2205 1657 2279 et

236 2327 423 2412 concedit.
553 2405 557 2412 ,

321 2541 419 2622 (lidid.
434 2543 631 2618 Monemonn,
642 2543 738 2604 Maru.
753 2543 787 2605 S.
803 2543 913 2605 Trinit.
926 2560 1053 2604 monum
1066 2542 1157 2616 litet,
1166 2558 1229 2620 cap.
1243 2543 1297 2622 tv,
1308 2559 1337 2619 p.
1355 2550 1405 2616 22,
1416 2558 1465 2620 ap.
1477 2541 1654 2618 Gaanvrnu,

361 2649 523 2712 Tltesaunu
538 2653 676 2733 αηιίςιιὲι.
698 2648 794 2726 sicit,
814 2651 945 2732 cxlv.)

287 2840 326 2914 ln
343 2841 483 2914 nomine
495 2842 558 2914 Del
579 2841 688 2914 eterni
711 2850 746 2914 et
766 2839 952 2914 Salvatoris
972 2840 1054 2914 Iesu
1076 2838 1212 2912 Christi.
1234 2836 1357 2912 Amen.
1382 2838 1577 2914 Fridericus
1590 2844 1653 2913 Dei

238 2965 351 3059 gratia
382 2967 612 3040 Romanorum
638 2966 836 3061 imperator,
859 2987 996 3062 semper
1019 2973 1189 3059 augustus
1211 2973 1247 3038 et
1275 2986 1340 3037 rex
1355 2963 1483 3037 Sicilie.
1502 2965 1586 3038 Cum
1608 2967 1653 3040 ad

238 3099 355 3162 nostre
372 3093 551 3164 cumulum
575 3091 737 3187 respiciat
757 3091 944 3184 majestatis
965 3091 1057 3164 circa
1079 3090 1301 3164 ecclesiarum
1328 3087 1510 3182 utilitates,
1534 3114 1653 3166 earum

236 3215 392 3288 maxime
408 3237 478 3310 qne
494 3218 596 3310 justa
613 3216 712 3310 regni
734 3217 842 3289 nostri
864 3214 1013 3289 confinia
1036 3215 1101 3288 site
1123 3224 1221 3305 sunt,
1248 3215 1431 3310 vigilanter
1454 3217 1650 3308 intendere3

237 3349 334 3414 tento
361 3341 547 3436 benignius
571 3341 801 3416 indemnitate
825 3343 1003 3438 hospitalis
1026 3342 1144 3415 Sancti
1170 3341 1335 3416 lobannis
1357 3341 1570 3416 infirmorum
1596 3354 1654 3417 te-

237 3484 361 3536 nemur
386 3465 590 3558 invigilare,
615 3466 698 3560 quia
725 3466 837 3560 magis
861 3487 950 3560 opus
974 3475 1010 3538 et
1032 3467 1163 3539 lactura
1182 3488 1349 3537 manuum
1371 3466 1652 3561 predecessorum

237 3596 432 3662 nostrornm
454 3590 637 3664 recolende
662 3591 827 3664 memorie
849 3612 926 3664 esse
944 3590 1160 3681 dignoscitur
1177 3601 1211 3663 et
1231 3590 1360 3662 intuitu
1384 3593 1562 3665 oculorum
1587 3616 1653 3668 no-

237 3722 385 3787 strorum
404 3715 496 3787 circa
512 3715 627 3789 menia
646 3725 762 3790 nostru
781 3715 890 3790 felicis
910 3715 1060 3789 civitatis
1086 3716 1225 3789 videtur
1249 3717 1321 3788 lore
1342 3716 1538 3790 tundalum.
1566 3720 1654 3791 Hinc
1677 3734 1680 3740 ·

237 3847 292 3912 est
322 3839 428 3935 igitur
456 3841 552 3936 quod
582 3864 663 3914 cum
692 3863 739 3914 ex
762 3843 920 3915 vastitate
949 3841 1168 3914 inimicorum
1196 3841 1310 3912 crucis
1339 3841 1508 3936 hospitale
1538 3844 1653 3939 ipsum

237 3963 353 4038 Sancti
372 3965 538 4040 Iohannis
556 3966 724 4040 molestiis
744 3966 901 4062 plurimis
917 3975 953 4039 et
969 3966 1012 4038 iis
1029 3964 1205 4040 retroactis
1220 3966 1432 4061 temporibus
1450 3967 1494 4040 sit
1512 3990 1653 4065 oppres·

236 4111 330 4179 sum,
353 4092 611 4166 considerantes
628 4102 726 4188 gata
744 4092 827 4166 satis
845 4102 879 4166 et
899 4101 1039 4189 accepta
1058 4092 1198 4164 servitia
1221 4113 1291 4186 que
1314 4093 1417 4164 freter
1438 4095 1653 4167 Hermannns

235 4216 446 4290 venerabilis
474 4218 637 4312 magister
667 4218 792 4292 domus
819 4217 999 4315 hospitalis
1025 4217 1149 4290 Sancte
1170 4217 1278 4291 lllarie
1300 4216 1588 4290 theutonicorum
1616 4219 1652 4290 in

236 4338 451 4414 Hierusalem
468 4342 615 4416 dilectus
636 4343 736 4415 nobis
754 4343 791 4414 in
808 4343 954 4416 Domino
969 4341 1069 4415 nobis
1090 4363 1227 4437 semper
1242 4341 1402 4414 exhibuit
1419 4351 1488 4413 tam
1507 4341 1653 4417 fideliter

235 4486 341 4559 mam
358 4465 497 4557 devote,
514 4489 664 4542 necnon
679 4468 848 4541 celebrem
864 4467 973 4540 vitam
987 4476 1022 4540 et
1033 4467 1176 4540 honeste
1186 4466 1362 4562 religionis
1378 4468 1507 4540 cultum
1525 4469 1654 4562 quibus

238 4588 332 4665 idem
349 4593 513 4685 magister
532 4605 567 4668 et
587 4597 709 4668 iratres
724 4595 780 4667 sui
799 4595 927 4667 clarere
945 4603 1148 4684 noscuntur,
1174 4593 1308 4666 labores
1331 4594 1435 4667 etiam
1459 4603 1495 4666 et
1509 4594 1653 4668 sudores

108 4739 111 4746 ·
237 4713 500 4811 assiduosquos
514 4740 578 4814 pro
590 4717 661 4794 lide
674 4719 939 4793 christianorum
954 4728 989 4792 et
1000 4718 1111 4813 gloria
1121 4718 1292 4792 sustinent
1303 4719 1525 4812 incessanter,
1538 4729 1654 4794 eterne
