4436 5870
521 555 563 615 ii
1027 557 1241 620 carnanter
1267 559 1441 621 saccini
1754 563 1834 643 [trs.
1855 566 1941 628 1220.

523 691 653 763 scimus
671 690 716 764 de
733 691 913 786 iustingsn
932 692 1119 789 imperialis
1134 694 1213 770 anis
1236 698 1477 788 marescalcus,
1497 708 1533 774 et
1549 699 1608 773 eiii
1634 701 1857 796 quamplures
1879 701 1940 800 (a).

573 815 719 910 Signum
743 815 875 889 domini
901 816 1070 891 Fradcrici
1098 819 1244 895 secundi
1271 821 1503 897 Romanorum
1527 824 1742 920 imperatoris
1768 835 1803 898 et
1827 826 1943 900 Sicilie

526 960 630 1035 regis.

571 1064 658 1138 licta
678 1073 760 1138 sunt
779 1063 843 1136 hec
864 1063 980 1138 ornnia
996 1085 1089 1138 anno
1110 1065 1157 1140 ab
1175 1067 1408 1142 incarnatione
1428 1069 1564 1142 Domini
1585 1071 1694 1144 nostri
1715 1071 1796 1146 lesu
1817 1071 1939 1144 Christi

523 1189 703 1263 millesimo
726 1189 963 1263 ducentaeimo
984 1191 1170 1283 vigesimo,
1195 1193 1383 1269 indictione
1402 1197 1476 1268 vill
1493 1195 1560 1292 (i),
1584 1197 1776 1294 imperante
1807 1199 1941 1293 glorio-

522 1314 659 1388 sissimo
674 1315 815 1388 domino
828 1322 944 1388 nostro
961 1314 1124 1389 Foderico
1140 1317 1345 1413 imperatore
1360 1321 1604 1414 Romanorum,
1623 1343 1760 1418 semper
1777 1334 1938 1419 angusto,

497 1471 500 1481 λ
523 1449 556 1512 et
583 1439 810 1512 invictissimo
831 1460 913 1532 rega
934 1439 1066 1533 Sicilie,
1083 1463 1174 1515 anno
1189 1443 1322 1539 imperii
1339 1445 1416 1537 ejns
1429 1446 1559 1541 primo,
1578 1449 1675 1540 regni
1690 1467 1774 1521 roro
1795 1447 1938 1547 [Sicilie]

523 1565 692 1658 vigesimo
707 1565 862 1639 secundo
877 1563 937 1661 (d),
954 1565 991 1636 in
1005 1576 1121 1640 monte
1139 1569 1228 1642 ilalo
1242 1569 1296 1664 (2)
1314 1590 1421 1667 prope
1436 1571 1580 1664 Urbem,
1599 1572 1674 1643 Vlll
1691 1573 1858 1647 kalendas
1878 1575 1939 1649 dc·

524 1690 684 1763 cambris.

378 2352 405 2382 0„
429 2351 450 2382 m
578 2273 806 2379 Fridericus,
830 2273 1090 2356 Romanorum
1108 2272 1329 2380 imperator,
1344 2273 1485 2356 civitati
1499 2273 1724 2356 Dertoncnsi
1741 2273 1941 2358 confirmat

362 2405 404 2436 ¹¹⁰*
525 2409 767 2520 privilegium
784 2407 907 2490 eidem
926 2406 976 2490 ab
994 2432 1066 2488 avo
1088 2415 1125 2488 et
1144 2415 1251 2514 patre
1268 2431 1337 2490 suo
1356 2405 1548 2489 indultum
1567 2431 1656 2491 cum
1675 2406 1791 2517 gladii
1806 2417 1940 2516 potes-

525 2552 601 2627 tate
614 2552 651 2626 et
663 2542 886 2627 omnimoda
896 2539 1174 2651 jurisdictione.

606 2760 700 2839 (Edit.
724 2777 773 2836 ap.
796 2759 910 2831 cosm,
935 2757 1066 2818 cronaca
1085 2751 1118 2814 di
1143 2753 1287 2827 Tariona,
1306 2770 1333 2832 p.
1352 2761 1454 2814 lit-lit.
1479 2751 1556 2816 Gnrn
1579 2755 1723 2834 originale
1745 2756 1822 2818 inter
1845 2762 1941 2817 mna·

644 2867 738 2942 cripta
750 2880 810 2925 non
821 2863 996 2934 habeamus,
1010 2860 1198 2938 privilegium
1211 2859 1291 2920 iatrrd
1305 2859 1410 2920 saltem
1423 2859 1479 2922 sab
1492 2877 1528 2922 aa
1541 2859 1639 2922 forma
1661 2867 1692 2922 el
1715 2865 1848 2923 versione
1869 2875 1942 2940 qnes

643 2973 677 3031 ln
690 2970 737 3030 hir
749 2971 896 3030 chronicis
908 2973 1014 3046 quarto
1028 2967 1143 3029 decimo
1156 2968 1273 3028 saeculo
1286 2969 1415 3029 exaratis
1426 2969 1594 3029 invenimus
1601 3012 1611 3044 ‚
1627 2967 1828 3029 exhibendum
1841 2981 1941 3029 cenae·

647 3093 724 3139 mas.
740 3107 782 3124 -
795 3076 842 3138 Gt.
855 3077 1023 3151 Borrnzzr,
1038 3071 1153 3136 linitis
1169 3072 1202 3134 di
1218 3074 1359 3151 Totam,
1380 3091 1411 3153 p.
1437 3083 1495 3137 acc
1514 3080 1545 3137 st
1556 3091 1654 3155 seqq„
1669 3081 1700 3136 et
1712 3076 1940 3147 ilonrarrnnno,

649 3185 723 3246 Hirl.
740 3180 773 3244 di
788 3183 925 3254 Tortores,
940 3181 991 3244 illi
1008 3183 1034 3256 1,
1049 3200 1081 3262 p.
1096 3187 1160 3259 86.)

576 3370 718 3446 Fedrico
733 3370 764 3442 ll
782 3369 829 3444 ad
844 3369 1087 3442 intercessione
1103 3370 1149 3444 de
1161 3369 1340 3444 Dorionesi
1355 3371 1528 3442 conlerma
1547 3367 1595 3464 gli
1612 3367 1773 3464 privilegi
1791 3367 1944 3442 concessi

528 3498 584 3593 gia
602 3519 623 3568 a
638 3498 671 3569 ia
689 3493 783 3569 detta
800 3495 882 3568 eittd
897 3505 932 3568 st
947 3495 981 3567 ia
997 3516 1083 3590 paca
1101 3494 1201 3568 latasi
1222 3515 1284 3591 per
1300 3495 1324 3567 il
1339 3495 1547 3568 Barbarossa
1566 3516 1631 3568 sno
1645 3495 1747 3568 avolo
1770 3516 1869 3569 como
1885 3515 1946 3591 per

528 3622 675 3694 Henrico
691 3643 755 3695 sno
775 3620 904 3718 padre,
923 3629 959 3692 et
972 3640 1041 3692 non
1062 3621 1136 3694 solo
1151 3620 1186 3694 ia
1208 3620 1382 3694 conferma
1404 3621 1456 3694 sia
1477 3619 1516 3695 di
1534 3640 1626 3693 novo
1649 3619 1717 3711 dl,
1743 3618 1896 3695 conceda
1911 3627 1945 3692 ct

527 3747 698 3841 reintegra
721 3768 743 3819 a
765 3747 799 3818 la
821 3745 915 3819 detta
941 3745 1023 3818 citid
1050 3753 1123 3818 tate
1147 3747 1179 3818 lc
1203 3745 1469 3840 giurisdicione,
1494 3745 1633 3839 honori,
1658 3745 1805 3842 pedagi,
1832 3745 1940 3838 dazii,

528 3870 699 3962 tholonci,
716 3870 889 3967 dapiioni,
910 3878 1015 3944 strate
1042 3892 1122 3942 cum
1142 3870 1166 3942 il
1189 3879 1279 3944 rasio
1301 3870 1351 3945 dil
1378 3892 1541 3945 concesso
1562 3893 1625 3969 pcr
1650 3869 1722 3946 dcii
1741 3870 1884 3945 chn'co
1909 3877 1943 3942 et

564 4047 606 4130 (a)
627 4051 755 4113 Nomine
770 4049 891 4112 madum
910 4063 948 4110 ex
962 4047 1120 4110 collatione
1141 4047 1386 4110 documentorum
1399 4063 1476 4126 qnae
1488 4054 1632 4126 pussant
1645 4053 1675 4109 st
1694 4051 1859 4125 sequnntur
1872 4059 1945 4108 cor·-

530 4161 673 4220 reximus.

569 4262 605 4344 lb)
625 4266 715 4326 Recte
728 4269 829 4325 anoern
843 4261 935 4324 tertio.

567 4504 603 4576 ll)
622 4503 672 4559 llic
684 4501 785 4559 calculo
798 4501 897 4559 Pisano
910 4501 1029 4560 notarius
1041 4500 1126 4558 utitur
1136 4507 1165 4559 et
1178 4497 1325 4558 indictione
1336 4497 1486 4574 pontificia,

566 4599 604 4674 (ἱ)
622 4599 731 4659 Scilicet
743 4603 837 4655 Monta
845 4599 947 4670 ilario,
962 4597 997 4656 ad
1010 4597 1132 4655 dextram
1144 4596 1250 4656 liberis
1260 4598 1359 4671 ripam,
1378 4603 1454 4654 extra
1468 4597 1570 4655 llonrae
1583 4594 1717 4654 ambitam
1730 4607 1827 4654 versus
1839 4599 1951 4668 septen-

529 4698 656 4770 trionem;
666 4696 739 4755 unde
749 4697 816 4756 urbs
827 4701 884 4755 tcta
896 4696 931 4756 ad
943 4694 1088 4755 maximam
1099 4693 1238 4754 concrum
1249 4694 1414 4770 voluptatem
1428 4693 1659 4770 circumspicimr.
