4436 5870
275 592 371 654 111111.
387 590 431 668 o]
731 587 925 650 HISTORIA
950 585 1243 649 clitellarios.
1657 595 1695 654 17

276 735 343 800 tate
360 733 571 823 permaneat.
599 722 654 796 Ad
676 721 741 796 hec
758 722 825 795 sub
846 723 969 798 eadem
994 746 1084 820 pena
1107 732 1142 796 et
1161 723 1227 796 sub
1252 723 1370 798 debito
1390 721 1564 800 fidelitatis
1587 735 1621 800 et
1639 750 1694 802 sa·

277 849 441 924 cramenti
466 867 538 942 qno
562 846 663 918 nobis
687 853 848 918 tenentur
870 846 1067 920 firmissime
1093 846 1306 943 precipimus
1333 848 1535 922 consulibus
1554 849 1694 924 Aretine

277 974 427 1048 civitatis
447 982 482 1046 et
500 971 690 1044 Castellane
712 971 929 1066 presentibus
946 979 980 1044 et
997 971 1124 1044 futuris
1140 980 1175 1044 et
1193 971 1253 1044 toti
1269 973 1398 1068 populo
1421 975 1623 1050 earumdem
1644 980 1693 1050 ci·

277 1098 424 1170 vitatum
447 1093 555 1168 Aretii
578 1103 613 1168 et
629 1093 762 1167 Castelli
786 1093 1023 1167 habitantibus
1044 1102 1217 1188 quatenus
1243 1094 1361 1169 abbati
1386 1104 1420 1169 et
1437 1096 1576 1172 abbatie
1592 1099 1695 1194 burgi

277 1221 391 1295 Sancti
410 1218 590 1316 Sepulchri
605 1227 641 1290 et
658 1218 770 1312 burgo
785 1227 820 1290 et
834 1217 1067 1310 burgensibus
1085 1218 1177 1290 hona
1196 1217 1266 1292 fide
1280 1219 1415 1292 fortiam
1432 1229 1467 1294 et
1484 1221 1695 1315 adjutorium

278 1356 313 1420 et
335 1345 518 1418 consilium
539 1343 587 1417 ad
616 1365 654 1416 se
682 1342 941 1416 defendendum
969 1343 1123 1415 tribuant
1153 1351 1188 1416 et
1215 1344 1346 1416 nullam
1373 1345 1424 1419 eis
1453 1367 1614 1439 guerram
1639 1350 1696 1422 vel

277 1472 405 1544 malum
423 1469 561 1544 iaciant.
580 1468 624 1539 Ut
637 1477 754 1541 autem
770 1467 836 1539 bec
851 1467 966 1540 omnia
980 1467 1099 1540 verius
1114 1467 1298 1541 credantur
1315 1492 1337 1541 a
1355 1469 1488 1542 cunctis
1503 1471 1598 1544 stab
1617 1472 1696 1543 uni-

278 1594 388 1667 versis
407 1593 502 1666 omni
527 1601 681 1688 tempore
701 1593 769 1664 hoc
787 1599 903 1664 nostre
925 1591 1118 1665 serenitatis
1138 1600 1338 1688 preceptum
1360 1593 1561 1688 diligentius
1579 1595 1697 1670 obser·

277 1728 391 1808 vetur,
417 1724 609 1813 presentem
634 1715 739 1808 hujus
763 1736 859 1788 sacre
881 1723 916 1788 et
943 1724 1109 1812 perpetue
1132 1715 1300 1809 jussionis
1321 1693 1485 1813 paginam
1509 1719 1696 1812 majestatis

279 1849 394 1914 nostre
411 1839 603 1912 munimine
620 1836 671 1936 (c)
685 1837 853 1932 jussimus
871 1837 1044 1931 insigniri.

327 1965 440 2057 Hujus
479 1963 530 2037 rei
562 1972 666 2036 testes
697 1971 778 2034 sunt
813 1961 996 2036 Bertcldus
1031 1961 1263 2056 Aquileiensis
1300 1963 1512 2058 patriarcha,
1547 1964 1695 2040 Siiridus

279 2084 536 2184 Au[gustensis]
560 2087 759 2184 episcopus,
779 2086 961 2161 Uldericus
984 2087 1184 2160 Patavensis
1210 2086 1411 2184 episcopus,
1433 2088 1594 2162 Albertus
1618 2088 1694 2161 'l’ri-

278 2214 441 2289 dentinus
458 2215 600 2304 electus,
618 2211 824 2285 Bertbcidus
842 2211 1090 2304 Brixi[n]ensis
1106 2212 1303 2308 episcopus,
1322 2212 1520 2286 Ludovicus
1536 2212 1614 2286 dux
1628 2214 1694 2288 Ba·

278 2339 375 2412 varie
388 2360 503 2412 comes
521 2337 696 2434 palatinus
714 2335 812 2428 lieni,
834 2336 1026 2410 Willelmus
1047 2335 1202 2410 marchio
1219 2336 1483 2430 Montislerrati‚
1510 2337 1581 2412 Azo
1603 2361 1694 2412 mar·
1830 2395 1839 2404 ..

279 2461 357 2536 chio
373 2463 542 2553 Estensis,
564 2461 747 2533 Anselmus
765 2461 811 2534 de
825 2461 1005 2555 lustingen
1030 2462 1270 2554 marescalcus,
1287 2463 1475 2534 Wemerus
1495 2463 1629 2559 dapifer
1649 2465 1694 2538 de

280 2584 479 2684 [B]0laudia
496 2596 530 2658 et
548 2585 607 2659 alii
623 2586 859 2681 quamplures.

327 2713 472 2807 Signum
494 2709 626 2786 domini
652 2710 824 2783 Frederici
847 2709 994 2784 secundi
1014 2709 1077 2782 Dei
1096 2709 1207 2803 gratia
1227 2709 1445 2783 invictissimi
1463 2712 1695 2784 Romanorum

279 2837 511 2933 imperatoris,
534 2856 670 2931 semper
684 2835 824 2930 augusti
841 2842 876 2906 et
892 2835 986 2927 regis
1003 2833 1127 2907 Sicilie

327 2961 401 3055 Ego
427 2958 607 3033 Conradus
628 2959 691 3032 Dei
719 2958 829 3053 gratia
853 2957 1016 3032 Metensis
1043 2966 1079 3030 et
1103 2957 1276 3054 Spirensis
1298 2957 1481 3056 episcopus
1509 2960 1697 3058 imperialis

279 3085 357 3158 aule
383 3083 608 3158 cancellarius
633 3082 710 3154 vice
736 3081 869 3156 domini
898 3080 1109 3154 coloniensis
1134 3079 1386 3178 archiepiscopi
1410 3091 1446 3156 et
1473 3084 1578 3157 lodus
1601 3085 1698 3160 ltalia

280 3207 569 3282 archicancellarii
583 3207 782 3301 recognovi.

327 3333 413 3406 Acta
428 3341 510 3406 sunt
524 3332 590 3404 hec
603 3353 695 3404 anno
713 3329 887 3405 dominice
897 3329 1151 3424 incarnationis
1166 3329 1348 3402 millesimo
1364 3330 1602 3408 ducentesimo
1615 3335 1694 3426 XX,

280 3457 356 3529 Xlll
377 3456 543 3530 kalendas
572 3454 765 3528 decembris
789 3453 859 3552 (l),
883 3455 1075 3530 indictione
1091 3475 1200 3542 nona,
1221 3463 1388 3550 regnante
1414 3457 1556 3531 dominc
1579 3467 1696 3533 nostro

278 3581 451 3656 Friderico
468 3582 531 3656 Dei
545 3581 654 3676 gratia
671 3580 899 3654 invictissimo
912 3582 1144 3654 Romanorum
1160 3580 1377 3676 imperatore,
1392 3602 1529 3678 semper
1546 3595 1698 3679 augusto

279 3713 314 3776 et
324 3727 407 3801 rege
421 3705 547 3797 Sicilie,
558 3727 650 3779 anno
663 3704 808 3778 Romani
823 3704 959 3802 imperii
973 3705 1049 3798 ejus
1060 3705 1185 3801 primo,
1197 3706 1299 3800 regni
1311 3712 1426 3777 autem
1438 3705 1554 3779 Sicilie
1569 3707 1694 3799 XXlll,

280 3828 435 3902 feliciter.
457 3829 569 3902 Arnen
588 3828 654 3928 (S).

319 4103 361 4182 (a)
382 4105 417 4166 ln
430 4106 574 4184 impresso
588 4111 721 4186 precepto
723 4125 740 4182 ;
753 4104 806 4167 sed
819 4105 858 4167 ad
871 4103 963 4166 huam
976 4107 1154 4183 transumpti
1168 4107 1301 4166 notarlm
1314 4106 1456 4182 seipsum
1469 4107 1600 4186 corrigit.

316 4335 353 4410 lt)
372 4335 460 4405 01111
476 4335 615 4394 1111111111
626 4341 682 4395 tam
699 4352 734 4394 ex
747 4336 824 4395 titulo
837 4337 1007 4412 imperatoris
1020 4353 1103 4411 quam
1116 4353 1151 4396 ex
1165 4336 1275 4396 11111111
1288 4333 1507 4398 nominibmboc
1523 4337 1693 4414 privileg'um

278 4437 340 4508 post
357 4433 558 4494 ccmnaticuem
577 4433 679 4492 adibam
696 4434 790 4508 inerit,
810 4450 859 4509 pro
877 4436 958 4493 Xlll
973 4433 1102 4492 kalendar
1123 4434 1266 4510 legendum
1283 4434 1446 4502 arbitramur
1465 4435 1534 4494 Vll!
1550 4435 1691 4495 11111111.

277 4529 412 4586 blitterelli
423 4529 456 4588 ed
475 4529 547 4588 idem
562 4529 731 4606 privilegium
745 4533 772 4589 in
789 4531 938 4590 bnnahbus
951 4547 982 4590 11
993 4532 1125 4605 11111111,
1137 4549 1166 4607 p.
1179 4534 1247 4606 toa,
1260 4533 1305 4591 his
1319 4540 1411 4591 111111
1424 4531 1507 4591 utitur
1518 4534 1624 4607 verbis,
1637 4551 1691 4610 qua

278 4627 414 4686 noscimus
430 4628 607 4686 auctoritate:
623 4635 747 4704 «septen
758 4629 816 4688 dica
828 4639 890 4705 pout
902 4634 1110 4689 ccrmmtiocem.
1126 4649 1141 4686 a

313 4725 348 4798 [1)
366 4727 407 4785 lta
418 4728 446 4784 in
458 4733 636 4803 1111111111,
651 4729 792 4790 deliciante
805 4732 941 4791 notatione
952 4731 1015 4791 loci.

380 4827 421 4890 ll.
1540 4842 1557 4894 a
