4272 5886
179 527 277 588 burm.
294 524 359 604 lh]
633 526 831 589 HISTORIA
855 522 1149 588 ulltouaulch
1536 517 1597 581 535

180 660 316 756 plenius
342 660 548 734 continetur.
579 661 724 758 Insuper
750 661 974 736 concedimus
997 670 1032 735 st
1058 657 1304 733 confirmamus
1330 655 1445 730 eidem
1474 655 1595 734 domui

180 793 314 880 partem
327 805 433 879 quam
451 784 593 858 illustris
608 805 673 860 rex
691 786 864 860 Iohannes
881 787 949 859 sibi
963 784 1131 858 concessit
1146 805 1227 856 cnm
1242 783 1337 856 lucro
1352 782 1448 876 quod
1467 780 1596 854 iaciunt

180 908 301 981 iratres
322 907 447 982 domus
468 909 625 1002 ejusdem
647 910 684 982 iu
709 911 833 999 armis,
856 910 1086 984 existentibus
1109 908 1308 981 hominihus
1329 909 1422 1002 regis
1445 928 1524 979 cum
1543 906 1595 980 cis

181 1039 323 1112 absente
338 1059 440 1132 rege,
468 1044 643 1110 mservata
660 1036 727 1109 sihi
748 1046 784 1109 et
808 1037 881 1120 suis
905 1034 1164 1112 successoribus
1188 1034 1343 1130 portione
1362 1057 1469 1129 quam
1491 1031 1597 1106 hahet

181 1163 217 1233 in
233 1163 330 1235 lucro
350 1158 446 1257 quod
465 1181 507 1234 eo
526 1171 684 1257 presente
706 1161 836 1235 iaciunt
852 1161 947 1234 idem
968 1162 1089 1234 iratres
1107 1161 1143 1232 iu
1161 1159 1268 1232 armis
1285 1158 1321 1230 iu
1337 1180 1445 1254 regno
1461 1161 1596 1232 leroso-

180 1287 353 1377 limitauo,
380 1286 541 1360 videlicet
564 1285 748 1360 medietate
775 1288 879 1360 totius
903 1287 990 1359 lucri
1011 1287 1086 1358 sive
1112 1285 1149 1357 in
1174 1285 1267 1357 villis
1289 1285 1366 1356 sive
1395 1285 1429 1356 in
1455 1285 1591 1376 castris,

181 1411 256 1483 sive
274 1411 310 1482 in
334 1409 618 1506 expeditionibus
640 1412 716 1484 sive
735 1411 772 1483 in
790 1411 1070 1506 quibuscumque
1088 1411 1164 1483 aliis
1181 1411 1278 1500 locis,
1296 1410 1387 1482 sicut
1399 1431 1461 1504 per
1478 1409 1595 1505 privi-

182 1535 311 1630 legium
332 1535 488 1629 ejusdem
507 1536 601 1631 regis
617 1537 749 1632 optinet
769 1537 844 1632 ipsa
865 1534 1002 1609 domus.
1026 1535 1259 1608 concedentes
1277 1534 1390 1608 eidem
1411 1557 1508 1607 sacre
1527 1535 1596 1608 do·

182 1661 255 1733 mui
274 1661 319 1734 de
336 1660 564 1735 beneficentia
580 1662 712 1735 liberali
728 1663 920 1736 libertatem
938 1685 1126 1758 aquarum,
1143 1659 1328 1734 herbarum
1347 1669 1382 1732 et
1399 1659 1592 1756 lignorum,

184 1785 314 1881 ubique
328 1809 392 1882 per
405 1785 551 1859 dominii
566 1787 672 1860 nostri
690 1798 797 1861 terras
814 1787 860 1862 ad
878 1787 933 1860 sui
951 1797 986 1860 et
1002 1808 1144 1860 suarum
1164 1786 1346 1858 domorum
1365 1807 1482 1876 usum,
1502 1795 1537 1858 et
1556 1795 1596 1858 ut

182 1909 326 2007 deipsis
350 1933 412 2008 per
431 1921 541 1984 toturn
564 1913 871 1988 ierosolimitanam
897 1936 1044 2010 regnum
1074 1922 1229 1986 nostrum
1253 1910 1360 1984 nichil
1381 1934 1445 2006 pro
1466 1913 1596 2007 platea·

181 2035 249 2108 tico
266 2037 323 2109 vel
343 2036 654 2110 consuetudinibus
678 2038 853 2133 aliquibus
877 2041 934 2113 vel
958 2038 1094 2112 statutis
1117 2039 1153 2110 in
1177 2047 1267 2110 terra
1282 2039 1339 2110 vel
1361 2037 1399 2110 in
1420 2037 1508 2111 mari
1525 2039 1595 2111 sol·

180 2181 263 2233 vers
277 2170 472 2250 teneantur,
491 2161 554 2235 sod
569 2162 648 2234 aliis
663 2163 879 2236 libertatibus
898 2175 933 2236 et
954 2163 1229 2237 immunitatibus
1248 2163 1485 2258 perfruantur,
1504 2185 1594 2258 quas

181 2285 526 2381 apredeccssorihus
550 2287 674 2360 nostris
695 2287 974 2383 progenitoribus
997 2288 1154 2381 ejusdem
1177 2288 1345 2361 consonis
1367 2298 1482 2360 nostre
1503 2287 1594 2359 obti-

181 2409 298 2481 nuisse
316 2420 518 2482 noscuntur.
538 2409 696 2483 Firmiter
718 2420 906 2485 statuentes
923 2433 968 2484 ne
989 2412 1069 2508 quis
1093 2411 1235 2484 domum
1252 2410 1399 2484 eandem
1419 2419 1455 2483 et
1474 2411 1595 2484 iratres

180 2532 352 2628 predictos
374 2533 420 2607 de
440 2536 642 2608 tenementis
663 2543 699 2608 et
718 2537 994 2633 possessionibus
1017 2537 1127 2634 ipsius
1148 2536 1273 2610 domus
1299 2535 1375 2608 sine
1399 2534 1535 2628 judicio
1561 2545 1596 2608 et

176 2657 316 2750 justicia
335 2669 512 2754 presumat
531 2661 750 2756 aliquatenus
768 2661 944 2736 dissasire.
965 2666 1011 2735 lle
1030 2662 1298 2735 habundantiori
1323 2683 1464 2757 quoque
1484 2661 1595 2756 gratia

182 2793 296 2856 nostra
322 2783 435 2857 eidem
463 2783 584 2858 domui
612 2795 647 2858 et
673 2786 838 2860 iratribus
865 2787 938 2860 suis
968 2787 1192 2860 concedimus
1222 2795 1256 2859 et
1281 2797 1446 2883 perpetuo
1465 2785 1594 2859 confir-

180 2929 317 2980 mamus
334 2919 374 2981 ut
388 2909 434 2982 de
449 2911 673 3006 proventibus
688 2922 724 2984 et
736 2912 839 2985 bonis
858 2913 1015 3007 suisque
1033 2911 1207 3008 adportes
1223 2910 1378 3006 dirigunt
1392 2912 1594 2986 cismarinas

180 3054 242 3128 pro
262 3031 388 3105 domus
408 3033 613 3108 utilitatibus
631 3045 666 3108 et
685 3036 853 3132 ipsorum,
871 3037 978 3109 nichil
997 3039 1043 3110 ab
1066 3037 1150 3133 ipsis
1165 3059 1229 3134 pro
1245 3038 1350 3110 rebus
1370 3037 1496 3110 domus
1513 3059 1594 3132 pro·

181 3157 263 3252 priis
287 3158 420 3230 ratione
441 3159 611 3254 portatici,
635 3161 849 3255 lalangatici,
877 3162 1025 3257 ripatici,
1052 3162 1177 3236 tolonei
1200 3163 1258 3235 vel
1282 3163 1429 3256 alicujus
1454 3163 1593 3236 alterius

180 3281 372 3355 exactionis
390 3293 424 3356 et
438 3285 526 3378 juris
548 3286 739 3359 doanarum
755 3288 811 3360 vel
832 3299 995 3384 portuum
1017 3287 1053 3360 iu
1068 3289 1207 3361 introitu
1229 3289 1285 3360 rel
1302 3288 1401 3361 exitu
1415 3288 1589 3382 exigatur.

178 3407 374 3480 Eximimus
397 3409 540 3507 insuper
564 3410 706 3484 domum
732 3411 844 3509 ipsam
874 3425 910 3487 et
934 3414 1055 3488 domos
1085 3413 1259 3488 derivatas
1283 3414 1329 3487 ab
1356 3435 1398 3487 ea
1425 3414 1472 3486 ab
1498 3414 1593 3486 omni

180 3530 274 3622 data,
294 3533 437 3606 collecta
458 3555 520 3608 seu
538 3535 740 3628 exactione,
762 3537 807 3609 ah
825 3537 919 3610 omni
941 3537 1084 3632 angaria
1102 3545 1137 3609 et
1153 3537 1199 3609 ab
1214 3536 1307 3608 omni
1329 3534 1458 3609 honere
1474 3537 1594 3630 cujus·

179 3655 262 3728 libet
292 3658 480 3730 servitutis.
512 3659 706 3734 statuentes
735 3671 770 3734 et
792 3663 995 3736 auctoritate
1023 3661 1190 3758 presentis
1218 3661 1394 3758 privilegii
1423 3663 1595 3736 universis

180 3777 322 3854 firmiter
339 3782 557 3876 injungentes
572 3805 616 3856 ne
634 3786 760 3880 aliquis
777 3787 988 3883 sepedictam
1014 3787 1156 3861 domum
1178 3796 1213 3860 et
1226 3788 1347 3860 iratres
1363 3788 1473 3884 ipsius
1489 3809 1595 3883 super

179 3903 343 3999 predictis
360 3907 523 3979 omnibns
545 3910 726 3982 molestare
748 3919 937 4005 presumat.
963 3911 1065 3998 Quod
1090 3911 1151 4006 qui
1171 3912 1435 4007 presumpserit,
1455 3920 1594 3984 centurn

178 4029 283 4102 libras
298 4030 375 4104 auri
390 4031 469 4128 puri
481 4043 678 4129 componat,
692 4034 911 4109 medietatem
925 4057 1060 4110 camere
1077 4045 1242 4110 nostreet
1254 4037 1357 4109 aliam
1374 4036 1593 4110 medietatem

178 4154 291 4250 passis
312 4155 473 4249 injuriam
490 4157 768 4254 persolvendam.
789 4161 833 4234 Ut
848 4170 964 4235 antem
980 4160 1046 4235 hec
1061 4161 1239 4257 protectio,
1259 4160 1434 4234 concessio
1454 4170 1489 4234 et
1506 4182 1593 4234 con-

177 4278 326 4356 firmatio
353 4291 468 4358 nostra
493 4283 698 4359 inconcusse
720 4295 945 4383 permaneant
970 4295 1005 4360 et
1031 4297 1232 4384 perpetuam
1255 4308 1392 4382 semper
1416 4286 1594 4383 optineant

177 4403 386 4497 firmitatem,
402 4430 542 4503 presens
555 4411 776 4507 privilegium
793 4411 867 4486 heri
881 4414 1041 4506 isumus,
1057 4423 1092 4489 et
1103 4413 1197 4486 bulla
1208 4433 1313 4486 aurea
1325 4413 1461 4512 typario
1476 4422 1594 4489 nostra

178 4529 250 4626 (sic)
266 4532 432 4628 impressa
448 4544 483 4607 et
498 4535 704 4632 subscriptis
719 4537 865 4611 testibus
878 4539 1047 4632 Jussimus
1068 4535 1285 4614 communiri.

227 4659 340 4754 Hujus
363 4668 481 4732 antem
509 4661 561 4734 rei
586 4669 690 4736 testes
718 4671 799 4735 sunt
824 4665 906 4737 :De
928 4664 1093 4761 imperio,
1121 4665 1311 4740 ltainaldos
1342 4664 1419 4739 dux
1441 4665 1590 4762 Spoleti,
