<?xml version="1.0" encoding="UTF-8"?>
<!DOCTYPE html PUBLIC "-//W3C//DTD XHTML 1.0 Transitional//EN"
    "http://www.w3.org/TR/xhtml1/DTD/xhtml1-transitional.dtd">
<html xmlns="http://www.w3.org/1999/xhtml" xml:lang="en" lang="en">
 <head>
  <title>
</title>
<meta http-equiv="Content-Type" content="text/html;charset=utf-8" />
  <meta name='ocr-system' content='tesseract 3.04.00' />
  <meta name='ocr-capabilities' content='ocr_page ocr_carea ocr_par ocr_line ocrx_word'/>
</head>
<body>
  <div class='ocr_page' id='page_1' title='image "./historiadiploma08fredgoog_0586.png"; bbox 0 0 4272 5886; ppageno 0'>
   <div class='ocr_carea' id='block_1_1' title="bbox 558 491 1996 578">
    <p class='ocr_par' dir='ltr' id='par_1_1' title="bbox 558 491 1996 578">
     <span class='ocr_line' id='line_1_1' title="bbox 558 491 1996 578; baseline 0.008 -25"><span class='ocrx_word' id='word_1_1' title='bbox 558 491 619 553; x_wconf 74' lang='lat'><strong>574</strong></span> <span class='ocrx_word' id='word_1_2' title='bbox 1055 493 1270 560; x_wconf 83' lang='lat' dir='ltr'><strong>FllllllllllCl</strong></span> <span class='ocrx_word' id='word_1_3' title='bbox 1294 499 1469 574; x_wconf 68' lang='lat' dir='ltr'><strong>securum</strong></span> <span class='ocrx_word' id='word_1_4' title='bbox 1781 500 1862 578; x_wconf 72' lang='lat' dir='ltr'><strong>[mn</strong></span> <span class='ocrx_word' id='word_1_5' title='bbox 1881 500 1996 578; x_wconf 63' lang='lat' dir='ltr'><strong>lm,</strong></span> 
     </span>
    </p>
   </div>
   <div class='ocr_carea' id='block_1_2' title="bbox 558 619 1975 974">
    <p class='ocr_par' dir='ltr' id='par_1_2' title="bbox 558 619 1975 974">
     <span class='ocr_line' id='line_1_2' title="bbox 558 619 1975 731; baseline 0.008 -33"><span class='ocrx_word' id='word_1_6' title='bbox 558 627 594 698; x_wconf 91' lang='lat' dir='ltr'><strong>in</strong></span> <span class='ocrx_word' id='word_1_7' title='bbox 612 625 775 698; x_wconf 84' lang='lat' dir='ltr'><strong>menibus</strong></span> <span class='ocrx_word' id='word_1_8' title='bbox 790 625 864 699; x_wconf 89' lang='lat' dir='ltr'><strong>suis</strong></span> <span class='ocrx_word' id='word_1_9' title='bbox 886 625 972 700; x_wconf 91' lang='lat' dir='ltr'><strong>illud</strong></span> <span class='ocrx_word' id='word_1_10' title='bbox 989 641 1155 725; x_wconf 85' lang='lat' dir='ltr'><strong>perpetuo</strong></span> <span class='ocrx_word' id='word_1_11' title='bbox 1172 632 1323 708; x_wconf 83' lang='lat' dir='ltr'><strong>debcant</strong></span> <span class='ocrx_word' id='word_1_12' title='bbox 1342 619 1501 710; x_wconf 80' lang='lat' dir='ltr'><strong>rotinere.</strong></span> <span class='ocrx_word' id='word_1_13' title='bbox 1523 637 1750 708; x_wconf 72' lang='lat' dir='ltr'><strong>monacum</strong></span> <span class='ocrx_word' id='word_1_14' title='bbox 1770 636 1909 731; x_wconf 84' lang='lat' dir='ltr'><strong>siquid</strong></span> <span class='ocrx_word' id='word_1_15' title='bbox 1935 639 1975 710; x_wconf 93' lang='lat' dir='ltr'><strong>in</strong></span> 
     </span>
     <span class='ocr_line' id='line_1_3' title="bbox 558 751 1613 856; baseline 0.008 -32"><span class='ocrx_word' id='word_1_16' title='bbox 558 751 765 824; x_wconf 85' lang='lat' dir='ltr'><strong>contrarium</strong></span> <span class='ocrx_word' id='word_1_17' title='bbox 785 753 910 828; x_wconf 83' lang='lat' dir='ltr'><strong>luctum</strong></span> <span class='ocrx_word' id='word_1_18' title='bbox 925 753 1048 844; x_wconf 83' lang='lat' dir='ltr'><strong>luerit,</strong></span> <span class='ocrx_word' id='word_1_19' title='bbox 1069 756 1144 851; x_wconf 87' lang='lat' dir='ltr'><strong>ipso</strong></span> <span class='ocrx_word' id='word_1_20' title='bbox 1153 757 1233 849; x_wconf 88' lang='lat' dir='ltr'><strong>jure</strong></span> <span class='ocrx_word' id='word_1_21' title='bbox 1247 763 1384 856; x_wconf 89' lang='lat' dir='ltr'><strong>penitus</strong></span> <span class='ocrx_word' id='word_1_22' title='bbox 1401 783 1470 836; x_wconf 92' lang='lat' dir='ltr'><strong>non</strong></span> <span class='ocrx_word' id='word_1_23' title='bbox 1485 770 1613 834; x_wconf 85' lang='lat' dir='ltr'><strong>tenere.</strong></span> 
     </span>
     <span class='ocr_line' id='line_1_4' title="bbox 605 877 1464 974; baseline 0.013 -25"><span class='ocrx_word' id='word_1_24' title='bbox 605 879 732 949; x_wconf 82' lang='lat' dir='ltr'><strong>Datum</strong></span> <span class='ocrx_word' id='word_1_25' title='bbox 748 877 884 972; x_wconf 81' lang='lat' dir='ltr'><strong>Parme,</strong></span> <span class='ocrx_word' id='word_1_26' title='bbox 904 879 1013 952; x_wconf 88' lang='lat' dir='ltr'><strong>XXVl</strong></span> <span class='ocrx_word' id='word_1_27' title='bbox 1032 881 1131 974; x_wconf 80' lang='lat' dir='ltr'><strong>maii,</strong></span> <span class='ocrx_word' id='word_1_28' title='bbox 1152 885 1244 956; x_wconf 89' lang='lat' dir='ltr'><strong>Xllll</strong></span> <span class='ocrx_word' id='word_1_29' title='bbox 1263 885 1464 962; x_wconf 80' lang='lat' dir='ltr'><strong>indictione.</strong></span> 
     </span>
    </p>
   </div>
   <div class='ocr_carea' id='block_1_3' title="bbox 381 1515 1969 1896">
    <p class='ocr_par' dir='ltr' id='par_1_3' title="bbox 381 1515 1969 1896">
     <span class='ocr_line' id='line_1_5' title="bbox 412 1515 1968 1628; baseline 0.001 -30"><span class='ocrx_word' id='word_1_30' title='bbox 412 1551 426 1582; x_wconf 68' lang='lat' dir='ltr'>a</span> <span class='ocrx_word' id='word_1_31' title='bbox 491 1571 498 1594; x_wconf 80' lang='grc'><em>.</em></span> <span class='ocrx_word' id='word_1_32' title='bbox 610 1515 847 1624; x_wconf 86' lang='lat' dir='ltr'><strong>Fridcricus,</strong></span> <span class='ocrx_word' id='word_1_33' title='bbox 890 1517 1149 1603; x_wconf 77' lang='lat' dir='ltr'><strong>Romanorum</strong></span> <span class='ocrx_word' id='word_1_34' title='bbox 1186 1519 1413 1628; x_wconf 82' lang='lat' dir='ltr'><strong>imperator,</strong></span> <span class='ocrx_word' id='word_1_35' title='bbox 1452 1520 1613 1606; x_wconf 83' lang='lat' dir='ltr'><strong>ilenrico</strong></span> <span class='ocrx_word' id='word_1_36' title='bbox 1653 1521 1838 1604; x_wconf 85' lang='lat' dir='ltr'><strong>Saxoniae</strong></span> <span class='ocrx_word' id='word_1_37' title='bbox 1880 1521 1968 1601; x_wconf 89' lang='lat' dir='ltr'><strong>ducr</strong></span> 
     </span>
     <span class='ocr_line' id='line_1_6' title="bbox 381 1649 1969 1766; baseline 0.005 -36"><span class='ocrx_word' id='word_1_38' title='bbox 381 1659 394 1690; x_wconf 80' lang='lat'>¹</span> <span class='ocrx_word' id='word_1_39' title='bbox 429 1649 433 1658; x_wconf 85' lang='lat'>&#39;</span> <span class='ocrx_word' id='word_1_40' title='bbox 476 1661 497 1690; x_wconf 86' lang='lat'><strong>⁰·</strong></span> <span class='ocrx_word' id='word_1_41' title='bbox 557 1651 716 1732; x_wconf 87' lang='lat' dir='ltr'><strong>mundat</strong></span> <span class='ocrx_word' id='word_1_42' title='bbox 737 1663 780 1734; x_wconf 90' lang='lat' dir='ltr'><strong>ut</strong></span> <span class='ocrx_word' id='word_1_43' title='bbox 802 1653 1021 1736; x_wconf 85' lang='lat' dir='ltr'><strong>Conradum</strong></span> <span class='ocrx_word' id='word_1_44' title='bbox 1044 1653 1394 1740; x_wconf 84' lang='lat' dir='ltr'><strong>Hildensemensem</strong></span> <span class='ocrx_word' id='word_1_45' title='bbox 1416 1657 1634 1766; x_wconf 86' lang='lat' dir='ltr'><strong>episcopum</strong></span> <span class='ocrx_word' id='word_1_46' title='bbox 1660 1663 1806 1740; x_wconf 81' lang='lat' dir='ltr'><strong>tuentur</strong></span> <span class='ocrx_word' id='word_1_47' title='bbox 1824 1663 1863 1737; x_wconf 87' lang='lat' dir='ltr'><strong>et</strong></span> <span class='ocrx_word' id='word_1_48' title='bbox 1880 1680 1969 1738; x_wconf 93' lang='lat' dir='ltr'><strong>mo-</strong></span> 
     </span>
     <span class='ocr_line' id='line_1_7' title="bbox 557 1783 1095 1896; baseline 0.004 -28"><span class='ocrx_word' id='word_1_49' title='bbox 557 1783 753 1870; x_wconf 79' lang='lat' dir='ltr'><strong>lestatores</strong></span> <span class='ocrx_word' id='word_1_50' title='bbox 770 1785 853 1896; x_wconf 83' lang='lat' dir='ltr'><strong>ejus</strong></span> <span class='ocrx_word' id='word_1_51' title='bbox 870 1786 1095 1895; x_wconf 86' lang='lat' dir='ltr'><strong>proscribet.</strong></span> 
     </span>
    </p>
   </div>
   <div class='ocr_carea' id='block_1_4' title="bbox 639 2001 1962 2190">
    <p class='ocr_par' dir='ltr' id='par_1_4' title="bbox 639 2001 1962 2190">
     <span class='ocr_line' id='line_1_8' title="bbox 639 2001 1962 2086; baseline 0.005 -24"><span class='ocrx_word' id='word_1_52' title='bbox 639 2001 772 2080; x_wconf 81' lang='lat' dir='ltr'><strong>(Edlder.</strong></span> <span class='ocrx_word' id='word_1_53' title='bbox 787 2003 969 2084; x_wconf 81' lang='lat' dir='ltr'><strong>Scnrmmr,</strong></span> <span class='ocrx_word' id='word_1_54' title='bbox 990 2001 1119 2067; x_wconf 77' lang='lat' dir='ltr'><strong>Viodcm.</strong></span> <span class='ocrx_word' id='word_1_55' title='bbox 1137 2004 1256 2080; x_wconf 68' lang='lat' dir='ltr'><strong>litter„</strong></span> <span class='ocrx_word' id='word_1_56' title='bbox 1276 2011 1348 2067; x_wconf 90' lang='lat' dir='ltr'><strong>tom.</strong></span> <span class='ocrx_word' id='word_1_57' title='bbox 1364 2007 1397 2081; x_wconf 93' lang='lat'><strong>1,</strong></span> <span class='ocrx_word' id='word_1_58' title='bbox 1411 2023 1440 2085; x_wconf 88' lang='lat' dir='ltr'><strong>p.</strong></span> <span class='ocrx_word' id='word_1_59' title='bbox 1463 2015 1529 2067; x_wconf 78' lang='grc'><strong>197.</strong></span> <span class='ocrx_word' id='word_1_60' title='bbox 1542 2037 1581 2052; x_wconf 90' lang='grc'>-</span> <span class='ocrx_word' id='word_1_61' title='bbox 1595 2003 1719 2080; x_wconf 73' lang='lat' dir='ltr'><strong>sfflnu,</strong></span> <span class='ocrx_word' id='word_1_62' title='bbox 1734 2005 1841 2086; x_wconf 73' lang='lat' dir='ltr'><strong>eripite.</strong></span> <span class='ocrx_word' id='word_1_63' title='bbox 1859 2001 1962 2084; x_wconf 59' lang='lat' dir='ltr'><strong>⁶¹¹4ss</strong></span> 
     </span>
     <span class='ocr_line' id='line_1_9' title="bbox 676 2110 968 2190; baseline 0.007 -20"><span class='ocrx_word' id='word_1_64' title='bbox 676 2115 749 2172; x_wconf 81' lang='lat' dir='ltr'><strong>ton.</strong></span> <span class='ocrx_word' id='word_1_65' title='bbox 766 2111 827 2190; x_wconf 88' lang='lat'>111,</span> <span class='ocrx_word' id='word_1_66' title='bbox 841 2127 869 2189; x_wconf 82' lang='lat' dir='ltr'><strong>p.</strong></span> <span class='ocrx_word' id='word_1_67' title='bbox 885 2110 968 2190; x_wconf 85' lang='lat' dir='ltr'><strong>oss.)</strong></span> 
     </span>
    </p>
   </div>
   <div class='ocr_carea' id='block_1_5' title="bbox 555 2308 2129 3630">
    <p class='ocr_par' dir='ltr' id='par_1_5' title="bbox 555 2308 2129 3530">
     <span class='ocr_line' id='line_1_10' title="bbox 606 2308 2129 2407; baseline -0.001 -25"><span class='ocrx_word' id='word_1_68' title='bbox 606 2308 801 2382; x_wconf 87' lang='lat' dir='ltr'><strong>Fridericus</strong></span> <span class='ocrx_word' id='word_1_69' title='bbox 820 2309 882 2381; x_wconf 90' lang='lat' dir='ltr'><strong>Dei</strong></span> <span class='ocrx_word' id='word_1_70' title='bbox 907 2311 1017 2404; x_wconf 78' lang='lat' dir='ltr'><strong>gretie</strong></span> <span class='ocrx_word' id='word_1_71' title='bbox 1037 2311 1265 2384; x_wconf 81' lang='lat' dir='ltr'><strong>Romanorum</strong></span> <span class='ocrx_word' id='word_1_72' title='bbox 1290 2311 1474 2407; x_wconf 83' lang='lat' dir='ltr'><strong>imperator</strong></span> <span class='ocrx_word' id='word_1_73' title='bbox 1494 2312 1536 2382; x_wconf 89' lang='grc' dir='ltr'><strong>Η.</strong></span> <span class='ocrx_word' id='word_1_74' title='bbox 1557 2309 1679 2382; x_wconf 79' lang='lat' dir='ltr'><strong>illustri</strong></span> <span class='ocrx_word' id='word_1_75' title='bbox 1697 2308 1777 2381; x_wconf 93' lang='lat' dir='ltr'><strong>duci</strong></span> <span class='ocrx_word' id='word_1_76' title='bbox 1794 2309 1961 2394; x_wconf 79' lang='lat' dir='ltr'><strong>Saxonis,</strong></span> <span class='ocrx_word' id='word_1_77' title='bbox 2039 2325 2043 2330; x_wconf 90' lang='grc'><strong><em>·</em></strong></span> <span class='ocrx_word' id='word_1_78' title='bbox 2128 2361 2129 2368; x_wconf 36' lang='lat'>1</span> 
     </span>
     <span class='ocr_line' id='line_1_11' title="bbox 555 2432 1964 2530; baseline -0.004 -22"><span class='ocrx_word' id='word_1_79' title='bbox 555 2435 681 2508; x_wconf 87' lang='lat' dir='ltr'><strong>dilecto</strong></span> <span class='ocrx_word' id='word_1_80' title='bbox 699 2433 845 2530; x_wconf 86' lang='lat' dir='ltr'><strong>principi</strong></span> <span class='ocrx_word' id='word_1_81' title='bbox 869 2455 946 2508; x_wconf 89' lang='lat' dir='ltr'><strong>suo.</strong></span> <span class='ocrx_word' id='word_1_82' title='bbox 970 2435 1055 2506; x_wconf 92' lang='lat' dir='ltr'><strong>Cum</strong></span> <span class='ocrx_word' id='word_1_83' title='bbox 1078 2435 1285 2507; x_wconf 84' lang='lat' dir='ltr'><strong>venerabilis</strong></span> <span class='ocrx_word' id='word_1_84' title='bbox 1307 2433 1575 2507; x_wconf 88' lang='lat' dir='ltr'><strong>Hildesemensis</strong></span> <span class='ocrx_word' id='word_1_85' title='bbox 1596 2433 1798 2528; x_wconf 86' lang='lat' dir='ltr'><strong>epiecopus,</strong></span> <span class='ocrx_word' id='word_1_86' title='bbox 1820 2432 1964 2505; x_wconf 88' lang='lat' dir='ltr'><strong>dilectus</strong></span> 
     </span>
     <span class='ocr_line' id='line_1_12' title="bbox 555 2555 1963 2658; baseline -0.004 -28"><span class='ocrx_word' id='word_1_87' title='bbox 555 2561 716 2658; x_wconf 88' lang='lat' dir='ltr'><strong>princeps</strong></span> <span class='ocrx_word' id='word_1_88' title='bbox 725 2567 852 2650; x_wconf 86' lang='lat' dir='ltr'><strong>noster,</strong></span> <span class='ocrx_word' id='word_1_89' title='bbox 865 2559 1135 2650; x_wconf 79' lang='lat' dir='ltr'><strong>evengelisendo</strong></span> <span class='ocrx_word' id='word_1_90' title='bbox 1151 2560 1294 2630; x_wconf 88' lang='lat' dir='ltr'><strong>verbum</strong></span> <span class='ocrx_word' id='word_1_91' title='bbox 1304 2559 1416 2630; x_wconf 91' lang='lat' dir='ltr'><strong>crucis</strong></span> <span class='ocrx_word' id='word_1_92' title='bbox 1427 2559 1499 2630; x_wconf 89' lang='lat' dir='ltr'><strong>Deo</strong></span> <span class='ocrx_word' id='word_1_93' title='bbox 1510 2557 1642 2650; x_wconf 85' lang='lat' dir='ltr'><strong>totique</strong></span> <span class='ocrx_word' id='word_1_94' title='bbox 1655 2555 1963 2628; x_wconf 60' lang='lat' dir='ltr'><strong>cluistinnitaticlr</strong></span> 
     </span>
     <span class='ocr_line' id='line_1_13' title="bbox 555 2681 1963 2780; baseline -0.006 -23"><span class='ocrx_word' id='word_1_95' title='bbox 555 2685 715 2780; x_wconf 82' lang='lat' dir='ltr'><strong>sequium</strong></span> <span class='ocrx_word' id='word_1_96' title='bbox 730 2684 920 2778; x_wconf 75' lang='lat' dir='ltr'><strong>gratiosum</strong></span> <span class='ocrx_word' id='word_1_97' title='bbox 936 2683 1126 2780; x_wconf 84' lang='lat' dir='ltr'><strong>impondat,</strong></span> <span class='ocrx_word' id='word_1_98' title='bbox 1146 2683 1266 2755; x_wconf 85' lang='lat' dir='ltr'><strong>merito</strong></span> <span class='ocrx_word' id='word_1_99' title='bbox 1278 2685 1435 2755; x_wconf 82' lang='lat' dir='ltr'><strong>Deumct</strong></span> <span class='ocrx_word' id='word_1_100' title='bbox 1447 2682 1605 2755; x_wconf 87' lang='lat' dir='ltr'><strong>homines</strong></span> <span class='ocrx_word' id='word_1_101' title='bbox 1623 2682 1773 2776; x_wconf 82' lang='lat' dir='ltr'><strong>graviter</strong></span> <span class='ocrx_word' id='word_1_102' title='bbox 1791 2681 1963 2754; x_wconf 86' lang='lat' dir='ltr'><strong>videretur</strong></span> 
     </span>
     <span class='ocr_line' id='line_1_14' title="bbox 556 2805 1962 2904; baseline -0.006 -20"><span class='ocrx_word' id='word_1_103' title='bbox 556 2808 730 2884; x_wconf 85' lang='lat' dir='ltr'><strong>offendere</strong></span> <span class='ocrx_word' id='word_1_104' title='bbox 744 2809 956 2904; x_wconf 79' lang='lat' dir='ltr'><strong>quicumque</strong></span> <span class='ocrx_word' id='word_1_105' title='bbox 970 2807 1131 2881; x_wconf 88' lang='lat' dir='ltr'><strong>eumdem</strong></span> <span class='ocrx_word' id='word_1_106' title='bbox 1149 2808 1363 2904; x_wconf 88' lang='lat' dir='ltr'><strong>episcopum,</strong></span> <span class='ocrx_word' id='word_1_107' title='bbox 1377 2817 1413 2880; x_wconf 90' lang='lat' dir='ltr'><strong>et</strong></span> <span class='ocrx_word' id='word_1_108' title='bbox 1426 2809 1577 2881; x_wconf 81' lang='lat' dir='ltr'><strong>maxime</strong></span> <span class='ocrx_word' id='word_1_109' title='bbox 1591 2805 1759 2900; x_wconf 86' lang='lat' dir='ltr'><strong>quamdiu</strong></span> <span class='ocrx_word' id='word_1_110' title='bbox 1777 2807 1813 2877; x_wconf 91' lang='lat' dir='ltr'><strong>in</strong></span> <span class='ocrx_word' id='word_1_111' title='bbox 1829 2805 1962 2878; x_wconf 85' lang='lat' dir='ltr'><strong>servitio</strong></span> 
     </span>
     <span class='ocr_line' id='line_1_15' title="bbox 555 2931 1963 3028; baseline -0.003 -23"><span class='ocrx_word' id='word_1_112' title='bbox 555 2935 657 3007; x_wconf 84' lang='lat' dir='ltr'><strong>Terre</strong></span> <span class='ocrx_word' id='word_1_113' title='bbox 674 2936 796 3006; x_wconf 83' lang='lat' dir='ltr'><strong>Sancte</strong></span> <span class='ocrx_word' id='word_1_114' title='bbox 814 2933 958 3025; x_wconf 83' lang='lat' dir='ltr'><strong>laborat,</strong></span> <span class='ocrx_word' id='word_1_115' title='bbox 973 2934 1167 3005; x_wconf 79' lang='lat' dir='ltr'><strong>molestaret</strong></span> <span class='ocrx_word' id='word_1_116' title='bbox 1182 2933 1347 3005; x_wconf 84' lang='lat' dir='ltr'><strong>hactenus</strong></span> <span class='ocrx_word' id='word_1_117' title='bbox 1363 2933 1418 3005; x_wconf 91' lang='lat' dir='ltr'><strong>vel</strong></span> <span class='ocrx_word' id='word_1_118' title='bbox 1436 2931 1481 3005; x_wconf 89' lang='lat' dir='ltr'><strong>dc</strong></span> <span class='ocrx_word' id='word_1_119' title='bbox 1500 2943 1612 3005; x_wconf 83' lang='lat' dir='ltr'><strong>cetero</strong></span> <span class='ocrx_word' id='word_1_120' title='bbox 1630 2933 1877 3028; x_wconf 69' lang='lat' dir='ltr'><strong>presumpserit</strong></span> <span class='ocrx_word' id='word_1_121' title='bbox 1890 2953 1963 3001; x_wconf 89' lang='lat' dir='ltr'><strong>mo-</strong></span> 
     </span>
     <span class='ocr_line' id='line_1_16' title="bbox 556 3056 1963 3154; baseline -0.004 -24"><span class='ocrx_word' id='word_1_122' title='bbox 556 3059 691 3131; x_wconf 73' lang='lat' dir='ltr'><strong>lestare.</strong></span> <span class='ocrx_word' id='word_1_123' title='bbox 709 3059 850 3154; x_wconf 88' lang='lat' dir='ltr'><strong>Propter</strong></span> <span class='ocrx_word' id='word_1_124' title='bbox 863 3056 958 3152; x_wconf 88' lang='lat' dir='ltr'><strong>quod</strong></span> <span class='ocrx_word' id='word_1_125' title='bbox 972 3056 1168 3130; x_wconf 91' lang='lat' dir='ltr'><strong>discretioni</strong></span> <span class='ocrx_word' id='word_1_126' title='bbox 1183 3065 1241 3131; x_wconf 87' lang='lat' dir='ltr'><strong>tue</strong></span> <span class='ocrx_word' id='word_1_127' title='bbox 1254 3057 1473 3149; x_wconf 81' lang='lat' dir='ltr'><strong>mandamus,</strong></span> <span class='ocrx_word' id='word_1_128' title='bbox 1489 3079 1669 3129; x_wconf 90' lang='lat' dir='ltr'><strong>monemus</strong></span> <span class='ocrx_word' id='word_1_129' title='bbox 1686 3065 1791 3151; x_wconf 85' lang='lat' dir='ltr'><strong>atquc</strong></span> <span class='ocrx_word' id='word_1_130' title='bbox 1807 3077 1963 3151; x_wconf 81' lang='lat' dir='ltr'><strong>rogamus</strong></span> 
     </span>
     <span class='ocr_line' id='line_1_17' title="bbox 557 3181 1962 3278; baseline -0.003 -24"><span class='ocrx_word' id='word_1_131' title='bbox 557 3182 653 3278; x_wconf 93' lang='lat' dir='ltr'><strong>quod</strong></span> <span class='ocrx_word' id='word_1_132' title='bbox 679 3181 910 3254; x_wconf 86' lang='lat' dir='ltr'><strong>molestatores</strong></span> <span class='ocrx_word' id='word_1_133' title='bbox 934 3181 1152 3276; x_wconf 87' lang='lat' dir='ltr'><strong>hujusmodi,</strong></span> <span class='ocrx_word' id='word_1_134' title='bbox 1171 3182 1237 3254; x_wconf 92' lang='lat' dir='ltr'><strong>nisi</strong></span> <span class='ocrx_word' id='word_1_135' title='bbox 1263 3182 1355 3256; x_wconf 87' lang='lat' dir='ltr'><strong>dicto</strong></span> <span class='ocrx_word' id='word_1_136' title='bbox 1382 3183 1545 3278; x_wconf 88' lang='lat' dir='ltr'><strong>episcopo</strong></span> <span class='ocrx_word' id='word_1_137' title='bbox 1567 3183 1778 3255; x_wconf 78' lang='lat' dir='ltr'><strong>satisfacient</strong></span> <span class='ocrx_word' id='word_1_138' title='bbox 1800 3183 1845 3254; x_wconf 90' lang='lat' dir='ltr'><strong>de</strong></span> <span class='ocrx_word' id='word_1_139' title='bbox 1868 3181 1962 3253; x_wconf 83' lang='lat' dir='ltr'><strong>illatis</strong></span> 
     </span>
     <span class='ocr_line' id='line_1_18' title="bbox 558 3288 1961 3400; baseline -0.004 -20"><span class='ocrx_word' id='word_1_140' title='bbox 558 3305 655 3380; x_wconf 88' lang='lat' dir='ltr'><strong>etde</strong></span> <span class='ocrx_word' id='word_1_141' title='bbox 674 3307 874 3400; x_wconf 91' lang='lat' dir='ltr'><strong>hujusmodi</strong></span> <span class='ocrx_word' id='word_1_142' title='bbox 892 3305 1137 3381; x_wconf 83' lang='lat' dir='ltr'><strong>vexationibus</strong></span> <span class='ocrx_word' id='word_1_143' title='bbox 1158 3307 1299 3379; x_wconf 94' lang='lat' dir='ltr'><strong>omnino</strong></span> <span class='ocrx_word' id='word_1_144' title='bbox 1316 3306 1525 3400; x_wconf 84' lang='lat' dir='ltr'><strong>destiterint,</strong></span> <span class='ocrx_word' id='word_1_145' title='bbox 1548 3329 1608 3381; x_wconf 86' lang='lat' dir='ltr'><strong>eos</strong></span> <span class='ocrx_word' id='word_1_146' title='bbox 1628 3288 1961 3379; x_wconf 77' lang='lat' dir='ltr'><strong>auctoritate&#39;nostrn</strong></span> 
     </span>
     <span class='ocr_line' id='line_1_19' title="bbox 559 3431 1413 3530; baseline -0.001 -25"><span class='ocrx_word' id='word_1_147' title='bbox 559 3431 771 3530; x_wconf 86' lang='lat' dir='ltr'><strong>proscribes,</strong></span> <span class='ocrx_word' id='word_1_148' title='bbox 788 3432 925 3527; x_wconf 87' lang='lat' dir='ltr'><strong>quoties</strong></span> <span class='ocrx_word' id='word_1_149' title='bbox 939 3433 1045 3505; x_wconf 87' lang='lat' dir='ltr'><strong>iueris</strong></span> <span class='ocrx_word' id='word_1_150' title='bbox 1058 3431 1245 3527; x_wconf 92' lang='lat' dir='ltr'><strong>requisitus</strong></span> <span class='ocrx_word' id='word_1_151' title='bbox 1263 3433 1307 3505; x_wconf 84' lang='lat' dir='ltr'><strong>ab</strong></span> <span class='ocrx_word' id='word_1_152' title='bbox 1326 3431 1413 3530; x_wconf 89' lang='lat' dir='ltr'><strong>ipso.</strong></span> 
     </span>
    </p>

    <p class='ocr_par' dir='ltr' id='par_1_6' title="bbox 606 3541 1072 3630">
     <span class='ocr_line' id='line_1_20' title="bbox 606 3541 1072 3630; baseline 0.009 -2"><span class='ocrx_word' id='word_1_153' title='bbox 606 3559 731 3628; x_wconf 81' lang='lat' dir='ltr'><strong>Datum</strong></span> <span class='ocrx_word' id='word_1_154' title='bbox 746 3558 881 3630; x_wconf 83' lang='lat' dir='ltr'><strong>Parme.</strong></span> <span class='ocrx_word' id='word_1_155' title='bbox 1068 3541 1072 3554; x_wconf 53' lang='lat'>⁸</span> 
     </span>
    </p>
   </div>
   <div class='ocr_carea' id='block_1_6' title="bbox 409 4197 1961 4712">
    <p class='ocr_par' dir='ltr' id='par_1_7' title="bbox 409 4197 1961 4333">
     <span class='ocr_line' id='line_1_21' title="bbox 409 4197 1961 4333; baseline -0.005 -47"><span class='ocrx_word' id='word_1_156' title='bbox 409 4305 422 4333; x_wconf 47' lang='lat' dir='ltr'>a</span> <span class='ocrx_word' id='word_1_157' title='bbox 607 4203 842 4308; x_wconf 80' lang='lat' dir='ltr'><strong>Fnidericus⁷</strong></span> <span class='ocrx_word' id='word_1_158' title='bbox 863 4203 1121 4286; x_wconf 85' lang='lat' dir='ltr'><strong>Romanorum</strong></span> <span class='ocrx_word' id='word_1_159' title='bbox 1144 4202 1363 4312; x_wconf 85' lang='lat' dir='ltr'><strong>imperator,</strong></span> <span class='ocrx_word' id='word_1_160' title='bbox 1385 4204 1435 4286; x_wconf 86' lang='lat' dir='ltr'><strong>sd</strong></span> <span class='ocrx_word' id='word_1_161' title='bbox 1453 4199 1769 4312; x_wconf 83' lang='lat' dir='ltr'><strong>supplicationem</strong></span> <span class='ocrx_word' id='word_1_162' title='bbox 1792 4197 1961 4284; x_wconf 87' lang='lat' dir='ltr'><strong>Fridericr</strong></span> 
     </span>
    </p>

    <p class='ocr_par' dir='ltr' id='par_1_8' title="bbox 410 4305 1961 4712">
     <span class='ocr_line' id='line_1_22' title="bbox 410 4305 1961 4445; baseline -0.006 -25"><span class='ocrx_word' id='word_1_163' title='bbox 410 4305 494 4390; x_wconf 55' lang='lat'><strong>‘3⁰35&#39;</strong></span> <span class='ocrx_word' id='word_1_164' title='bbox 555 4336 704 4420; x_wconf 76' lang='lat' dir='ltr'><strong>abbatis</strong></span> <span class='ocrx_word' id='word_1_165' title='bbox 735 4337 936 4440; x_wconf 86' lang='lat' dir='ltr'><strong>llotensis,</strong></span> <span class='ocrx_word' id='word_1_166' title='bbox 971 4345 1253 4445; x_wconf 85' lang='lat' dir='ltr'><strong>postmortem</strong></span> <span class='ocrx_word' id='word_1_167' title='bbox 1291 4336 1456 4419; x_wconf 85' lang='lat' dir='ltr'><strong>Conrudi</strong></span> <span class='ocrx_word' id='word_1_168' title='bbox 1490 4334 1778 4444; x_wconf 86' lang='lat' dir='ltr'><strong>Ratisponensis</strong></span> <span class='ocrx_word' id='word_1_169' title='bbox 1804 4329 1961 4444; x_wconf 90' lang='lat' dir='ltr'><strong>episcopi</strong></span> 
     </span>
     <span class='ocr_line' id='line_1_23' title="bbox 555 4463 1960 4577; baseline -0.002 -31"><span class='ocrx_word' id='word_1_170' title='bbox 555 4467 743 4575; x_wconf 91' lang='lat' dir='ltr'><strong>quidquid</strong></span> <span class='ocrx_word' id='word_1_171' title='bbox 775 4469 822 4550; x_wconf 89' lang='lat' dir='ltr'><strong>de</strong></span> <span class='ocrx_word' id='word_1_172' title='bbox 857 4469 1054 4551; x_wconf 83' lang='lat' dir='ltr'><strong>advocatie</strong></span> <span class='ocrx_word' id='word_1_173' title='bbox 1084 4467 1200 4577; x_wconf 82' lang='lat' dir='ltr'><strong>hujus</strong></span> <span class='ocrx_word' id='word_1_174' title='bbox 1236 4468 1455 4550; x_wconf 79' lang='lat' dir='ltr'><strong>monasterii</strong></span> <span class='ocrx_word' id='word_1_175' title='bbox 1491 4477 1651 4551; x_wconf 83' lang='lat' dir='ltr'><strong>vacante</strong></span> <span class='ocrx_word' id='word_1_176' title='bbox 1680 4467 1826 4550; x_wconf 85' lang='lat' dir='ltr'><strong>sactum</strong></span> <span class='ocrx_word' id='word_1_177' title='bbox 1857 4463 1960 4548; x_wconf 84' lang='lat' dir='ltr'><strong>fuerit</strong></span> 
     </span>
     <span class='ocr_line' id='line_1_24' title="bbox 556 4597 1892 4712; baseline 0.004 -36"><span class='ocrx_word' id='word_1_178' title='bbox 556 4597 698 4705; x_wconf 82' lang='lat' dir='ltr'><strong>irritet,</strong></span> <span class='ocrx_word' id='word_1_179' title='bbox 714 4601 962 4710; x_wconf 84' lang='lat' dir='ltr'><strong>eamdemque</strong></span> <span class='ocrx_word' id='word_1_180' title='bbox 982 4601 1157 4684; x_wconf 88' lang='lat' dir='ltr'><strong>Conrndo</strong></span> <span class='ocrx_word' id='word_1_181' title='bbox 1183 4601 1311 4686; x_wconf 87' lang='lat' dir='ltr'><strong>comiti</strong></span> <span class='ocrx_word' id='word_1_182' title='bbox 1331 4602 1380 4684; x_wconf 88' lang='lat' dir='ltr'><strong>de</strong></span> <span class='ocrx_word' id='word_1_183' title='bbox 1402 4600 1660 4712; x_wconf 85' lang='lat' dir='ltr'><strong>Wesserburg</strong></span> <span class='ocrx_word' id='word_1_184' title='bbox 1677 4598 1892 4684; x_wconf 77' lang='lat' dir='ltr'><strong>committit</strong></span> 
     </span>
    </p>
   </div>
   <div class='ocr_carea' id='block_1_7' title="bbox 0 0 2140 5886">
    <p class='ocr_par' dir='ltr' id='par_1_9' title="bbox 0 0 2140 5886">
     <span class='ocr_line' id='line_1_25' title="bbox 0 0 2140 5886; baseline 0 0"><span class='ocrx_word' id='word_1_185' title='bbox 0 0 2140 5886; x_wconf 95' lang='lat' dir='ltr'><strong> </strong></span> 
     </span>
    </p>
   </div>
  </div>
 </body>
</html>
