4298 5898
573 561 636 624 43⁴
1075 563 1293 626 rutuuutct
1319 565 1494 628 sucoso!
1791 568 1874 649 [bn.
1890 568 1978 641 lm

659 693 778 776 (Edldtt
790 695 1016 774 Nemausus,
1028 693 1386 782 Pabepaptupm,
1401 716 1433 778 p.
1445 707 1516 774 trs,
1526 701 1883 780 exunginnltlnarslrtvu
1895 706 1977 768 Patr.

693 803 725 866 s.
740 803 1090 888 annumerem.)

622 991 818 1066 Fridericus
841 993 903 1068 Dei
926 993 1034 1090 gratia
1055 995 1287 1068 Romanorum
1310 993 1509 1092 imperator,
1530 1018 1666 1094 semper
1683 1007 1851 1094 auguratus
1868 1011 1903 1073 et
1918 1023 1983 1076 rex

574 1117 699 1192 Sicilie.
720 1119 759 1192 ln
781 1119 944 1192 eminenti
961 1119 1139 1214 dignitatis
1157 1119 1345 1216 imperialis
1363 1119 1449 1194 solio
1466 1121 1640 1194 constituti
1658 1131 1752 1197 tanto
1769 1127 1982 1222 propensiori

573 1265 655 1322 curu
686 1244 863 1319 intendere
890 1243 1057 1319 debemus
1075 1244 1121 1320 ad
1144 1245 1374 1343 protegendas
1396 1245 1460 1319 uei
1484 1245 1647 1320 ecclesias
1674 1255 1709 1320 et
1730 1247 1921 1344 fovendas,
1949 1263 1984 1326 et

573 1371 737 1466 precipue
759 1371 833 1444 loca
855 1371 1015 1466 religiosa
1033 1371 1069 1444 in
1093 1371 1224 1466 quibus
1247 1371 1311 1444 Dei
1333 1371 1481 1444 cultores
1502 1393 1565 1467 pru
1584 1373 1695 1445 salute
1714 1383 1827 1446 nostru
1852 1385 1887 1448 et
1906 1397 1981 1448 orn·

574 1495 671 1567 nium
689 1493 845 1570 fidelium
868 1495 995 1570 cotidie
1013 1496 1159 1569 militant
1177 1495 1339 1586 creatori,
1358 1505 1488 1592 quanto
1504 1518 1567 1569 nos
1584 1495 1703 1570 divina
1721 1499 1901 1574 clementia
1919 1524 1981 1598 pre

573 1619 651 1692 aliis
665 1621 758 1694 orbis
772 1621 987 1718 principibus
1001 1621 1177 1694 exaltavit.
1190 1620 1275 1695 lnde
1288 1627 1340 1694 est
1353 1621 1448 1716 quod
1462 1642 1525 1693 nos
1539 1621 1754 1696 attendentes
1767 1621 1979 1700 honestatem

572 1753 607 1817 et
617 1744 976 1839 religionemPalnutii
989 1745 1196 1819 venerabilis
1206 1745 1343 1818 abbatis
1353 1753 1387 1817 et
1395 1753 1586 1818 conventus
1597 1744 1794 1818 monasterii
1802 1747 1977 1820 beaterum

573 1869 663 1942 Petri
681 1878 715 1943 et
732 1869 828 1944 Pauli
847 1871 894 1944 de
911 1871 1121 1967 Spanopetro
1140 1871 1178 1942 in
1196 1871 1383 1944 tenimento
1394 1867 1585 1942 Arenarum
1606 1871 1804 1964 existentis,
1826 1870 1977 1946 fidelium

572 2003 780 2088 nostrorum,
800 1992 920 2068 divine
936 1995 1071 2090 pietatis
1083 1997 1228 2070 obtentu
1246 2003 1281 2068 et
1298 2017 1359 2090 pro
1371 1995 1564 2070 reverentia
1581 1995 1734 2092 ipsorum
1749 1998 1977 2093 apostulorum

574 2123 776 2215 inquorum
795 2119 924 2192 honore
944 2119 1187 2194 monasterium
1207 2121 1319 2216 ipsum
1339 2119 1491 2192 noscitur
1505 2141 1581 2194 esse
1597 2119 1799 2215 fundatum,
1819 2123 1977 2198 abbatem

573 2255 607 2320 et
629 2253 837 2320 conventum
864 2244 1036 2342 pradictus
1053 2254 1088 2319 et
1103 2266 1319 2318 successores
1334 2265 1455 2318 aurum
1472 2253 1508 2318 et
1520 2244 1713 2340 pradictum
1733 2249 1976 2322 monasterium

571 2393 652 2446 oum
670 2369 896 2462 obedientiis,
917 2368 1133 2462 bominibus,
1154 2368 1428 2465 possessionibus
1445 2377 1480 2442 et
1495 2369 1572 2442 aliis
1591 2371 1692 2443 bonis
1709 2373 1782 2443 suis
1799 2393 1869 2467 que
1885 2395 1977 2446 nunc

569 2500 663 2592 juste
680 2495 858 2594 possident
876 2504 913 2570 el
932 2497 968 2568 iu
987 2497 1102 2570 luturo
1122 2498 1216 2590 justo
1233 2495 1332 2568 tituto
1355 2495 1532 2590 acquirere
1556 2503 1736 2591 poterunt,
1758 2497 1826 2570 sub
1846 2507 1976 2596 proteu·

571 2625 665 2696 tione
697 2631 811 2694 nostre
839 2618 1054 2694 celsitudinis
1084 2619 1269 2717 recipimus
1301 2619 1454 2716 speciali.
1487 2619 1682 2694 Districtine
1713 2620 1907 2696 inhibentes
1934 2645 1978 2696 ne

571 2747 652 2844 quis
673 2746 917 2821 monasterium
939 2745 1072 2841 ipsum,
1096 2745 1256 2819 abbatem
1284 2753 1319 2818 et
1340 2751 1549 2818 conventum
1573 2743 1746 2840 predictos
1766 2745 1822 2818 vel
1843 2767 1976 2822 sueooe-

569 2896 663 2948 sores
687 2895 807 2948 eorum
832 2895 937 2969 super
957 2871 1132 2968 premissis
1156 2871 1320 2946 omnibus
1343 2880 1462 2944 eontra
1487 2869 1592 2962 huius
1617 2870 1840 2966 protectionis
1863 2881 1975 2948 nosue

568 3009 720 3074 tenorem
743 3009 870 3072 temere
889 2997 1090 3094 perturbare
1112 3005 1173 3074 aut
1192 2997 1374 3072 molestare
1395 3003 1582 3092 presumat.
1601 2995 1703 3080 Quod
1723 2995 1785 3090 qni
1799 3018 1975 3093 presump-

565 3125 648 3198 serit
673 3123 944 3218 indignationem
975 3123 1083 3194 nostri
1109 3121 1272 3194 culminis
1298 3141 1337 3194 se
1363 3120 1501 3194 noverit
1528 3119 1760 3192 incursurum.
1789 3117 1847 3192 Ad
1873 3122 1972 3214 hujus

566 3259 683 3324 autam
696 3247 915 3344 protectionis
926 3257 1041 3320 nostre
1055 3247 1255 3320 memoriam
1269 3255 1304 3320 et
1317 3255 1519 3342 perpetuam
1535 3243 1742 3337 firmitatem,
1757 3243 1825 3320 boc
1838 3265 1973 3341 presem

568 3377 733 3469 scriptum
748 3371 821 3446 lieri
836 3383 872 3446 et
884 3372 1070 3465 majestatis
1083 3383 1198 3446 nostre
1209 3371 1323 3466 sigillo
1329 3369 1497 3465 jussimus
1511 3367 1730 3459 communiri,
1741 3391 1847 3463 anno,
1858 3391 1972 3444 meuse

567 3511 602 3575 et
622 3501 807 3574 indictione
821 3498 1034 3594 subscriptis.

615 3627 740 3698 Datum
757 3623 946 3716 Sirauusie,
964 3643 1056 3696 anno
1077 3619 1251 3694 dominice
1274 3619 1519 3694 incarnationis
1534 3619 1715 3694 millesimo
1740 3618 1970 3695 ducentesimo

566 3749 732 3824 uicesimo
749 3757 886 3844 quarto,
906 3770 1024 3822 mense
1042 3753 1202 3840 augusto,
1220 3743 1429 3818 duodecima
1442 3741 1641 3818 indictione.

618 4286 851 4388 Fridericus‚
877 4283 1138 4370 Romanorum
1164 4279 1384 4388 imperator,
1412 4275 1578 4360 Antonio
1605 4271 1735 4357 abbati
1757 4263 1968 4356 monasterii

563 4421 773 4504 lloocadiae
801 4415 1058 4502 Cisterciensis
1075 4414 1220 4498 ordinis
1237 4410 1435 4524 priuilegia
1452 4409 1525 4494 sibi
1539 4407 1649 4520 juxta
1666 4405 1967 4492 constitutionem

565 4555 716 4664 Capuae
734 4555 875 4638 editam
898 4552 1089 4663 resignata
1106 4547 1290 4656 restituit,
1310 4545 1663 4658 possessionesque,
1680 4539 1770 4652 jura
1796 4549 1833 4622 et
1852 4535 1968 4618 liber-

565 4698 661 4771 tates
686 4715 785 4799 quae
812 4687 851 4768 in
875 4688 930 4771 eis
953 4683 1245 4770 continebantur
1268 4681 1478 4794 specialiter
1498 4687 1668 4762 recenset
1692 4687 1731 4761 et
1756 4671 1963 4762 confirmat.
