4298 5898
187 575 283 638 lenm
303 574 364 654 12]
636 574 836 639 HISTORIA
860 575 1154 641 ntrtouerlce.

404 858 1291 876 *ιΜη-ι-ιιιη-ᾺΜ
1293 864 1390 876 uuuuu

238 1133 268 1216 F
268 1133 475 1238 ridericuS,
510 1134 773 1220 Romanorum
803 1135 1030 1246 imperator,
1064 1134 1195 1220 scribit
1223 1164 1368 1248 papae,
1405 1165 1496 1223 suas
1523 1139 1607 1250 jam
1666 1164 1783 1262 Ἢ.

184 1265 378 1350 multoties
395 1294 463 1378 per
485 1269 641 1352 nuntios
659 1277 696 1353 et
712 1267 857 1353 litteras
872 1295 942 1379 pro
959 1269 1110 1354 notario
1133 1296 1204 1354 suo
1226 1270 1412 1382 magistro
1434 1272 1607 1357 lohanne

184 1399 234 1483 de
251 1399 422 1512 Trajeeto
441 1402 682 1512 interpositas
719 1429 849 1513 preces
876 1430 1085 1512 renovans,
1114 1403 1326 1517 dequibus
1357 1406 1465 1490 nulla
1492 1407 1607 1491 fuerit

185 1561 309 1646 usque
324 1562 428 1619 nuno
450 1537 591 1621 decisio
610 1545 759 1647 secute,
779 1547 819 1623 et
832 1539 935 1650 apud
952 1538 1170 1650 pontificem
1188 1541 1433 1624 commendat
1454 1541 1607 1625 archie-

183 1667 383 1778 piscopum
401 1669 688 1782 Hydruntinum
709 1673 778 1784 qui
796 1698 887 1758 suas
905 1698 975 1782 pro
997 1673 1131 1756 eodem
1153 1672 1394 1757 instantiores
1411 1699 1542 1784 preces
1560 1700 1607 1758 ex

183 1827 251 1886 ore
266 1803 454 1916 porriget.

260 2018 435 2100 (Memorat.
449 2040 498 2103 ep.
514 2025 677 2099 Borma,
693 2025 803 2108 meost.
819 2025 935 2106 imper„
952 2041 984 2103 p.
1002 2033 1070 2100 1²7,
1085 2035 1120 2086 ιιο
1136 2035 1206 2102 stt,
1220 2043 1259 2087 ex
1272 2025 1357 2104 eople
1370 2041 1461 2104 quem
1475 2028 1561 2089 Peru
1574 2027 1605 2088 ln

304 2133 593 2211 regemveoena
605 2129 814 2212 nuncupet.)

232 2325 359 2397 Datum
377 2320 556 2415 cathenis,
572 2322 617 2394 lll
633 2341 743 2396 nones
755 2320 851 2414 maii,
870 2319 1059 2396 indictione
1075 2321 1294 2396 duodecima.

1062 2627 1375 2642 ,Ἣ

234 2895 472 3005 Fridericus,
506 2899 768 2983 Romanorum
804 2899 1028 3010 imperator,
1063 2900 1289 2982 sententiam
1321 2926 1344 2982 a
1376 2899 1530 2982 Simone
1566 2909 1603 2981 et
1681 2929 1781 2992 atalae

180 3032 342 3117 llenrieo
359 3034 409 3117 de
426 3032 548 3118 Tocco
561 3043 600 3117 et
615 3033 726 3118 Petro
749 3034 797 3118 de
816 3033 955 3118 Sancto
974 3035 1164 3120 Germano
1182 3059 1347 3146 magnae
1365 3035 1493 3117 curiae
1511 3060 1602 3117 suae

175 3163 372 3274 judicibus
403 3166 521 3250 latam
552 3167 778 3272 confirmat,
813 3195 891 3279 qua
918 3169 1104 3252 deciditur
1135 3169 1174 3250 in
1207 3168 1377 3253 favorem
1407 3169 1601 3253 Thomasii

180 3299 385 3409 praepositi
399 3300 560 3384 Sanctae
572 3300 713 3386 Mariae
725 3302 774 3384 de
787 3301 889 3386 Lneo
901 3327 973 3411 pro
985 3313 1094 3411 parte
1107 3300 1329 3385 monasterii
1344 3301 1595 3386 Cassinensis.

261 3513 353 3596 (Edit.
369 3532 418 3596 ep.
429 3515 610 3593 duranum,
621 3515 731 3579 Aeas.
741 3513 784 3578 od
795 3513 859 3578 tet
873 3515 998 3591 wart,
1009 3533 1041 3594 p.
1051 3524 1122 3592 29²,
1134 3533 1173 3578 ex
1183 3517 1360 3597 orlglnsllln
1373 3518 1455 3582 ercle.
1470 3517 1598 3596 cmm.)

228 3705 424 3781 Fridericus
436 3706 501 3782 Dei
516 3706 628 3802 gratie
645 3707 878 3781 Romanorum
895 3705 1091 3802 imperator,
1113 3711 1264 3803 [semper
1277 3707 1462 3802 augustus]
1480 3715 1516 3780 et
1535 3727 1599 3780 rex

178 3829 307 3904 Sicilie.
333 3831 399 3905 Per
423 3853 566 3929 presens
588 3831 753 3928 scriptum
775 3839 896 3906 notum
918 3829 1066 3904 fecimus
1088 3830 1261 3904 universis
1284 3839 1354 3904 tem
1381 3830 1598 3927 presentibus

176 3978 286 4052 quam
301 3958 427 4031 tuturis
438 3957 535 4053 quod
552 3956 715 4032 dominns
731 3958 894 4048 Thomas,
913 3955 1124 4031 venerabilis
1139 3955 1334 4052 prepositus
1351 3957 1475 4029 Sancte
1490 3955 1597 4029 llarie

177 4082 225 4156 de
240 4084 335 4156 Lueo
349 4083 555 4158 obedientie
566 4082 763 4157 monasterii
779 4081 1003 4174 Cessinensis,
1024 4079 1139 4155 tidelis
1157 4088 1284 4172 noster,
1303 4078 1493 4174 quamdam
1509 4099 1596 4152 sen-

176 4207 322 4281 tentiam
345 4209 451 4283 latam
481 4229 544 4304 pro
568 4208 644 4306 ipsa
665 4207 812 4282 ecclesie
838 4209 963 4282 Sancte
986 4205 1095 4280 Mario
1121 4204 1167 4280 de
1194 4207 1288 4277 Luco
1312 4214 1432 4278 contra
1463 4204 1593 4277 curiam

176 4339 329 4407 nostram
352 4353 415 4430 per
435 4333 617 4429 magistros
639 4333 815 4408 Simonem
838 4330 884 4406 de
906 4332 1031 4421 Taceo,
1051 4329 1190 4402 Petrum
1213 4328 1260 4402 de
1282 4329 1407 4402 Sancto
1425 4325 1594 4401 Germano

174 4465 212 4532 et
231 4456 418 4532 Henricam
436 4457 482 4531 de
499 4458 628 4546 Tocoo,
647 4477 775 4552 magne
796 4455 892 4530 curie
909 4461 1024 4528 nostre
1043 4451 1199 4545 judices,
1217 4459 1332 4526 nostro
1349 4451 1494 4524 culmini
1512 4474 1595 4548 pre-

174 4582 341 4668 sentavit,
356 4581 558 4681 supplicans
581 4581 757 4656 humiliter
777 4589 813 4655 et
831 4579 958 4655 devote
977 4585 1017 4650 ut
1031 4576 1236 4652 sententiam
1258 4576 1369 4672 ipsam
1391 4576 1595 4651 confirmare

174 4707 223 4782 de
240 4717 356 4783 nostre
370 4707 481 4803 gretia
498 4706 741 4802 dignaremur3
759 4705 861 4799 eujus
872 4700 1042 4780 mnoentie
1059 4710 1157 4778 tenor
1174 4701 1252 4776 telis
1266 4709 1319 4777 est
1336 4729 1345 4774 :
