4368 5876
1031 568 1250 632 salutaret
1274 570 1449 634 sacuam
1758 569 1834 656 [dm.
1852 569 1939 634 ml.

388 1139 488 1238 “tlte

400 1258 470 1344 lla

580 1120 812 1231 Friderious‚
828 1123 1089 1210 Romanorum
1102 1127 1323 1239 imperator,
1338 1129 1492 1212 Petrum
1506 1129 1684 1214 abbatem
1701 1131 1739 1213 el
1751 1139 1948 1212 monaste.

525 1254 628 1338 rium
655 1255 815 1341 Sanctae
837 1259 977 1344 Mariae
999 1261 1040 1344 iu
1062 1263 1158 1372 pede
1174 1264 1320 1348 Romae
1341 1265 1525 1350 Pimonlis
1548 1264 1588 1347 in
1616 1263 1769 1375 speciali
1796 1273 1944 1374 protan-

526 1391 627 1475 tione
642 1418 712 1476 sua
725 1394 871 1504 recipit,
882 1395 1173 1506 eiqueconcedil
1185 1409 1222 1482 el
1234 1399 1435 1483 confirmat
1449 1399 1621 1484 startiam
1634 1408 1673 1482 el
1680 1397 1943 1482 molendinum

526 1523 742 1634 Aroupinti‚
762 1534 882 1610 terras
906 1527 1035 1612 Sancti
1052 1531 1232 1615 Marciani
1250 1541 1288 1616 ol
1304 1558 1437 1616 omues
1450 1533 1700 1640 venditiones,
1714 1530 1941 1636 oblationes,

527 1681 595 1740 seu
608 1658 832 1744 donationes
846 1659 900 1744 ibi
917 1659 1052 1746 factas.

359 1301 400 1354 jn

609 1885 731 1966 (Iuedlt.
746 1901 794 1964 ap.
812 1885 966 1948 archivum
986 1903 1050 1966 rag.
1074 1887 1106 1952 S.
1121 1889 1254 1952 Severlul
1271 1889 1510 1969 Naupollleuum,
1533 1905 1571 1950 ex
1588 1887 1723 1968 originali
1745 1889 1834 1965 eujus
1861 1884 1945 1964 eigil-

651 1993 715 2054 lum
732 1990 841 2074 parm.)

575 2187 771 2262 Friderione
793 2187 916 2263 diviua
945 2191 1085 2264 lavante
1111 2191 1292 2266 elementia
1319 2192 1550 2266 Romanorum
1579 2191 1783 2287 imperator,
1810 2208 1947 2284 sempor

528 2321 697 2408 augustus
717 2323 753 2386 et
775 2336 839 2387 rex
864 2315 992 2390 Sicilia.
1017 2317 1108 2390 luter
1134 2325 1247 2390 uetera
1269 2317 1421 2390 annulle
1444 2337 1549 2412 opera
1569 2338 1641 2411 que
1665 2315 1789 2389 divine
1810 2311 1947 2409 pietatis

529 2436 655 2510 iutuitu
682 2438 740 2533 pia
765 2439 985 2512 miseratione
1009 2440 1193 2534 largimur,
1219 2441 1307 2515 illud
1337 2442 1409 2514 Deo
1433 2442 1566 2536 gratius
1592 2439 1769 2514 eredimm
1795 2435 1948 2510 residere

530 2561 627 2656 quon
646 2561 801 2634 sacrans
817 2563 880 2635 nei
905 2573 940 2636 a
960 2543 1044 2636 roas
1064 2565 1321 2638 veranianus
1342 2564 1388 2639 ao
1414 2584 1509 2637 mera
1531 2563 1737 2637 omnlino
1758 2561 1944 2635 sonamus.

531 2685 616 2758 lude
630 2697 683 2758 aet
699 2685 817 2780 itaque
836 2685 932 2780 quod
948 2707 1011 2760 uos
1025 2687 1239 2762 attendentes
1254 2687 1479 2778 honestatem,
1496 2687 1666 2761 celebrem
1683 2685 1793 2759 vitam
1811 2695 1847 2757 et
1864 2682 1950 2757 reli-

532 2809 671 2901 gionem
685 2811 798 2882 trabis
813 2811 903 2882 Petri
919 2811 1126 2886 venerabilis
1140 2812 1275 2886 abbatis
1285 2814 1408 2886 Sauole
1418 2813 1527 2886 Maria
1542 2810 1661 2884 matris
1673 2808 1815 2884 Domini
1830 2809 1897 2882 sile
1912 2807 1950 2880 iu

532 2931 623 3028 pede
640 2932 750 3004 Iloooe
770 2931 936 3006 Pimontie
956 2955 1091 3008 ueouou
1113 2944 1149 3008 et
1168 2937 1311 3008 lralrum
1332 2956 1476 3009 enorum
1499 2935 1631 3008 ibidem
1651 2934 1780 3008 devote
1800 2931 1951 3006 Domino

533 3055 793 3145 famulantium,
818 3076 881 3152 pro
904 3057 1058 3132 remedio
1077 3079 1217 3154 quoque
1237 3059 1390 3132 lalioium
1411 3067 1638 3152 augustorum
1659 3065 1845 3153 pareutum
1869 3075 1952 3128 noe·

534 3187 664 3252 trorum
680 3188 715 3251 et
731 3187 771 3252 ul
786 3179 886 3252 nobie
905 3181 1121 3276 omnipotens
1139 3203 1159 3254 a
1174 3203 1246 3278 quo
1264 3193 1385 3256 cuneta
1404 3183 1496 3256 bona
1513 3181 1731 3278 suscepimus
1746 3180 1856 3253 vitam
1879 3200 1953 3251 au-

535 3315 615 3398 geat
636 3302 851 3394 absolutam,
875 3302 1037 3376 eumdem
1052 3305 1229 3394 abbatem,
1247 3307 1492 3380 monasterium
1508 3307 1643 3403 ipsum,
1661 3306 1785 3378 naam
1804 3313 1841 3376 et
1858 3303 1953 3376 bona

534 3427 691 3518 ejusdem
716 3427 752 3498 iu
777 3425 920 3521 epeoiali
943 3429 1154 3523 protentione
1176 3438 1211 3501 et
1234 3428 1435 3503 defensione
1460 3437 1577 3502 nostra
1601 3427 1815 3524 reoepimus‚
1843 3437 1880 3500 el
1906 3424 1953 3500 de

536 3560 699 3622 consueta
725 3548 981 3642 magnificentie
1011 3560 1125 3623 nostre
1152 3551 1261 3644 gratio
1294 3552 1387 3626 dioto
1416 3553 1624 3627 monasterio
1654 3550 1883 3626 nonosdimus
1918 3559 1955 3622 et

534 3672 777 3747 confirmamus
801 3673 953 3745 startiam
978 3682 1014 3746 al
1037 3672 1273 3748 molendinum
1308 3674 1490 3771 Areupiuti
1518 3685 1554 3750 el
1580 3684 1687 3750 terrae
1714 3675 1833 3748 Sancti
1860 3675 1956 3748 Mur·

535 3796 626 3871 ciaui
657 3794 764 3868 etad
791 3795 989 3868 laciendum
1009 3794 1059 3866 ibi
1082 3795 1317 3869 molendinum
1349 3820 1430 3870 com
1456 3799 1584 3872 sensile
1608 3818 1680 3870 uuo
1706 3798 1850 3871 uomina
1878 3799 1954 3870 Du·

534 3928 631 3994 raule
655 3939 735 3992 num
758 3918 947 3991 tenimento
963 3938 1046 4006 suo,
1063 3916 1153 3990 sicut
1175 3916 1276 3991 Oddo
1299 3919 1346 3992 de
1364 3919 1583 3994 Barnbiaelen
1601 3929 1714 3994 rector
1740 3919 1891 3993 Nuoerie
1917 3919 1957 3994 id

535 4045 611 4140 ipso
626 4043 696 4140 (sio)
712 4041 919 4115 monasterio
940 4042 1112 4136 optulerat
1130 4050 1165 4114 et
1185 4041 1385 4116 tradiderat.
1405 4043 1633 4118 consedimus
1653 4045 1760 4118 etiam
1786 4044 1856 4140 ipei
1879 4066 1957 4118 mo·

535 4166 684 4239 uastario
696 4185 817 4238 omuae
835 4163 1070 4250 venditiones,
1087 4164 1283 4238 oblaciones
1298 4175 1333 4238 el
1346 4165 1550 4240 donationes
1565 4167 1615 4240 ibi
1632 4168 1742 4240 lactan
1754 4189 1847 4261 quae
1860 4189 1959 4240 nuuc

535 4289 737 4383 possidetet
753 4287 905 4359 inantea
923 4286 1046 4382 poterit
1058 4285 1203 4382 adipisci
1220 4292 1283 4378 [el]
1302 4289 1338 4360 iu
1354 4299 1558 4385 perpetuum
1577 4289 1841 4380 ooulirmnmus,
1856 4292 1958 4366 salvo

535 4410 698 4482 mandato
715 4417 751 4482 et
767 4409 984 4482 ordinatione
999 4418 1126 4481 nostra.
1143 4408 1197 4481 Ad
1214 4410 1314 4501 enjus·
1329 4420 1444 4484 nostra
1461 4411 1732 4487 ooufirmatiouis
1747 4414 1956 4488 memoriam

535 4553 676 4626 presens
691 4531 855 4627 seriptum
874 4530 957 4603 iude
975 4528 1048 4602 fieri
1065 4541 1101 4602 et
1117 4530 1230 4624 sigillo
1246 4542 1362 4606 uoetm
1375 4534 1544 4625 jussimus
1560 4537 1784 4609 oommnuiri.

584 4654 710 4724 Datum
728 4651 870 4747 Neapoli
892 4659 970 4745 poet
994 4651 1126 4723 auriam
1146 4650 1261 4748 Capua
1280 4656 1499 4752 solempniter
1523 4658 1753 4750 eelebratem,
1771 4681 1867 4734 auno
1892 4659 1959 4734 do·
