4362 5904
556 559 617 619 nlo
1062 559 1275 622 uulnulllcl
1300 560 1473 623 sucuuul
1781 565 1862 644 [Asu.
1881 569 1966 630 1292.

558 695 721 767 volumus
735 704 915 791 protegere
926 706 961 769 et
975 697 1010 769 in
1025 699 1098 770 suis
1114 685 1310 771 racionibos
1327 699 1520 794 specialiter
1536 720 1740 775 conservare
1761 715 1891 799 quanto
1907 727 1969 779 noe

560 819 681 890 divina
696 820 877 893 clementia
889 843 950 916 pre
963 821 1039 894 aliis
1055 822 1147 895 orbis
1161 823 1377 918 principibus
1388 823 1567 897 exaltavit.

608 944 694 1016 Data
712 944 850 1036 Veroli,
867 945 1031 1018 vicesima
1051 947 1154 1019 tercia
1168 947 1227 1020 dic
1239 949 1366 1020 mensis
1378 949 1515 1043 aprilis,
1536 948 1733 1024 indictionis
1746 951 1893 1026 decime.

356 1557 535 1661 ciuilibus,
614 1573 695 1656 Vlll
708 1574 891 1658 kalendas
909 1577 1000 1658 maii
1013 1576 1372 1684 perCasaemarium
1387 1578 1623 1686 [imperator]
1640 1577 1788 1660 rediens
1806 1579 1966 1687 partici-

382 1670 409 1711 ²¹
422 1668 505 1724 Μ
560 1708 665 1814 pium
685 1708 873 1791 bonorum
891 1709 1066 1792 omnium
1083 1736 1181 1819 quae
1202 1711 1242 1791 in
1264 1712 1494 1794 monasterio
1515 1711 1614 1794 fiunt
1639 1720 1676 1792 et
1696 1710 1967 1794 fraternitatem

560 1867 648 1923 cum
667 1852 774 1950 patre
795 1852 833 1924 et
854 1850 975 1925 matre
995 1843 1035 1924 in
1053 1843 1266 1926 humilitate
1283 1843 1400 1953 digna
1418 1844 1602 1927 memoria
1624 1854 1662 1927 et
1677 1845 1784 1952 petiit
1799 1854 1837 1926 et
1854 1869 1965 1926 aoce-

560 1975 635 2082 pit⁷
660 1983 697 2055 et
722 1974 796 2057 hoc
816 2001 884 2083 per
906 1975 1075 2059 studium
1097 1988 1134 2059 et
1155 1977 1382 2060 industriam
1404 1977 1629 2060 venerabilis
1651 1977 1832 2060 iohannis
1853 1977 1966 2086 hujus

561 2107 780 2190 monasterii
799 2107 960 2192 abbatie.
982 2109 1219 2214 Remmiam,
1239 2114 1284 2191 dc
1302 2117 1457 2194 Monesi.
1482 2119 1637 2217 desem,
1657 2137 1742 2220 cap.
1763 2110 1881 2220 1V‚p.
1898 2111 1964 2214 50,

562 2266 607 2320 cx
627 2245 714 2322 Cod.
739 2240 850 2322 Velio.

810 2562 939 2572 --.-—-—·-

393 2848 495 2897 Verulis,

381 2903 408 2945 e
421 2901 506 2956 ...nu
613 2855 800 2940 Honorius
832 2881 931 2964 pape
966 2853 1119 2964 Pelagio
1151 2852 1357 2936 albanensi
1388 2855 1563 2964 episcopo
1599 2854 1826 2964 apostolicae
1862 2857 1966 2939 Sedis

561 2987 685 3098 legato
704 2989 833 3071 scribit
851 3015 905 3094 se,
918 2986 1107 3097 colloquio
1122 3013 1243 3098 nuper
1262 3014 1351 3070 cum
1368 2987 1557 3072 Friderico
1573 2988 1833 3074 Romanorum
1850 2990 1967 3100 impe-

561 3131 685 3205 ratore
710 3123 758 3224 de
784 3123 897 3207 rebus
916 3123 1052 3204 Terrae
1075 3121 1234 3204 Sanctae
1251 3120 1459 3227 celebrato,
1480 3121 1585 3204 aliud
1610 3122 1845 3232 colloquium
1868 3126 1967 3232 apud

561 3254 747 3338 Veronam
769 3256 869 3338 circe
886 3256 1026 3338 festum
1044 3254 1144 3338 beati
1166 3253 1316 3338 Martini
1338 3254 1538 3361 indixisse;
1558 3254 1608 3338 ad
1629 3257 1735 3365 quod
1756 3257 1966 3340 invitandos

560 3389 725 3471 decernit
740 3390 951 3474 iohannem
973 3387 1356 3496 Hierosolymitanum
1379 3414 1509 3498 regem
1529 3389 1732 3499 ipsumque
1753 3389 1965 3502 Pelagium,

562 3523 593 3604 si
611 3525 757 3632 possint
775 3525 857 3606 sine
878 3525 1020 3606 damno
1043 3549 1066 3604 a
1089 3522 1204 3604 Terra
1227 3520 1366 3604 Sancta
1387 3521 1538 3628 abesse3
1561 3521 1796 3606 Fridericum
1816 3523 1967 3632 insuper

557 3656 743 3766 juravisse
764 3657 869 3768 qued
891 3657 962 3738 iter
984 3655 1136 3764 arripiet
1158 3655 1321 3737 termino
1342 3679 1458 3764 quem
1480 3654 1559 3738 sive
1575 3655 1615 3734 iu
1634 3655 1825 3763 praedicte
1841 3655 1965 3738 collo·

561 3790 651 3898 quio
670 3791 748 3873 sive
760 3791 860 3872 circa
877 3788 1112 3898 colloquium
1126 3788 1197 3896 ipsi
1216 3787 1502 3898 praeligendum
1520 3787 1683 3870 duxerit.

642 4005 752 4083 (Edidit
764 4005 963 4078 mmrmus,
979 4000 1089 4066 Aeaei.
1102 4000 1208 4076 eccm,
1223 4011 1297 4066 tom.
1313 4003 1328 4064 1
1342 4000 1434 4081 (XIII)
1448 4003 1487 4063 ad
1500 4019 1571 4063 anu.
1591 4010 1679 4077 1222,
1693 3999 1717 4082 S
1730 4003 1767 4064 lL
1776 4002 1869 4064 Adest
1880 4004 1966 4064 ctiam

681 4111 718 4171 de
730 4129 762 4172 re
774 4111 876 4177 eadem
889 4113 981 4172 altera
994 4113 1103 4171 summi
1115 4110 1262 4188 pontilicis
1277 4110 1410 4188 epistola,
1424 4109 1494 4172 duta
1507 4109 1617 4170 lbldcm
1631 4118 1666 4170 lt
1681 4106 1802 4188 aprilis)

611 4299 794 4392 Honorius,
808 4310 893 4388 etc,
907 4299 1045 4394 Pelagio
1059 4299 1247 4372 Albanensi
1258 4298 1434 4393 episeopo,
1453 4293 1750 4393 apostolioeSedis
1762 4297 1887 4390 legato,
1900 4303 1965 4367 etc.

564 4425 702 4497 Celestis
719 4422 865 4496 altitudo
886 4424 1019 4496 consilii
1038 4445 1085 4496 cx
1104 4424 1149 4496 iis
1168 4444 1238 4517 que
1255 4424 1344 4495 mela
1365 4420 1529 4496 videntur
1550 4421 1641 4493 bona
1668 4421 1765 4492 novit
1788 4420 1911 4491 elicere
1934 4428 1970 4490 et

564 4551 710 4622 adversa
732 4548 875 4620 leliciter
896 4548 933 4619 in
955 4569 1119 4644 prospera
1144 4555 1366 4620 commotam.
1392 4546 1487 4618 Licet
1510 4545 1617 4638 igitur
1641 4565 1784 4639 gravem
1802 4543 1968 4634 iacturam

564 4683 598 4745 et
616 4671 746 4768 grande
766 4671 990 4768 opprobrium
1013 4672 1049 4744 in
1068 4672 1225 4770 partibus
1242 4669 1478 4744 transmarinis
1503 4688 1614 4764 nuper
1635 4689 1760 4764 passus
1783 4667 1886 4740 fuerit
1903 4685 1971 4762 po-
