4292 5894
224 506 323 564 lubrcr.
343 499 401 577 ll.]
671 488 869 554 HISTORIA
890 484 1187 548 britonellus.
1578 487 1638 549 393

225 633 328 744 apud
345 627 542 714 Luceriam
556 623 633 734 (l),
654 622 811 732 reliquis
830 647 870 702 se
886 621 927 701 in
941 619 1134 702 montanis
1148 618 1363 703 tenentibus
1383 627 1515 702 contra
1532 645 1636 702 eum.

226 769 382 874 Propter
399 761 504 873 quod
517 757 724 868 Rogerium
741 757 790 837 de
808 752 966 864 Aquila,
988 753 1176 836 Thomam
1198 753 1247 834 de
1266 752 1436 855 dasena,
1457 752 1640 836 Jacobum

227 903 275 983 de
301 900 440 981 Sancto
463 891 641 977 Severino
665 901 702 973 et
728 889 852 971 filium
878 887 1026 970 comitis
1053 886 1318 968 Tricaricensis
1348 886 1457 996 regni
1484 887 1640 970 comites

229 1044 338 1116 vocat
354 1031 404 1113 ad
423 1027 616 1110 servitium
636 1023 808 1106 suumin
827 1022 968 1104 Sicilia.
992 1020 1066 1118 Qui
1084 1020 1125 1100 in
1144 1021 1324 1103 comitatu
1344 1031 1381 1102 et
1398 1045 1517 1103 manu
1536 1019 1639 1104 brevi

229 1179 360 1253 euntes
380 1165 427 1247 ad
446 1163 593 1271 ipsum,
615 1159 699 1267 capi
717 1184 781 1241 eos
799 1165 837 1240 et
858 1156 976 1239 teneri
1003 1155 1193 1263 praecepit
1214 1163 1251 1236 et
1275 1180 1408 1237 eorum
1431 1162 1550 1236 terras
1573 1181 1641 1265 per

230 1301 433 1384 ilenricum
458 1297 506 1379 de
532 1295 658 1379 Merra
679 1291 935 1402 justiciarium
962 1289 1092 1396 recipit
1120 1289 1168 1369 ad
1196 1315 1292 1396 opus
1316 1313 1443 1369 snum.
1466 1287 1564 1370 Rrec.
1597 1317 1641 1370 nc

233 1437 272 1518 S.
294 1437 432 1539 Gran,
454 1429 625 1515 Chaonio.
643 1431 693 1508 od
712 1453 799 1506 ouo.

1316 1707 1428 1718 ...ι-

288 1945 513 2048 Fridericus,
536 1945 797 2028 Romanorum
812 1943 1034 2052 imperator,
1058 1941 1233 2023 Conrado
1249 1940 1550 2024 Hildeshemensi
1569 1940 1648 2048 epi·
1676 1961 1855 2016 [unriurein

238 2104 351 2188 scopo
381 2079 511 2162 scribit
538 2104 651 2188 super
672 2077 923 2160 debellatione
947 2076 1223 2159 Saracenorum
1246 2074 1395 2157 Siciliae
1420 2083 1457 2158 et
1474 2074 1647 2183 captione

237 2212 338 2322 regis
355 2212 510 2316 Daciae,
526 2237 587 2295 res
605 2211 753 2320 imperii
771 2208 958 2292 affectioni
971 2207 1053 2319 ejus
1067 2208 1352 2292 commendans.

320 2403 418 2476 (lidid.
434 2402 609 2474 Semnum,
631 2397 758 2460 medem.
777 2399 890 2471 litem,
905 2405 926 2458 t.
943 2399 969 2472 l,
985 2414 1015 2476 p.
1029 2397 1108 2471 194.)
1137 2389 1139 2394 ’

289 2563 484 2636 Fridericns
502 2561 563 2636 Dei
581 2563 691 2658 gratia
706 2564 937 2635 Romanorum
959 2561 1155 2657 imperator,
1173 2567 1259 2651 etc,
1281 2559 1405 2632 dilecto
1423 2557 1569 2655 principi
1586 2581 1650 2630 suo

243 2686 529 2762 Hildesbeimensi
542 2687 580 2760 C.
602 2688 764 2784 episcopo
779 2687 926 2782 gratiam
948 2708 1046 2759 suam
1064 2694 1097 2759 et
1112 2706 1214 2758 omne
1229 2684 1372 2756 bonnm.
1390 2683 1520 2756 Felices
1535 2695 1651 2756 nostre

243 2812 435 2886 serenitatis
456 2822 601 2887 eventus
623 2833 712 2908 quos
728 2813 887 2885 affectare
911 2819 945 2884 te
969 2808 1098 2882 scimus
1116 2817 1229 2881 tecum
1251 2807 1457 2904 participare
1481 2807 1649 2900 reiculae,

244 2935 414 3008 affectioni
432 2945 490 3008 tue
507 2936 708 3031 sepesepius
727 2934 889 3007 ducimus
904 2935 1133 3009 intimandum
1152 2932 1267 3028 qnod,
1289 2955 1350 3028 per
1364 2933 1456 3005 illius
1473 2933 1653 3027 gratiama

244 3080 315 3152 quo
334 3060 492 3154 provenit
510 3080 614 3133 omne
634 3061 782 3151 bonum,
803 3058 850 3131 ad
872 3068 953 3131 vota
978 3058 1078 3130 nobis
1099 3057 1134 3129 in
1155 3079 1262 3152 regno
1285 3067 1401 3130 nostro
1420 3066 1545 3129 concta
1568 3079 1656 3129 suc-

245 3180 386 3273 cedunt,
406 3184 601 3258 Sarracenis
619 3185 681 3279 qui
699 3183 879 3257 cacumina
902 3183 1070 3256 montium
1092 3193 1127 3255 et
1149 3183 1224 3255 loca
1244 3182 1531 3278 inexpugnabilia
1550 3204 1657 3277 cepe-

246 3315 324 3379 rant
345 3307 390 3380 ad
407 3307 569 3381 interiora
586 3318 621 3380 et
640 3309 741 3404 plana
762 3309 838 3381 loca
855 3309 929 3401 Jam
946 3309 1108 3380 omnibns
1127 3309 1295 3380 revocatis
1311 3304 1377 3402 (2).
1394 3309 1445 3380 De
1463 3317 1522 3380 tua
1540 3307 1657 3402 itaque

285 3559 321 3632 (t)
339 3559 408 3618 Vide
430 3561 638 3635 descriptionem
657 3563 738 3636 hujus
756 3561 832 3619 urbis
852 3579 933 3636 quam
953 3561 988 3619 ad
1004 3578 1067 3618 ann.
1091 3565 1159 3619 ⁴233
1180 3561 1326 3631 edidimus,
1347 3562 1374 3618 in
1395 3562 1463 3620 libro
1481 3563 1524 3619 cui
1548 3561 1660 3621 titulus:

251 3657 407 3714 ltocbuebes
425 3673 474 3716 rur
491 3659 527 3716 to
542 3667 709 3718 mmmnentr
726 3668 753 3717 st
772 3659 903 3718 l'birtor're
918 3659 949 3716 dc
971 3659 998 3716 to
1016 3661 1096 3716 mae.
1111 3657 1144 3714 de
1160 3657 1267 3716 Sorrobe
1282 3658 1350 3716 dour
1368 3659 1660 3732 curcumdederunt,

250 3773 278 3829 p.
292 3759 384 3814 're-75.

288 3849 324 3925 (ἲ)
342 3851 466 3908 Nondum
479 3859 569 3910 tamen
581 3855 721 3913 Sarraceni
734 3869 828 3912 omnes
840 3855 874 3911 ad
888 3853 1050 3912 deditionem
1062 3856 1243 3926 devenerunt,
1257 3861 1378 3928 utsupra
1391 3860 1503 3912 testatur
1516 3857 1661 3914 Riccardus

250 3949 285 4006 de
296 3949 324 4006 S.
339 3949 473 4009 Gennano
484 3953 531 4026 qui
542 3953 623 4010 etiam
637 3952 671 4010 ad
685 3952 765 4009 finem
777 3953 856 4026 buius
874 3953 936 4010 anni
954 3955 1023 4011 titt
1040 3953 1106 4009 baec
1120 3951 1193 4010 addit
1207 3970 1213 4006 :
1230 3953 1322 4009 altem
1336 3968 1385 4025 pro
1397 3953 1538 4027 stipendiis
1548 3953 1660 4012 militurn

252 4055 308 4106 »et
318 4051 491 4108 servientium
510 4067 579 4125 quos
595 4051 630 4108 ad
647 4051 818 4109 debellandos
838 4051 950 4109 rebelles
968 4051 1116 4108 Saracenos
1135 4049 1239 4107 Siciliae
1259 4054 1400 4121 statuerat,
1417 4057 1518 4108 certam
1532 4053 1661 4126 pecuniae

253 4164 266 4198 ι
282 4161 414 4204 summam
428 4164 478 4222 per
491 4155 576 4206 totum
590 4165 703 4222 regnum
719 4149 828 4207 mandat
846 4149 933 4223 colligi
951 4149 1105 4224 imperator,
1124 4155 1151 4205 et
1171 4154 1236 4204 tunc
1254 4164 1302 4221 per
1320 4149 1463 4222 quemdam
1479 4151 1595 4223 judicem
1611 4152 1660 4208 Ur·

252 4243 381 4300 »benum
401 4244 436 4302 de
458 4246 565 4304 Theano
583 4247 709 4306 coiectae
728 4247 836 4304 tuenmt
855 4247 889 4304 de
908 4255 978 4305 terra
996 4251 1024 4306 S.
1046 4245 1182 4304 Benedicti
1200 4247 1295 4304 unciae
1314 4247 1372 4304 ouri
1392 4245 1464 4305 OCG.
1481 4267 1494 4300 ν
1513 4248 1661 4308 Audiamus

250 4355 359 4414 quoque
372 4343 549 4416 appendicem
565 4345 599 4401 ad
612 4345 705 4403 Gaulr.
719 4345 885 4402 llalaterram
896 4363 924 4400 :r
938 4345 1017 4401 Anno
1034 4344 1139 4400 Domini
1156 4345 1235 4414 ⁴223,
1248 4344 1406 4400 duodecima
1425 4344 1569 4402 indictione
1585 4346 1661 4420 (sci-

254 4438 346 4494 »licet
357 4455 410 4497 non
426 4448 489 4498 ante
504 4457 624 4500 mensem
637 4441 845 4517 septembrem),
862 4443 987 4500 dominus
1004 4441 1163 4500 Fredericus
1180 4443 1324 4516 imperator
1336 4441 1411 4498 misit
1424 4443 1571 4500 exercitum
1583 4459 1660 4502 snum

254 4535 310 4592 »in
332 4535 430 4595 Gerbis
444 4539 543 4613 (insula
562 4542 670 4614 Gelves)
683 4548 711 4599 et
729 4542 803 4616 cepit
823 4541 895 4612 illos,
910 4540 1044 4598 destruxit
1062 4547 1090 4596 et
1111 4540 1291 4616 captivarit.»
1308 4541 1448 4598 Praeterea
1461 4541 1523 4599 ride
1534 4548 1613 4599 notas
1626 4543 1660 4600 ad

253 4633 394 4706 epistolam
408 4636 498 4694 detera
511 4637 667 4711 Cntbsniae,
683 4641 801 4698 dmartii
818 4641 897 4711 tant,
912 4657 940 4714 p.
958 4640 1019 4696 itt.

335 4735 376 4794 11.
1468 4750 1506 4802 so
1559 4795 1564 4806 .
