4436 5870
481 559 520 620 56
980 557 1194 620 lutosulct
1218 558 1392 622 sscottnt
1704 559 1783 641 [llas.
1803 559 1889 621 laec.

479 689 639 785 imposito
665 689 880 783 requiremus
900 691 946 764 ab
970 689 1112 781 eodem,
1132 713 1198 767 nec
1218 693 1334 768 minus
1362 693 1455 768 idem
1482 703 1767 790 presumptuosus
1794 693 1890 767 indi·

478 813 675 905 gnationem
710 813 921 908 imperialem
948 836 986 888 ee
1007 816 1140 890 noverit
1162 817 1304 912 gravius
1325 816 1523 890 incurrisse.
1550 815 1607 890 Ad
1639 815 1743 910 hujus
1775 827 1888 892 auum

477 945 593 1008 nostre
609 937 789 1030 legationis
804 937 1014 1013 evidentiam
1035 940 1213 1035 nostrique
1232 940 1386 1016 mandati
1404 940 1537 1014 firmam
1556 940 1810 1014 observantiam
1824 941 1889 1012 sub

478 1059 671 1132 testimonio
700 1060 971 1155 subscriptorum
995 1061 1062 1135 hoc
1085 1063 1249 1160 scriptum
1276 1063 1387 1138 eidem
1416 1065 1529 1158 legato
1555 1063 1718 1138 dedimus
1743 1063 1889 1136 aucuri-

478 1193 546 1256 tate
563 1185 627 1272 [et]
643 1183 829 1279 imperialis
845 1185 1032 1278 mejestatis
1043 1185 1139 1259 bulla
1155 1187 1365 1260 roboratum.
1384 1185 1441 1260 Ad
1459 1187 1622 1279 mojorem
1641 1185 1752 1281 gratie
1778 1195 1892 1258 nostre

477 1307 686 1380 evidentiam
714 1307 939 1380 mnoedentes
962 1308 1076 1381 eidem
1097 1311 1211 1404 legato
1235 1317 1350 1384 nostro
1375 1317 1574 1405 potestatem
1595 1318 1630 1382 et
1653 1308 1799 1380 liberam
1820 1307 1891 1402 ple-

478 1453 628 1526 namque
656 1432 851 1504 facultatem
878 1431 1029 1505 faciendi
1046 1433 1183 1525 judioes
1202 1433 1406 1525 ordinarios,
1424 1442 1459 1506 et
1480 1433 1596 1506 omnin
1622 1453 1664 1504 ca
1681 1428 1891 1504 instituenda

479 1565 513 1629 et
529 1554 724 1652 peragenda
741 1576 811 1648 que
825 1554 872 1627 ad
891 1553 1042 1627 officium
1064 1554 1244 1650 legationis
1259 1577 1481 1650 quocumque
1497 1555 1600 1630 modo
1619 1553 1751 1648 largius
1769 1550 1891 1626 videu-

481 1669 536 1760 tpr
549 1678 719 1775 pertinere
733 1699 839 1773 snper
851 1677 901 1750 eis
913 1678 1089 1768 omnibus,
1105 1679 1196 1752 sient
1212 1681 1374 1776 superius
1389 1680 1542 1775 apertius
1556 1678 1751 1753 denotatur.

527 1805 639 1896 Hujus
671 1803 720 1875 roi
746 1811 848 1876 testes
877 1811 959 1874 sunt
989 1803 1196 1876 Bertholdns
1218 1801 1471 1898 Aquilegionsis
1497 1803 1708 1900 patriarcha,
1734 1799 1893 1897 Syrnides

480 1927 706 2023 Magantinus
734 1925 1029 2020 archiepiscopus,
1058 1924 1216 2020 Spiridus
1237 1925 1479 2020 Augustanus,
1505 1926 1639 1998 Ulricns
1661 1923 1889 2010 Pataricneis,

482 2049 688 2124 Benholdus
723 2047 985 2139 Brixi[n]ensis,
1015 2049 1183 2122 llenricne
1214 2049 1459 2138 Bononiensis,
1489 2048 1657 2122 Henricus
1686 2046 1894 2120 Mantuanus

483 2173 656 2272 episcopi,
677 2173 838 2246 Albertus
854 2173 1074 2248 Tridentinus
1087 2174 1234 2266 electus,
1252 2174 1447 2248 lodovicus
1464 2195 1579 2246 comcs
1596 2171 1768 2269 palatinus
1785 2169 1894 2244 Rheni

484 2299 560 2375 dux
574 2298 739 2387 fflvane,
762 2297 979 2370 Guillielmus
996 2297 1149 2372 marchio
1166 2299 1427 2388 ldontisierrati,
1446 2297 1629 2372 Anselmue
1651 2296 1697 2369 de
1715 2293 1892 2388 lustingen

482 2425 691 2498 marscalcus
704 2423 838 2519 imperii
855 2420 917 2518 (o),
928 2423 1115 2499 varnerius
1130 2422 1263 2518 dapifer
1279 2423 1426 2518 imperii,
1443 2419 1665 2498 Eberhsrdus
1681 2419 1726 2494 de
1742 2421 1845 2492 Lutra
1859 2429 1895 2490 et

482 2547 540 2621 alii
554 2546 788 2642 quamplures.

531 2674 656 2745 Datum
688 2671 723 2742 in
756 2671 876 2744 castus
905 2691 1011 2764 prope
1048 2669 1199 2742 Sutrium
1232 2671 1267 2742 in
1296 2669 1538 2766 pedemontis
1567 2669 1670 2760 Ituci,
1702 2687 1794 2740 anno
1821 2667 1893 2738 llo·

485 2796 569 2868 mini
587 2797 636 2868 ll.
653 2794 715 2868 CC.
737 2795 822 2884 XX,
845 2793 967 2888 quinto
989 2793 1155 2866 kalendas
1177 2787 1388 2884 decembris,
1409 2794 1595 2868 indictione
1611 2793 1720 2879 llllll‚
1737 2790 1889 2864 feliciter.

325 3419 436 3464 nemu
523 3377 754 3482 inidoneus,
777 3375 1037 3458 Romanorum
1056 3375 1280 3485 imperator,
1295 3374 1468 3460 concedit
1488 3376 1693 3487 liudulpho
1718 3378 1768 3460 de
1794 3379 1898 3465 Noua

289 3473 467 3573 ffiffl
489 3511 644 3625 (Nozza)
659 3521 697 3594 et
712 3508 851 3594 Sunoni
866 3507 1030 3591 Coleono
1044 3506 1189 3590 civibus
1202 3507 1518 3618 Pergamensibns
1530 3535 1740 3620 eorumque
1754 3511 1896 3596 haere-

489 3646 602 3731 dibus
624 3643 879 3754 cognitionem
894 3649 932 3724 et
943 3639 1200 3723 definitionem
1217 3667 1419 3725 causarum
1438 3642 1735 3752 appellationum
1755 3654 1836 3728 tam
1856 3643 1896 3726 in

488 3781 636 3866 civitate
651 3802 769 3889 quam
785 3776 826 3856 in
839 3773 1030 3880 districtu,
1046 3774 1255 3856 secundum
1270 3773 1433 3858 formam
1446 3774 1731 3886 privilegiorum
1748 3776 1896 3860 Henrici

491 3913 584 3997 sexti
597 3923 635 3996 et
649 3908 826 4018 Philippi.

571 4151 686 4230 (lnedlt
704 4167 742 4211 ex
756 4155 940 4225 consumpto
961 4147 1208 4208 authenticoaun.
1229 4157 1319 4226 teto,
1334 4147 1437 4209 lndlct.
1457 4157 1505 4222 ta,
1523 4151 1715 4226 solennem,
1729 4167 1778 4230 sp.
1794 4157 1900 4232 regest.

608 4259 743 4336 prtrlleg.
758 4257 867 4316 saeculi
884 4254 954 4326 XV,
978 4256 1064 4315 nobis
1081 4255 1119 4315 ab
1138 4254 1244 4316 abbate
1257 4255 1400 4316 Grumelll
1413 4257 1602 4334 Pergamensl
1623 4260 1850 4319 communtcsto.
1862 4289 1902 4304 -

609 4365 805 4424 Memoratnm
827 4378 897 4420 vero
915 4376 933 4419 a
952 4358 1147 4434 sonem,
1163 4360 1281 4420 Menon.
1298 4363 1380 4422 istor.
1401 4356 1477 4420 otta
1490 4355 1561 4420 cittd
1574 4377 1589 4420 s
1601 4357 1695 4422 cuca
1706 4359 1739 4422 di
1753 4364 1900 4446 Boeqssto,

610 4473 632 4526 t.
644 4467 697 4540 IV,
711 4483 739 4542 p.
760 4465 819 4539 te.)

534 4660 571 4720 ¹o)
594 4649 646 4725 Ap
662 4647 825 4719 ldlttarcll„
841 4643 1013 4706 narsaeus,
1021 4644 1267 4721 sim.‚·ms1a.
