4296 5898
386 1161 507 1262 ffltt

1064 546 1275 632 salustus!
1300 553 1474 622 stetttttt
1785 555 1866 642 [Aa
1883 554 1963 620 1221.

613 1139 849 1250 fridericus,
878 1143 1139 1230 Romanorum
1166 1147 1390 1258 imperator,
1410 1175 1480 1262 pre
1500 1150 1678 1264 religiosa
1702 1153 1781 1238 rita
1809 1153 1963 1276 fratrum

558 1275 757 1387 hospitalis
775 1278 936 1364 Sanctae
953 1279 1092 1366 Mariae
1105 1281 1440 1392 Theutonicorum,
1460 1284 1515 1368 eis
1532 1285 1756 1397 generaliter
1772 1287 1965 1372 confirmat

557 1417 596 1494 et
608 1420 764 1494 renovat
777 1412 967 1524 quaedam
980 1413 1215 1526 privilegius
1231 1441 1272 1500 se
1284 1426 1323 1502 et
1335 1443 1359 1500 a
1371 1419 1722 1528 praedecessoribus
1736 1421 1816 1506 suis
1828 1421 1964 1506 eisdem

556 1543 725 1652 indulta3
742 1546 954 1656 specialiter
971 1557 1099 1632 autem
1117 1550 1290 1634 concedit
1307 1551 1348 1634 in
1366 1577 1486 1664 regno
1500 1578 1570 1640 suo
1583 1555 1859 1664 exemptionem
1872 1554 1964 1665 juris

556 1677 771 1764 doanarum
785 1689 822 1764 et
837 1680 1051 1766 libertatem
1068 1683 1118 1768 de
1135 1683 1312 1794 passagio
1330 1683 1459 1772 Phari.

637 1921 740 1998 (Edtd.
757 1923 961 1998 Mosarnorr,
974 1923 1071 1986 Maru.
1092 1927 1121 1986 ἃ
1141 1925 1248 1988 Trtru't
1270 1945 1396 1988 monum.
1410 1925 1490 1999 diet,
1504 1945 1567 2008 cap
1584 1929 1637 2005 IV,
1652 1947 1681 2010 p
1702 1937 1812 2004 2546,
1827 1945 1866 1992 ex
1878 1932 1962 1991 auto-

675 2029 799 2110 grapho,
815 2048 862 2110 ap.
885 2030 1062 2109 (immun,
1085 2031 1166 2096 Thra.
1187 2035 1325 2118 antiquit
1342 2035 1433 2110 sco..
1451 2033 1577 2115 tXlV.)

602 2245 641 2318 ln
659 2246 797 2320 nomine
810 2247 873 2320 Dei
889 2247 997 2320 eterni
1012 2257 1047 2320 et
1064 2248 1243 2322 salvatoris
1261 2251 1369 2324 nostri
1383 2249 1466 2325 Jesu
1481 2249 1619 2324 Christi.
1633 2250 1757 2324 Amen.
1777 2249 1964 2324 Fridericns

553 2369 675 2444 divina
691 2369 829 2444 favente
847 2371 1027 2445 clementia
1044 2371 1276 2445 Romanorum
1297 2373 1496 2470 imperator,
1517 2396 1653 2471 semper
1671 2383 1841 2469 augustus
1856 2383 1889 2448 et
1903 2394 1963 2446 rex

552 2495 679 2569 Sicilie.
698 2497 873 2574 lateralia
893 2497 1029 2593 pietatis
1047 2519 1153 2593 opera
1171 2497 1301 2595 quibus
1320 2499 1506 2596 imperialis
1531 2498 1682 2596 dignitas
1701 2500 1842 2574 uberius
1858 2518 1962 2571 exor-

552 2631 655 2696 natur
676 2621 862 2696 liberalitas
883 2623 1017 2697 obtinet
1033 2623 1287 2720 principatum,
1304 2623 1363 2699 illa
1387 2623 1551 2721 precipue
1573 2646 1644 2721 que
1665 2622 1711 2698 ad
1734 2624 1912 2697 utilitatem
1930 2633 1963 2697 et

553 2727 774 2820 commodule
791 2748 945 2820 locorum
966 2748 1217 2822 venerabilium
1235 2757 1439 2840 exercetur3
1458 2770 1539 2821 nam
1561 2748 1591 2821 si
1613 2771 1635 2822 a
1658 2758 1793 2822 terreno
1811 2747 1961 2844 principe

553 2871 723 2967 particula
738 2871 852 2962 datur,
874 2871 967 2945 illius
982 2871 1177 2946 interventu
1194 2873 1256 2968 qui
1273 2874 1454 2948 affluenter
1468 2871 1588 2946 tribuit
1602 2871 1776 2965 universa,
1797 2871 1892 2970 quod
1908 2871 1964 2946 dat

554 2994 602 3068 ad
623 3016 705 3067 eum
720 3016 801 3068 cum
816 2996 934 3069 fenore
949 2996 1058 3070 mutto
1073 2999 1268 3090 revertitur,
1287 2999 1440 3071 maxime
1459 3019 1540 3072 cum
1556 3019 1620 3094 per
1637 2999 1703 3071 hoc
1720 2997 1862 3071 videtur
1872 2993 1964 3091 quod

554 3140 616 3214 pro
636 3119 780 3193 terrenis
800 3129 917 3194 eterna
930 3120 1079 3217 provida
1095 3121 1318 3196 meditatione
1338 3144 1543 3196 mercamur.
1560 3121 1611 3195 Ea
1628 3129 1766 3219 propter
1779 3129 1899 3195 notum
1915 3120 1963 3192 ia·

555 3244 666 3316 cimus
682 3243 855 3317 universis
872 3257 942 3318 tam
958 3244 1174 3340 presentibus
1192 3269 1297 3341 quam
1316 3246 1443 3319 tuturis
1456 3243 1552 3342 quod
1568 3268 1631 3319 nos
1644 3243 1869 3318 meditatione
1884 3242 1964 3340 piis·

554 3369 643 3441 sima
655 3369 871 3442 attendentes
885 3369 1031 3465 qualiter
1045 3391 1143 3444 sacra
1154 3372 1279 3445 domus
1293 3369 1473 3468 hospitalis
1487 3372 1611 3444 Sancte
1625 3369 1733 3442 blarie
1744 3360 1964 3443 Theutonico

553 3515 630 3565 rum
650 3491 686 3565 in
706 3493 930 3567 Jerusalema
947 3495 1030 3569 divo
1046 3494 1225 3591 quondam
1240 3504 1390 3591 augusto
1413 3493 1554 3571 domino
1575 3494 1780 3592 imperatore
1796 3493 1963 3569 Friderico

553 3638 621 3692 avo
640 3626 755 3691 nostro
776 3619 911 3716 pietatis
932 3619 1060 3692 intuitu
1076 3629 1266 3716 propagata
1285 3619 1322 3692 in
1345 3619 1552 3717 multiplices
1570 3617 1702 3692 tructus
1719 3617 1849 3715 prodiit
1865 3613 1963 3691 laude

553 3741 680 3838 dignos
695 3727 791 3840 (olet
812 3756 833 3816 a'
855 3744 996 3819 domino
1015 3745 1194 3841 quondam
1207 3745 1412 3843 imperatore
1424 3743 1572 3818 ilenrico
1584 3745 1711 3840 inclyte
1722 3732 1965 3816 recordationis

552 3873 650 3964 patre
664 3873 781 3941 nostro
794 3869 900 3942 rebus
916 3891 958 3943 ac
972 3869 1188 3944 libertatibus
1202 3871 1394 3966 premunita
1413 3880 1448 3944 et
1462 3870 1712 3944 incrementum
1726 3867 1880 3964 suscepit
1892 3865 1964 3964 spi-

552 3990 721 4064 ritualiter
741 4013 783 4064 ac
799 3993 1028 4090 temporaliter
1043 3993 1191 4067 Domino
1209 3993 1408 4068 famulando
1423 4003 1458 4067 et
1472 4015 1554 4090 erga
1570 4002 1721 4067 nostram
1739 3989 1964 4088 magnificen-

553 4115 637 4190 tiam
661 4115 805 4190 fratrum
832 4114 1072 4192 dedicatorum
1098 4118 1228 4193 ibidem
1254 4118 1302 4193 ad
1320 4101 1441 4192 diuina
1463 4118 1604 4192 servitia
1631 4139 1711 4190 cum
1736 4099 1809 4190 lide
1830 4113 1964 4190 devotio

554 4261 691 4337 semper
701 4242 823 4336 crevit,
835 4260 900 4316 nec
914 4264 985 4315 non
999 4241 1170 4317 celebrem
1180 4243 1290 4318 vitam
1302 4255 1337 4319 et
1347 4242 1490 4319 honeste
1504 4241 1680 4338 religionis
1695 4243 1828 4316 cultum
1840 4238 1963 4337 quibus

556 4363 703 4439 dilectus
725 4365 827 4440 nobis
854 4367 891 4440 in
914 4367 1061 4442 Domino
1087 4368 1190 4442 frater
1214 4369 1431 4443 Hermannus
1456 4367 1620 4461 magister
1642 4365 1767 4442 domus
1791 4361 1963 4462 hospitalis

599 4565 642 4647 (ὕ)
663 4567 744 4630 llaec
759 4587 768 4630 ε
782 4587 803 4631 a
815 4567 880 4633 diac
893 4568 1180 4654 puoudomi-lcudc
1191 4569 1293 4656 άίφηω
1304 4573 1412 4638 dmnnt
1423 4575 1457 4636 ln
1468 4571 1634 4654 prlvllsglo‚
1648 4569 1852 4644 datTat'sntl,
1866 4577 1963 4629 memo

554 4673 666 4751 aprtlls
682 4673 725 4736 Gt
740 4691 831 4755 supra
842 4694 871 4756 p.
888 4687 943 4740 too
957 4683 988 4740 st
1003 4687 1072 4754 toa,
1086 4685 1147 4742 not.
1162 4689 1187 4741 1.
