4298 5898
567 579 629 641 tta
1070 581 1284 644 tnlossatct
1309 581 1482 648 sttctlllol
1790 585 1874 668 [An.
1894 588 1984 651 lffl

569 722 646 790 cata
664 714 765 812 grypi
783 737 855 788 una
869 736 950 788 com
964 713 1110 790 vivariis
1127 725 1163 792 el
1181 739 1322 792 nemore
1335 729 1370 792 et
1385 721 1464 794 aliis
1478 721 1641 795 omnibus
1644 775 1981 798 .........

571 892 1113 916 ..............
1141 842 1979 943 interranostrallegil...........

567 965 683 1040 Sancti
705 967 814 1040 Niceti
839 975 875 1042 et
897 965 1018 1040 Tuohii
1040 977 1075 1040 et
1096 967 1297 1066 simpliciter
1314 969 1350 1042 lu
1375 972 1471 1044 omui
1494 981 1612 1047 nostro
1637 973 1825 1048 tenimento
1847 975 1983 1048 babens

567 1091 811 1164 monasterium
835 1091 1023 1188 intruytum
1046 1101 1081 1166 et
1105 1101 1251 1188 exytum
1274 1103 1506 1190 proventuum
1535 1097 1626 1190 ejus,
1650 1105 1686 1171 et
1710 1117 1780 1192 que
1803 1097 1849 1170 ad
1877 1119 1979 1170 usum

566 1215 675 1312 ipsius
713 1216 912 1290 monasterii
948 1216 1064 1290 delata
1096 1216 1224 1290 luerint
1228 1269 1726 1296 .............
1764 1220 1920 1293 laborum
1957 1245 1981 1296 a

564 1341 703 1414 nemine
732 1342 904 1438 imperare
907 1394 1405 1418 .............
1438 1355 1556 1420 eontra
1584 1346 1700 1442 ipsum
1732 1347 1978 1419 monesterium

564 1467 621 1541 vel
635 1487 690 1540 res
708 1489 789 1540 suas
793 1521 1414 1542 ................
1445 1497 1455 1541 2
1487 1522 1740 1543 .......
1757 1491 1977 1566 quecumque

565 1590 722 1688 dapoum
758 1591 886 1666 audeat
912 1593 1038 1666 iulerre
1066 1601 1143 1690 post
1175 1591 1425 1668 infiscationem
1450 1595 1621 1668 bonorum
1651 1615 1793 1668 suorum
1828 1595 1903 1690 ipse
1931 1595 1977 1668 de

565 1729 682 1792 nostro
714 1739 821 1811 regno
849 1717 977 1810 sugerit
1006 1715 1060 1813 (l)
1090 1717 1165 1814 ipso
1200 1719 1408 1792 monasterio
1436 1741 1574 1816 semper
1604 1719 1809 1794 inconcusso
1837 1741 1977 1814 perma-

564 1850 669 1914 neutc
673 1891 1677 1918 .........................
1709 1845 1974 1917 contravenien-

564 1966 665 2040 tium.
683 1965 827 2039 Preseus
850 1965 1003 2059 sigillum
1025 1975 1141 2040 nostra
1163 1978 1326 2042 consueta
1347 1968 1514 2065 plumbea
1536 1968 1631 2041 bulla
1658 1969 1831 2040 munitum
1853 1969 1971 2041 datum

565 2092 628 2165 tibi
646 2091 802 2188 predicto
817 2091 1006 2164 venerabili
1021 2092 1287 2166 archimandrite
1303 2092 1349 2166 de
1362 2095 1500 2167 Tenere
1513 2092 1631 2189 dopno
1643 2093 1843 2186 Nicodemo,
1856 2115 1972 2166 mense

563 2225 599 2290 et
624 2215 812 2290 indictione
837 2216 1052 2312 prescriptis,
1078 2237 1170 2290 auno
1196 2225 1297 2290 sexto
1323 2217 1506 2291 millesimo
1532 2217 1784 2291 sexcentesimo
1808 2217 1971 2290 vicesimo

564 2361 655 2414 nono
677 2337 727 2436 (l)
732 2392 1228 2414 .............
1260 2341 1416 2416 calabrie
1446 2351 1481 2416 ct
1508 2341 1623 2416 Sicilie
1652 2351 1687 2416 et
1713 2342 1971 2416 christianorum

561 2465 760 2540 auxiliator.

610 2593 694 2664 Item
710 2590 817 2664 series
833 2590 1008 2688 privilegii
1025 2589 1157 2664 domini
1176 2592 1282 2664 nostri
1301 2591 1480 2688 quondam
1499 2591 1715 2687 imperatoris
1733 2591 1771 2662 in
1790 2590 1895 2664 latina
1910 2589 1971 2660 lit-

562 2725 633 2790 lem
651 2717 729 2790 talis
746 2726 797 2790 ael
815 2743 824 2786 ε

610 2841 804 2916 Fridericus
819 2839 942 2914 divim
955 2841 1094 2915 lavante
1106 2841 1287 2915 elementia
1302 2863 1368 2915 rex
1380 2840 1511 2931 Sicilie,
1525 2840 1676 2915 ducatus
1689 2837 1817 2936 Apulis
1829 2847 1863 2911 et
1878 2839 1970 2934 prin·

561 2968 696 3063 cipatus
712 2967 841 3062 Capua,
857 2965 943 3039 Cum
965 2965 1108 3059 dejure
1130 2966 1177 3040 ad
1200 2987 1321 3040 omnes
1339 2967 1500 3061 legimini
1522 2987 1586 3040 suo
1600 2966 1775 3059 subjectos
1793 2964 1910 3059 regius
1933 2983 1970 3034 se

562 3091 687 3166 debeat
718 3093 816 3166 lavor
843 3091 1066 3185 benignitatis
1095 3091 1302 3185 extendere,
1334 3091 1544 3166 laudabilius
1573 3090 1729 3163 ecclesiis
1759 3089 1822 3162 Dei
1849 3087 1970 3181 regalis

562 3216 716 3290 noscitur
733 3239 818 3290 cura
833 3217 1041 3314 provisionis
1059 3217 1227 3312 impendi,
1244 3238 1315 3312 que
1333 3225 1429 3290 tanto
1446 3217 1562 3289 minos
1579 3214 1708 3288 debent
1725 3215 1819 3287 curis
1837 3213 1970 3286 soeula·

561 3341 660 3414 ribus
679 3341 840 3438 occupari
858 3349 990 3438 quanto
1009 3341 1122 3436 magis
1139 3341 1283 3438 expedit
1301 3351 1341 3414 ut
1358 3342 1502 3417 divinus
1516 3342 1631 3414 cultus
1634 3389 1965 3413 .........

565 3523 572 3538 .
606 3523 614 3540 .
646 3522 654 3540 .
684 3490 748 3565 pro
773 3467 883 3541 salute
909 3465 1167 3541 christianitatis
1190 3467 1408 3540 celebrantur
1434 3465 1571 3557 officia,
1599 3465 1733 3538 infestis
1763 3485 1835 3537 non
1856 3462 1970 3535 decem

562 3589 700 3664 casibus
723 3591 931 3688 perturbari.
949 3589 1043 3664 Licet
1061 3590 1182 3686 utique
1206 3599 1343 3684 gratum
1362 3591 1436 3664 Deo
1453 3609 1556 3663 omne
1576 3589 1714 3684 pietatis
1735 3587 1888 3662 officium
1907 3607 1970 3657 ex-

560 3714 741 3808 timemus,
761 3715 894 3790 Cbristo
913 3725 1027 3790 umen
1048 3715 1085 3788 in
1107 3715 1288 3810 largiendo
1313 3715 1398 3790 locis
1419 3713 1678 3788 venerabilibus
1681 3763 1965 3786 ........

561 3841 776 3930 teneremus,
796 3863 929 3937 nosque
952 3849 1069 3934 gratos
1094 3840 1214 3913 divine
1235 3840 1343 3935 gratie
1359 3837 1535 3914 beneficiis
1555 3838 1644 3911 effici
1665 3837 1861 3926 credimus,
1881 3857 1966 3930 quo-

560 3966 656 4039 ciens
676 3967 830 4040 ecclesiis
852 3965 1089 4038 munificentie
1114 3972 1230 4039 nostre
1253 3987 1378 4038 manus
1400 3964 1622 4038 extendimus
1642 3973 1677 4035 et
1696 3983 1816 4038 carum
1835 3970 1968 4035 susten-

559 4093 748 4167 tationibus
764 4092 824 4189 pie
846 4090 1130 4166 considerationis
1151 4091 1252 4164 oculo
1273 4089 1509 4186 providemus.
1535 4087 1622 4162 Inde
1641 4095 1693 4161 est
1714 4087 1811 4184 quod
1830 4109 1894 4160 nos
1914 4095 1968 4159 at-

597 4445 633 4521 (l)
653 4447 684 4503 ln
704 4461 865 4522 pergamena
883 4446 911 4502 in
926 4445 979 4504 hac
997 4451 1075 4520 parte
1095 4443 1190 4503 abrasa
1208 4442 1351 4519 posteriori
1367 4458 1476 4517 quoque
1493 4457 1574 4500 manu
1593 4437 1802 4514 mpcncrbitur
1818 4451 1890 4493 anno
1910 4449 1968 4490 orm

559 4545 702 4602 millesimo
716 4547 855 4604 ommino
867 4547 997 4604 nicatore
1009 4563 1090 4602 nono.
1103 4545 1181 4615 Quod
1200 4543 1310 4618 quidem
1324 4545 1402 4615 iuxta
1418 4543 1530 4599 alteram
1547 4539 1700 4614 bonamque
1714 4539 1729 4594 J
1733 4581 1741 4595 .
1752 4534 1903 4596 ldinerrinii
1920 4533 1967 4589 lec·

561 4645 661 4703 tionem
674 4643 712 4702 ita
725 4645 898 4720 corrigimus,
911 4663 995 4721 quum
1008 4661 1095 4703 annus
1111 4643 1205 4701 mundi
1218 4659 1251 4702 ex
1266 4658 1363 4717 graeco
1374 4648 1503 4716 computu
1517 4643 1586 4700 6629
1601 4639 1645 4714 (ex
1657 4642 1750 4696 nostro
1762 4639 1842 4710 llil)
1853 4633 1966 4709 apprime

559 4749 673 4819 qums
686 4742 808 4802 decimae
818 4743 957 4803 indictioni
973 4743 1145 4819 respondeat.
