4298 5898
542 514 605 576 492
1054 509 1266 570 Fulohulct
1292 509 1464 570 socottot
1777 506 1870 584 [Anu.
1888 506 1973 566 1225.

550 651 651 745 sequi
675 649 855 746 cupientes
875 669 999 742 regum
1017 606 1183 741 iestigia,
1199 646 1245 718 ob
1263 645 1326 717 Dei
1347 666 1499 718 amorem
1518 663 1732 736 suorumque
1753 652 1971 732 sanctorum,

552 773 676 848 eadem
699 773 842 846 nitimur
862 793 965 867 agere
987 770 1258 865 augmentando.
1283 771 1395 862 Hujus
1416 769 1465 842 rei
1485 769 1596 862 gratia
1620 766 1708 840 adiit
1729 777 1894 840 nostram
1916 788 1973 838 se-

551 899 730 973 renitatem
750 897 898 971 dilectus
916 896 1195 990 consanguineus
1212 915 1327 968 comes
1344 892 1541 966 Eberardus
1561 893 1630 986 [et]
1648 893 1798 988 expetiit
1820 901 1863 964 ut
1879 891 1973 964 Gon-

551 1023 672 1120 dolphi
686 1024 804 1096 vittam
822 1021 875 1120 (l)
892 1043 961 1116 quc
982 1031 1034 1096 est
1052 1021 1117 1094 sita
1141 1041 1245 1116 super
1268 1019 1380 1115 ripam
1400 1018 1554 1091 fluminis
1577 1017 1719 1090 Mosella
1743 1018 1782 1088 in
1805 1019 1973 1090 comitatu

551 1149 703 1221 Tulleusi
725 1147 843 1242 largiri
868 1146 1094 1241 dignaremur
1110 1145 1157 1220 ad
1174 1145 1238 1218 Dei
1264 1143 1509 1240 omnipotentis
1524 1142 1668 1216 domum
1686 1164 1757 1238 que
1773 1144 1874 1216 infra
1897 1143 1972 1214 Tul·

550 1273 657 1348 lensis
671 1273 822 1346 civitatis
843 1295 962 1346 muros
979 1273 1015 1344 in
1033 1272 1164 1344 honore
1179 1271 1260 1363 Dei,
1283 1269 1459 1364 genitricis
1477 1269 1585 1341 Mario
1605 1278 1641 1342 et
1663 1269 1780 1341 Sancti
1805 1267 1973 1364 Stephani

551 1399 799 1496 protomartiris
826 1407 1020 1471 constructa
1041 1395 1200 1489 videtur,
1224 1394 1319 1490 quod
1342 1404 1377 1468 et
1407 1393 1566 1468 fecimus.
1592 1393 1829 1468 Concedimus
1860 1394 1973 1486 itaque

552 1526 719 1620 prefatam
737 1525 857 1596 villam
875 1521 1086 1618 Goudolphi,
1107 1521 1204 1616 quod
1221 1543 1301 1593 cum
1317 1521 1511 1614 integritate
1529 1541 1623 1593 nunc
1638 1519 1805 1614 temporis
1825 1518 1972 1615 pertinet

552 1647 598 1721 ad
622 1670 698 1736 nos,
720 1645 766 1720 ad
780 1649 949 1744 prefatam
966 1645 1085 1720 sedem
1107 1645 1302 1718 Tullensem
1329 1667 1409 1718 cum
1435 1645 1617 1740 mancipiis
1641 1645 1828 1738 utriusque
1852 1664 1969 1732 sexus,

554 1795 636 1847 cum
659 1772 805 1862 telonio,
834 1771 962 1866 sylvis,
991 1770 1255 1865 piscationibus,
1277 1770 1379 1865 aquis
1402 1791 1642 1864 aquarumque
1665 1769 1900 1858 decursibus,
1921 1769 1972 1839 vi-

555 1898 647 1989 ncis,
675 1897 801 1993 pratis,
828 1896 927 1968 terris
950 1895 1052 1967 cultis
1072 1903 1108 1968 et
1128 1894 1284 1982 incultis,
1305 1895 1476 1985 exitibus,
1497 1894 1731 1989 regressibus,
1753 1893 1972 1968 terminatio·

553 2023 659 2095 nibus
672 2021 905 2115 omnibusque
923 2020 1042 2113 rebus,
1062 2019 1110 2092 ob
1126 2039 1279 2092 amorem
1294 2019 1366 2091 vite
1387 2027 1505 2092 eterne
1521 2031 1556 2091 et
1574 2020 1619 2092 ob
1642 2020 1843 2093 felicitatem
1868 2017 1971 2091 nostri

554 2146 671 2221 dilecti
697 2157 732 2220 et
757 2146 966 2221 venerabilis
988 2147 1137 2242 presulis
1163 2146 1270 2238 hujus
1291 2144 1386 2220 sedis
1401 2143 1596 2237 Gauzeliui,
1622 2155 1752 2220 uttam
1769 2147 1849 2242 ipse
1868 2165 1968 2240 quam

553 2273 608 2347 sui
626 2272 792 2368 deinceps
819 2293 1036 2346 successores
1060 2291 1122 2367 per
1143 2268 1250 2364 hujus
1270 2271 1421 2366 precepti
1444 2271 1680 2343 auctoritatem
1706 2294 1815 2367 supra
1836 2293 1969 2344 memo·

553 2406 644 2471 ratas
675 2419 731 2470 res
761 2395 903 2472 firmiter
932 2396 1145 2494 possideant.
1174 2397 1318 2486 Datum,
1343 2405 1410 2468 etc.
1440 2394 1506 2493 (2).
1524 2437 1570 2450 —
1599 2395 1839 2470 Pmdictorum
1867 2396 1968 2489 igitm

552 2524 753 2598 nuntiorum
777 2523 939 2619 precibus
960 2523 1147 2596 clementer
1168 2529 1381 2614 annuentes,
1402 2521 1583 2616 privilegia
1602 2542 1664 2616 per
1680 2524 1852 2596 antefatos
1874 2541 1966 2614 reges

553 2649 698 2722 ecclesie
719 2647 871 2720 Tullensi
894 2667 1055 2720 concessa
1077 2655 1113 2719 et
1130 2644 1254 2720 collata
1271 2645 1503 2742 approbamus
1522 2655 1558 2718 et
1583 2646 1756 2742 privilegii
1780 2649 1966 2722 munimine

554 2781 723 2870 perpetuo
746 2773 896 2846 valitura
919 2772 1182 2860 confirmamus;
1208 2778 1396 2846 statuentes
1418 2779 1453 2842 et
1470 2770 1539 2843 sub
1562 2771 1840 2845 interminatione
1863 2771 1965 2867 gratie

556 2909 672 2972 nostre
689 2898 843 2973 districte
865 2897 1092 2994 precipientes
1111 2907 1151 2970 ut
1170 2896 1289 2970 nullus
1308 2919 1464 2991 unquam
1487 2895 1667 2969 hominum
1688 2899 1871 2970 ecclesiam
1887 2897 1964 2970 'lul-

556 3023 687 3095 lensem
711 3045 817 3119 super
834 3023 978 3115 justitiis
1002 3033 1038 3096 et
1063 3022 1255 3097 rationibus
1278 3043 1342 3095 scu
1368 3023 1473 3095 etiam
1498 3023 1796 3118 possessionibus,
1823 3025 1913 3097 sicut
1932 3023 1962 3092 iu

556 3147 680 3221 iisdem
706 3147 900 3243 privilegiis
927 3149 1136 3238 continetur,
1161 3147 1342 3221 molestare
1365 3147 1493 3222 audeat
1513 3156 1575 3221 aut
1597 3170 1756 3241 gravme.
1783 3150 1886 3235 Quod
1909 3144 1962 3242 qui

556 3273 675 3347 fecerit
697 3281 850 3346 nostram
870 3281 905 3344 et
924 3273 1060 3368 imperii
1084 3273 1250 3346 offensam
1269 3272 1422 3346 incurret
1444 3272 1538 3344 etin
1563 3272 1755 3346 vindictam
1776 3275 1833 3346 sui
1857 3283 1962 3347 reatus

556 3407 696 3474 centum
715 3397 823 3471 libras
843 3397 919 3470 auri
936 3406 1134 3492 componat,
1158 3396 1343 3471 dimidium
1365 3417 1500 3470 camere
1522 3405 1656 3488 nostre,
1676 3399 1852 3493 reliquum
1878 3399 1962 3489 iuju-

556 3523 643 3596 riam
661 3523 786 3620 passis.
807 3520 863 3596 Ad
879 3522 985 3614 hujus
1004 3522 1053 3595 rei
1083 3544 1269 3619 perennem
1295 3522 1495 3596 memoriam
1519 3545 1659 3618 presens
1680 3525 1849 3618 scriptum
1867 3519 1962 3617 sigilli

555 3647 663 3721 nostri
686 3648 898 3744 appensione
922 3648 1067 3720 fecimus
1093 3647 1312 3720 communiri.
1339 3649 1455 3720 Testes
1473 3647 1498 3718 ii
1522 3657 1606 3719 sunt
1625 3649 1854 3739 Eugelhertus
1876 3648 1960 3722 Colo-

558 3769 689 3843 niensis
707 3771 1001 3866 archiepiscopus,
1017 3771 1252 3844 Theudericus
1264 3771 1478 3844 Trevireusis
1492 3771 1784 3867 archiepiscopus,
1801 3772 1961 3848 Gerardus

557 3896 759 3970 Bisuutinus
778 3897 1104 3994 [archiepiscopus],
1127 3895 1276 3970 Sifridus
1297 3896 1526 3992 Augustensis
1544 3897 1612 3994 (3),
1630 3897 1826 3972 Willelmus
1845 3901 1961 3973 Laum-

595 4154 631 4231 (t)
651 4156 737 4212 Hodie
751 4155 924 4214 Gondrcuillr
933 4155 1111 4214 rucdfoeclle.

595 4255 632 4330 (ἱ)
650 4255 682 4311 lu
694 4259 865 4328 hansumpto
878 4253 1000 4328 originali
1015 4260 1095 4312 notae
1105 4253 1307 4328 chronologicae
1320 4255 1435 4313 omissae
1448 4261 1525 4326 sunt,
1539 4271 1607 4330 quas
1621 4253 1745 4314 addimus
1755 4273 1789 4315 ex
1803 4258 1885 4316 altera
1897 4256 1960 4332 copia

559 4352 704 4425 separatim
716 4351 787 4424 apud
801 4352 924 4410 eumdem
938 4352 1123 4410 collectionem
1136 4352 1251 4426 inserta,
1265 4357 1296 4409 ut
1309 4353 1431 4426 sequitm
1445 4370 1452 4408 :
1467 4373 1480 4406 r
1496 4353 1594 4410 Datum
1613 4351 1782 4426 Strashurgi,
1795 4363 1871 4413 serto
1883 4355 1960 4412 halcu·

561 4466 576 4501 s
591 4448 639 4505 das
647 4449 772 4521 januarii,
788 4465 859 4506 anno
872 4449 1068 4520 DCCCCXXX,
1084 4467 1154 4508 anno
1167 4451 1196 4507 X
1209 4451 1284 4526 regni
1296 4449 1326 4510 S.
1336 4451 1570 4526 regis-signum
1584 4450 1959 4528 henrici-ligollalchingus

559 4564 574 4599 s
589 4546 624 4603 nd
635 4546 723 4602 vicem
736 4545 861 4622 ltuotgeri
875 4549 1071 4606 archicanonici
1084 4549 1260 4622 recognovi.»

596 4642 633 4718 (³)
650 4644 736 4701 Istum
749 4643 876 4704 sifridum
885 4664 919 4706 ex
931 4647 983 4706 alio
996 4647 1157 4708 oommmto
1170 4649 1292 4722 ejusdem
1302 4650 1431 4725 temporis
1440 4650 1512 4724 quod
1521 4649 1555 4707 ad
1566 4665 1646 4708 suum
1657 4647 1746 4708 locum
1757 4651 1890 4725 dabimus,
1900 4652 1960 4708 inter
