4332 5908
543 533 604 596 396
1045 531 1257 594 Fuluuulcl
1282 531 1455 595 secuntur
1764 531 1844 615 [llus.
1862 533 1946 594 122³.

548 667 717 760 religiosis
744 675 859 740 nostra
882 689 964 740 cura
987 667 1195 764 provisionis
1221 668 1393 763 impendi3
1421 669 1483 762 qui
1505 676 1596 740 tanto
1622 667 1750 741 debent
1775 671 1949 742 asecula-

548 792 644 864 ribus
658 813 735 864 csse
748 791 841 864 curis
860 793 1030 889 exempti,
1050 800 1180 887 quanto
1201 791 1312 886 magis
1329 791 1473 886 expedit
1488 801 1527 863 ut
1543 791 1713 864 orationes
1729 811 1850 864 corum
1865 814 1950 886 quas

547 939 610 1013 pro
626 919 736 990 salute
753 917 1008 991 christianitatis
1026 917 1268 1014 impendente
1289 916 1454 990 molestiis
1472 936 1541 989 non
1564 915 1711 988 debeant
1737 939 1800 989 nec
1820 917 1952 990 infestis

546 1041 684 1113 casibus
711 1041 916 1136 perturbari.
937 1042 989 1114 Ex
1017 1041 1072 1114 bis
1098 1041 1191 1114 euim
1215 1042 1322 1114 sacris
1347 1041 1510 1137 operibus
1530 1049 1628 1113 actus
1650 1050 1783 1112 nostros
1809 1041 1951 1113 feliciter

548 1165 768 1256 decoramus,
788 1167 818 1238 si
839 1165 1009 1260 religiosis
1026 1166 1156 1240 divinis
1175 1165 1350 1260 obsequiis
1369 1163 1625 1238 intendentibus
1641 1162 1687 1237 ad
1710 1187 1773 1236 uos
1790 1173 1949 1260 tanquam

547 1289 594 1362 ad
611 1290 752 1363 unicum
770 1299 806 1364 et
823 1290 997 1384 singulare
1017 1291 1190 1384 retugium
1210 1299 1428 1364 accurrentes
1443 1289 1518 1386 (ric)
1542 1289 1819 1363 mansuetudinis
1841 1300 1952 1362 nostre

549 1416 720 1509 gremium
734 1437 927 1488 reseremus
941 1423 976 1488 et
994 1415 1097 1508 justis
1113 1437 1234 1489 eorum
1249 1414 1557 1511 supplicationibus
1577 1436 1679 1487 aures
1700 1424 1854 1487 nostrum
1874 1415 1953 1486 cul-

550 1563 630 1614 men
643 1540 833 1614 benevolas
848 1562 918 1613 uon
934 1549 1078 1613 avertat.
1101 1541 1151 1614 Ea
1168 1549 1308 1636 propter
1322 1561 1440 1636 praees
1458 1549 1492 1612 et
1508 1539 1775 1635 supplicationes
1792 1560 1880 1632 ques
1897 1537 1954 1611 di-

550 1667 755 1740 lectissimus
779 1665 815 1738 in
838 1664 971 1738 Christo
996 1667 1100 1738 irater
1121 1665 1266 1757 Paulus,
1288 1665 1396 1739 abbas
1416 1665 1614 1738 monasterii
1637 1667 1760 1737 Sancte
1782 1663 1889 1736 Maris
1911 1661 1954 1735 de

549 1791 682 1880 Nerito,
708 1798 743 1863 et
766 1791 886 1862 iratres
911 1789 1067 1882 ejusdem
1089 1789 1358 1886 lacrymabiliter
1379 1798 1622 1886 porrexerunt,
1649 1810 1694 1862 ex
1717 1788 1834 1860 innata
1856 1787 1955 1860 uobis

551 1914 763 2008 benignitate
775 1911 1009 2005 adunximus,
1025 1923 1061 1988 et
1075 1935 1194 1987 eorum
1211 1911 1421 1988 desiderium
1439 1913 1620 1988 favorabili
1637 1922 1882 2008 prosequentes
1896 1934 1955 1984 as·

552 2059 677 2127 sensu,
704 2036 898 2133 predictum
922 2039 1165 2111 monasterium
1195 2041 1317 2111 Sancte
1341 2039 1446 2112 Maria
1468 2037 1514 2112 de
1539 2039 1653 2110 Nerito
1680 2059 1759 2110 cnm
1786 2037 1956 2110 universis

554 2163 654 2234 bonis
668 2161 733 2236 sibi
747 2163 920 2236 concessis
931 2173 966 2236 et
983 2163 1118 2238 donatis
1141 2185 1202 2260 per
1217 2163 1392 2259 quondam
1408 2160 1598 2236 Goffridum
1616 2162 1782 2258 inclytum
1798 2162 1956 2234 comitem

553 2296 587 2360 et
603 2286 688 2360 alios
707 2284 826 2362 fideles
847 2288 1020 2382 quoslibet
1038 2288 1258 2378 christianos,
1276 2298 1344 2361 tam
1361 2289 1491 2384 prelata
1512 2286 1652 2360 civitate
1669 2287 1836 2358 contentis
1851 2305 1956 2379 quam

553 2413 636 2485 alibi
650 2433 712 2508 per
725 2422 833 2485 totum
851 2435 997 2508 regnum
1013 2423 1167 2487 nostrum
1185 2413 1317 2505 Sicilie,
1333 2423 1368 2486 et
1384 2433 1455 2508 quo
1473 2412 1509 2484 iu
1525 2414 1681 2484 luterum
1696 2409 1799 2484 dante
1810 2409 1958 2482 Domino

552 2559 614 2634 per
640 2559 880 2632 quoscumque
903 2539 1135 2612 concedentur
1156 2549 1190 2612 et
1211 2539 1432 2612 donabuntur
1453 2538 1661 2611 monasterio
1680 2535 1879 2632 supradicto
1893 2533 1954 2630 (a),

553 2663 688 2758 ipsique
717 2663 834 2736 abbati
863 2671 898 2736 st
927 2663 1072 2736 ecclesie
1100 2685 1147 2736 ex
1180 2686 1274 2737 nunc
1300 2687 1341 2736 ea
1367 2663 1610 2737 confirmamus
1639 2673 1674 2734 et
1701 2661 1808 2734 teneri
1833 2659 1958 2734 amodo

552 2787 661 2884 ipsius
681 2787 875 2862 monasterii
892 2788 1030 2884 propria
1040 2791 1120 2882 jura
1134 2789 1294 2886 cupimus
1308 2799 1347 2860 ut
1364 2788 1483 2861 itidem
1505 2799 1574 2860 tem
1595 2786 1762 2882 acquisitu
1780 2807 1888 2880 quam
1903 2807 1959 2858 ac·

553 2910 723 3006 quirsuda
749 2921 916 3007 perpetuo
945 2911 1075 2985 illibata
1101 2922 1291 2987 serventur.
1314 2913 1358 2985 Et
1381 2935 1443 3008 pro
1469 2913 1579 2985 salute
1604 2932 1745 3006 quoque
1766 2909 1957 2984 animarum

555 3036 662 3133 patris
684 3047 719 3109 et
744 3037 862 3108 matris
890 3045 1083 3109 nostrorum
1107 3036 1289 3110 recolende
1314 3037 1480 3111 memorie
1505 3035 1747 3111 confirmamus
1771 3035 1958 3108 venerabili

555 3161 670 3233 abbati
690 3158 845 3257 predicto
863 3170 898 3232 et
912 3162 1169 3234 successoribus
1190 3171 1313 3235 cuncta
1329 3162 1422 3236 boue
1438 3161 1532 3234 leudi
1552 3162 1666 3234 Sancti
1685 3161 1816 3234 Nicolai
1835 3159 1884 3233 arl
1900 3160 1958 3232 Er·

556 3306 658 3358 neum
677 3293 712 3358 et
736 3285 956 3380 pertinentias
972 3293 1006 3358 et
1023 3286 1191 3375 vasallos,
1212 3285 1292 3359 item
1310 3285 1537 3359 tenimentum
1557 3284 1688 3358 dictum
1708 3285 1797 3358 Petri
1821 3286 1869 3360 de
1884 3281 1960 3356 viro

554 3422 589 3482 et
607 3410 749 3484 feudum
766 3411 888 3484 Sancte
905 3408 1048 3482 Veneris
1071 3431 1151 3481 cum
1169 3410 1380 3505 pertiuentiis
1400 3411 1473 3484 suis
1496 3421 1531 3484 et
1547 3432 1618 3505 que
1633 3418 1725 3483 leuet
1745 3419 1814 3484 lem
1831 3410 1869 3482 in
1889 3409 1960 3482 Ne-

555 3536 620 3608 rito
639 3545 799 3633 utsupra
818 3535 946 3608 dicitur
971 3555 1076 3628 quam
1100 3543 1199 3606 extra
1224 3543 1259 3606 et
1275 3556 1336 3629 per
1352 3543 1463 3608 toturn
1486 3557 1633 3630 regnum
1658 3543 1813 3608 nostrum
1830 3533 1956 3620 Sicilie,

554 3670 589 3733 et
603 3661 793 3758 specialiter
810 3661 923 3735 casale
935 3660 1065 3734 Tavelli
1083 3681 1162 3732 cum
1181 3659 1339 3733 vassallis
1352 3669 1387 3733 et
1397 3659 1697 3753 jurisdictionibus
1714 3660 1800 3749 suis,
1816 3670 1853 3732 et
1867 3657 1959 3754 quod

556 3785 962 3880 ipsiuecasalisbomiues
971 3783 1958 3880 societatemsemperbabeantcumbominibusNeritonis,

554 3931 687 3982 uecuou
705 3911 856 3984 decimae
873 3931 993 3984 ornnes
1010 3909 1159 3981 civitatis
1178 3909 1303 4000 Neriti,
1322 3909 1413 3982 sicut
1433 3910 1624 4006 apredicto
1640 3907 1818 4004 quondam
1840 3907 1962 3982 comite

553 4045 634 4107 sunt
651 4056 811 4108 concesse
829 4033 901 4132 (l);
926 4033 1106 4130 grangiam
1129 4055 1269 4129 quoquc
1293 4035 1416 4106 Sancte
1432 4034 1540 4107 blarie
1560 4034 1605 4107 de
1625 4031 1794 4106 Astiliano
1813 4055 1895 4106 curn
1914 4041 1963 4104 lc·

555 4160 714 4232 nimentis
727 4159 801 4232 suis
817 4168 852 4231 et
869 4159 980 4254 ipsius
1001 4159 1101 4234 terris
1117 4160 1218 4232 cultis
1232 4168 1267 4234 et
1287 4159 1427 4232 inculb's
1442 4168 1477 4232 ct
1491 4159 1612 4234 cellum
1632 4157 1748 4232 Sancti
1767 4157 1900 4232 Nicolai
1919 4154 1961 4230 de

595 4352 635 4432 (a)
657 4354 747 4417 Deest
757 4354 886 4432 aliqum
900 4353 1015 4417 forsan:
1030 4352 1084 4416 sot
1095 4361 1195 4418 acrba
1207 4351 1325 4434 spectati
1334 4355 1512 4436 protractam
1523 4354 1703 4436 mdpiraur,
1718 4353 1766 4415 rel
1777 4352 1959 4434 hujusmodl.

592 4661 629 4734 (l)
647 4659 746 4720 Extant
756 4665 846 4718 auteur
859 4662 977 4737 quinque
989 4663 1126 4738 privilegia
1137 4664 1217 4738 hujus
1230 4666 1350 4738 comitis,
1362 4665 1472 4740 ibidem,
1488 4683 1518 4744 p.
1530 4671 1662 4728 ser-set.
