4296 5898
1063 591 1276 654 ratbeutcl
1300 592 1476 654 secubo!
1786 593 1867 678 [nn.
1885 598 1964 659 1221.

387 1153 506 1247 {33333513
614 1133 844 1241 frideruna,
879 1134 1140 1218 Romanorum
1176 1137 1396 1244 imperator,
1429 1147 1616 1220 memorat
1648 1137 1963 1221 confirmationem

561 1267 734 1350 omnium
751 1267 971 1350 libertatum
989 1266 1168 1350 domibus
1186 1267 1346 1352 Sanctae
1361 1269 1500 1353 llariae
1517 1269 1851 1376 lbeutonirorum,
1871 1271 1963 1354 bos-

562 1401 707 1510 spitalis
725 1401 852 1482 Sancti
870 1401 1053 1484 lobannis
1069 1412 1106 1483 et
1123 1402 1281 1485 militiae
1294 1402 1439 1510 Templi
1463 1403 1514 1484 ad
1540 1403 1844 1486 intercessionem
1862 1431 1965 1487 suum

562 1535 611 1618 ab
634 1536 799 1617 Honorio
823 1561 921 1643 papa
948 1562 1184 1640 concessam,
1203 1547 1241 1618 et
1266 1535 1476 1645 specialiter
1500 1537 1632 1618 domui
1654 1537 1965 1622 Tbeutonicorum

561 1671 733 1752 concedit
746 1671 794 1751 de
812 1669 973 1751 ciuitatis
990 1670 1197 1753 Brundusii
1213 1669 1424 1754 redditibus
1440 1671 1623 1754 ducentas
1640 1671 1772 1752 uncias
1789 1671 1871 1754 auri
1897 1697 1967 1753 un-

561 1802 708 1884 nuatim
736 1802 786 1882 ed
811 1801 927 1909 pallia
957 1801 1047 1884 alba
1072 1802 1350 1911 comparanda,
1380 1803 1502 1884 donec
1531 1803 1572 1884 in
1599 1803 1708 1884 terris
1734 1803 1966 1886 laboratoris

562 1945 780 2042 competens
792 1933 1030 2016 excambium
1045 1935 1126 2017 fieri
1144 1936 1277 2044 possit.

645 2147 759 2220 (lnedtt
773 2149 805 2207 ln
819 2147 939 2208 archivo
956 2148 1149 2222 Berollncnsi,
1165 2165 1182 2208 a
1200 2148 1275 2208 libro
1288 2149 1394 2226 coplall
1408 2148 1471 2208 ord.
1490 2148 1635 2209 lbeuton.
1651 2149 1761 2208 acenti
1779 2148 1871 2228 xlll.)

610 2335 812 2408 Fredericus
833 2334 951 2408 divina
981 2337 1120 2407 lavante
1151 2334 1331 2406 clementia
1357 2335 1588 2408 Romanorum
1620 2335 1817 2431 imperator,
1839 2356 1967 2428 semper

563 2468 732 2554 augustus
752 2469 787 2532 et
801 2481 865 2530 rex
888 2458 1016 2531 Sicilie.
1035 2459 1223 2555 lmperium
1239 2469 1275 2532 et
1290 2481 1436 2552 regnum
1451 2470 1606 2533 nostrum
1622 2468 1706 2531 tunc
1723 2460 1813 2533 bene
1830 2459 1966 2530 stabiliri

562 2585 788 2675 confidimus,
808 2604 888 2654 cum
905 2603 1023 2677 regern
1040 2605 1162 2677 regum
1177 2584 1331 2655 omnium
1345 2583 1390 2656 de
1405 2586 1505 2678 cujus
1517 2605 1662 2658 munere
1672 2605 1743 2678 que
1756 2582 1967 2679 possidemus

563 2710 655 2782 bona
670 2707 863 2802 recepimus
878 2707 1100 2780 honoramus.
1114 2709 1221 2780 Tanto
1232 2708 1324 2780 enim
1340 2708 1493 2802 largitori
1507 2709 1676 2782 bonorum
1693 2709 1849 2781 omnium
1866 2707 1901 2777 in
1915 2707 1967 2777 si-

564 2855 671 2927 gnum
695 2830 894 2903 devocionis
914 2839 949 2900 et
975 2829 1090 2902 laudis
1112 2839 1269 2903 tenemur
1291 2853 1471 2926 assurgere
1494 2841 1625 2926 quanto
1642 2833 1756 2927 ipsum
1777 2832 1814 2903 in
1839 2829 1967 2902 cunctis

563 2955 689 3028 nostris
714 2953 924 3049 profectibus
952 2955 1153 3026 clementem
1180 2965 1215 3028 et
1243 2955 1446 3028 munificum
1477 2957 1690 3052 experimur.
1725 2955 1967 3028 Universorum

564 3083 682 3172 itaque
697 3077 849 3150 fidelium
864 3086 1055 3150 nostrorum
1066 3082 1283 3174 presencium
1296 3079 1407 3153 discat
1423 3090 1496 3154 etas
1509 3090 1543 3153 et
1557 3082 1671 3153 futura
1683 3079 1863 3174 posteritas
1877 3077 1969 3173 quod

566 3225 628 3276 nos
645 3203 727 3274 olim
743 3201 788 3274 ad
806 3202 932 3273 Urbem
955 3201 1116 3275 diadema
1138 3203 1274 3299 imperii
1290 3203 1460 3299 reoepturi
1482 3204 1573 3275 felici
1590 3203 1704 3275 omine
1721 3201 1921 3276 accedentes
1938 3209 1971 3272 et

567 3325 779 3421 sollempniis
790 3324 835 3397 ad
848 3333 982 3397 tautum
995 3326 1185 3422 tripudium
1198 3325 1466 3400 concedentibus
1482 3326 1677 3414 celebratis,
1695 3333 1734 3396 ut
1752 3326 1788 3396 in
1804 3324 1971 3398 sublima-

568 3451 671 3524 tionis
686 3458 801 3522 nostre
817 3449 995 3545 principiis
1013 3448 1220 3524 sacrificium
1238 3452 1383 3525 Domino
1399 3450 1624 3524 redderemus
1637 3459 1830 3546 acceptum,
1846 3449 1970 3522 beatis-

568 3578 695 3648 simum
711 3582 842 3669 patrem
857 3572 1037 3647 dominum
1056 3576 1243 3648 Honorium
1267 3584 1385 3649 sancte
1403 3577 1554 3651 Romane
1577 3575 1670 3649 sedis
1686 3596 1860 3648 summum
1882 3571 1970 3644 anti-

568 3702 681 3774 stitem
692 3697 787 3769 filiali
800 3698 989 3772 devocione
1000 3699 1233 3792 flagitavimus
1244 3701 1488 3774 etmonuimus
1500 3701 1682 3794 diligenter
1693 3709 1733 3771 ut
1746 3697 1968 3770 venerabilem

569 3826 710 3897 domum
721 3825 845 3894 Sancte
856 3822 963 3896 Mario
975 3823 1263 3896 Tbeutonicorum
1275 3826 1541 3898 lerosolimitane
1551 3846 1621 3920 que
1630 3825 1791 3898 divorum
1808 3831 1967 3916 augusto·

568 3972 646 4021 rum
668 3945 830 4021 Friderici
856 3949 913 4020 avi
935 3956 970 4020 et
989 3948 1126 4020 Henrici
1147 3949 1253 4041 patris
1274 3951 1380 4022 nostri
1404 3949 1521 4023 inclite
1538 3948 1785 4022 recordationis
1804 3955 1967 4018 structura

568 4078 678 4146 luerat
693 4071 867 4166 specialis,
885 4082 920 4144 et
937 4070 1047 4167 ipsius
1064 4070 1187 4144 domus
1203 4073 1324 4168 religio
1341 4075 1493 4170 ipsorum
1511 4073 1743 4146 immitacione
1756 4071 1920 4145 laudabili
1932 4091 1971 4142 ac

571 4207 687 4270 sancte
702 4195 970 4268 conversationis
991 4195 1116 4268 affectu
1134 4197 1307 4272 serenitati
1323 4208 1438 4272 nostre
1453 4209 1548 4293 grata
1567 4208 1621 4272 est
1640 4209 1675 4270 et
1692 4207 1853 4292 accepta,
1870 4205 1970 4269 totum

570 4331 603 4392 et
617 4322 788 4411 integrum
804 4318 958 4391 ordinem
976 4320 1225 4391 venerabilium
1243 4321 1424 4395 domorum
1441 4323 1620 4419 hospitalis
1634 4321 1749 4394 Sancti
1765 4321 1926 4394 lobannis
1938 4319 1972 4389 in

571 4441 780 4538 pauperibus
805 4449 838 4510 et
860 4440 1021 4534 infirmis,
1043 4451 1077 4515 et
1094 4442 1218 4516 domus
1238 4445 1365 4519 milicie
1383 4446 1515 4541 Templi
1534 4447 1570 4518 in
1589 4446 1738 4534 clericis,
1759 4446 1924 4517 militibus
1940 4453 1974 4514 et

570 4564 645 4634 aliis
658 4562 818 4632 tratribus
829 4562 910 4632 suis
921 4615 995 4655 ....,
1010 4574 1207 4659 ceterasque
1215 4567 1388 4642 libertates
1398 4577 1433 4642 et
1444 4570 1677 4642 immunitates
1685 4590 1727 4641 ac
1736 4567 1973 4662 indulgencias

571 4685 700 4756 eisdem
713 4682 875 4756 domibus
887 4685 933 4758 ab
946 4687 1130 4779 apostolica
1146 4689 1236 4762 Sede
1251 4712 1430 4766 concessas
1443 4694 1625 4788 indulgere
1638 4703 1671 4766 et
1685 4691 1876 4765 concedere
1891 4692 1972 4762 libe·
