4296 5898
238 559 415 644 animle]
690 559 889 624 ltts'loetll
914 559 1206 623 ntrnottavtcu.
1595 565 1653 628 241

238 697 344 792 pulus
368 693 576 769 christianus
597 703 633 768 et
656 695 805 770 inimicis
825 696 909 773 fidei
933 698 1096 773 videatur
1118 697 1223 770 nimis
1245 717 1410 796 prospera
1432 698 1652 789 successisse,

237 841 417 916 speramus
436 829 552 893 nmen
574 819 612 892 in
630 840 673 894 eo
693 820 730 894 in
750 824 850 916 cujus
868 845 974 896 manu
993 832 1118 897 cuncta
1137 830 1219 894 sunt
1239 822 1352 920 posita
1374 832 1409 896 et
1433 824 1534 916 cujus
1551 844 1654 898 nemo

237 951 352 1041 potest
367 943 531 1046 resistere
538 944 724 1036 voluntati,
736 946 832 1042 quod
847 947 1004 1044 permisit
1016 946 1141 1021 cadere
1152 969 1256 1020 suum
1273 948 1466 1022 exercitum
1484 957 1523 1020 ut
1537 970 1653 1022 resur·

237 1076 334 1160 geret
349 1067 467 1142 fortior
478 1076 514 1142 et
522 1090 646 1165 passus
662 1079 714 1144 est
727 1069 887 1146 infideles
901 1073 988 1166 erigi
1003 1083 1043 1145 ut
1053 1071 1195 1167 gravius
1212 1073 1447 1147 alliderentur.
1459 1071 1546 1145 Cum
1559 1075 1652 1147 enim

238 1191 461 1266 charissimus
483 1192 520 1267 in
552 1192 683 1268 Christo
711 1192 803 1268 filins
837 1205 952 1270 noster
976 1195 1172 1270 Fridericus
1206 1199 1437 1270 Romanorum
1468 1198 1653 1294 imperator

236 1338 373 1415 semper
393 1325 564 1413 augustus
580 1327 617 1392 et
634 1340 700 1392 rex
716 1320 832 1394 Sicilie
855 1321 992 1395 dudum
1010 1321 1046 1394 in
1066 1321 1183 1394 animo
1200 1330 1333 1416 gereret
1352 1322 1398 1397 ad
1417 1323 1652 1396 liberationem

236 1442 417 1516 intendere
439 1446 541 1517 Terre
564 1445 699 1539 Sancte,
725 1467 820 1520 nunc
846 1456 986 1545 propter
1011 1437 1131 1520 casum
1156 1447 1218 1543 qui
1245 1446 1373 1522 accidit
1395 1446 1502 1543 digno
1533 1447 1651 1522 dolore

236 1576 412 1661 permotus
432 1579 467 1641 et
486 1569 658 1643 animatus
676 1568 848 1644 divinitus
866 1571 913 1646 ad
937 1571 1172 1645 ulciscendam
1192 1579 1323 1644 tantam
1346 1572 1508 1666 injuriam
1527 1571 1651 1644 Christi

234 1699 271 1765 et
287 1692 407 1788 populi
424 1691 616 1788 christiani,
633 1703 727 1769 tanto
746 1696 937 1770 ferventius
949 1694 997 1770 ad
1011 1696 1050 1771 id
1066 1719 1104 1770 se
1119 1705 1279 1793 preparat
1294 1706 1331 1770 et
1346 1697 1498 1791 accingit
1519 1707 1651 1792 quanto

235 1816 350 1911 ipsum
369 1817 517 1912 predicti
535 1841 637 1892 casus
652 1820 844 1895 adversitas
866 1831 901 1894 et
917 1820 1110 1917 indignatio
1126 1821 1367 1894 vehementius
1383 1822 1562 1896 animavit.
1579 1825 1651 1896 De-

235 1941 342 2034 nique
356 1963 421 2016 nos
435 1952 470 2017 et
483 1944 559 2040 ipse
571 1943 617 2017 ad
630 1944 669 2017 id
691 1945 901 2019 unanimiter
921 1945 1142 2020 intendentes
1160 1947 1294 2019 celebre
1312 1946 1522 2041 colloquium
1541 1969 1652 2043 nuper

234 2065 423 2140 babuimus
437 2069 631 2165 specialiter
645 2091 707 2165 pro
720 2071 858 2166 negotio
873 2080 1075 2162 memorato,
1090 2078 1126 2143 et
1140 2079 1216 2167 post
1227 2071 1354 2144 multos
1367 2078 1532 2143 tractatus
1546 2092 1652 2167 super

234 2191 301 2264 boo
324 2191 585 2286 diligentissime
604 2194 742 2269 habitos
763 2195 905 2269 demum
930 2194 1147 2269 concorditer
1170 2194 1407 2290 disposuimus
1427 2193 1525 2268 aliud
1545 2196 1650 2269 collo-

233 2317 357 2410 quium
371 2317 407 2390 in
422 2318 628 2393 lumbardia
645 2319 682 2392 iu
698 2319 837 2393 civitate
849 2320 985 2394 Verona
1001 2319 1093 2392 circa
1115 2320 1239 2392 lustum
1256 2317 1349 2390 beati
1365 2319 1502 2391 Martini
1525 2316 1650 2415 proxi-

234 2461 331 2514 mum
343 2442 513 2516 celebrare
525 2441 589 2540 (l),
605 2443 643 2515 in
657 2465 729 2540 qno
741 2465 804 2518 nos
820 2445 944 2541 etipse
959 2445 1146 2540 imperatur
1161 2443 1385 2539 personaliter
1398 2465 1475 2516 esse
1489 2443 1648 2518 decrevi·

233 2587 326 2658 mus,
339 2567 486 2641 Domino
501 2577 688 2661 annuente,
701 2577 737 2642 et
748 2569 796 2643 ad
812 2568 902 2642 illnd
915 2567 1118 2642 christianos
1127 2568 1307 2664 principes
1318 2577 1389 2640 tam
1402 2568 1649 2643 ecclesiasticos

233 2711 340 2784 quam
356 2692 553 2766 mundanos
570 2714 612 2766 ac
629 2691 749 2767 fideles
766 2693 853 2767 alios
873 2715 962 2789 quos
979 2692 1147 2790 expedire
1165 2691 1363 2767 videbimus
1380 2713 1589 2782 convocare,
1611 2703 1650 2766 ut

234 2815 430 2910 prosecutio
459 2816 544 2890 dicti
571 2819 701 2912 negotii
728 2817 825 2913 qnod
851 2817 1056 2893 christianos
1085 2819 1194 2914 tangit
1216 2816 1443 2890 communiter
1467 2817 1649 2892 universos
1706 2913 1711 2927 1

234 2959 315 3012 cum
339 2939 585 3016 deliberatione
609 2941 647 3014 in
668 2951 763 3016 tanto
785 2943 925 3039 negotio
949 2943 1142 3016 necessaria
1162 2941 1354 3033 ordinetur,
1378 2951 1412 3014 et
1436 2940 1590 3014 universi
1615 2951 1650 3016 et

233 3063 362 3160 singuli
379 3087 422 3139 eo
439 3067 551 3162 magis
566 3067 743 3164 proprium
760 3069 876 3165 ipsum
892 3069 1069 3164 negotium
1085 3077 1285 3165 reputantes
1303 3088 1470 3162 quocum
1493 3067 1647 3163 ipsorum

233 3189 376 3264 consilio
393 3199 431 3264 et
447 3191 696 3266 deliberatione
711 3192 910 3268 ordinatum
929 3194 1046 3286 luent,
1063 3192 1111 3266 ad
1127 3192 1216 3268 illud
1230 3191 1512 3290 prosequendum
1526 3193 1649 3266 lortius

233 3314 442 3388 animentur.
454 3315 539 3390 Cum
555 3317 659 3412 igitur
677 3317 856 3414 adipsum
869 3318 1096 3414 colloquium,
1116 3318 1153 3390 in
1169 3339 1241 3413 quo
1255 3326 1326 3390 mm
1345 3316 1391 3390 de
1405 3316 1516 3414 ipsius
1534 3317 1648 3410 impe-

233 3438 354 3510 ratoris
370 3441 528 3536 passagio
544 3461 651 3536 pam
669 3437 715 3514 de
731 3442 809 3515 aliis
831 3443 1008 3538 negotium
1031 3440 1313 3537 contingentibus
1333 3440 1552 3515 decrevimus
1571 3441 1647 3539 ple·

232 3563 313 3635 nius
325 3560 499 3657 ordinare,
517 3565 704 3639 invitemus
723 3566 964 3641 charissimum
981 3565 1019 3642 iu
1035 3565 1169 3640 Christe
1185 3563 1294 3638 filium
1311 3574 1467 3638 nostrum
1480 3567 1646 3640 loannem

232 3690 350 3782 regem
367 3687 717 3786 Hierosolymitanum
739 3691 906 3765 illustram
926 3701 961 3766 et
980 3691 1019 3763 in
1035 3711 1077 3766 eo
1095 3698 1234 3788 propter
1255 3699 1371 3764 notam
1389 3690 1595 3767 industriam
1613 3699 1649 3765 et

230 3811 412 3906 probatam
427 3812 649 3910 prudentiam
665 3825 761 3889 tuam
774 3816 905 3890 babere
922 3825 1017 3890 tuam
1037 3838 1178 3912 quoque
1201 3815 1409 3912 presentiam
1428 3816 1646 3906 affectemus,

267 4212 302 4287 (t)
319 4211 485 4288 &loquum
493 4221 583 4274 autam
595 4215 761 4291 aegritudine
769 4217 905 4293 pontificis
916 4219 1124 4294 superveniente
1136 4218 1170 4276 ad
1180 4225 1319 4294 eperatm
1329 4223 1456 4278 eventum
1464 4219 1577 4294 produci
1590 4237 1645 4280 non

230 4310 328 4384 pouit,
342 4311 406 4370 licet
418 4327 464 4372 res
478 4329 565 4388 usque
577 4314 614 4373 ad
626 4313 776 4389 praefixum
797 4322 904 4391 tempus
914 4315 995 4374 luerit
1008 4315 1117 4392 agitata.
1130 4317 1208 4388 Quod
1220 4321 1336 4374 testatur
1349 4316 1556 4376 instrumentum
1567 4319 1648 4394 buius

229 4408 289 4466 aevi
303 4423 348 4483 ap.
360 4409 519 4485 Musicani,
535 4413 659 4472 Mecum.
675 4414 805 4490 Apum„
821 4421 842 4472 t
857 4414 899 4488 11,
915 4431 944 4490 p.
959 4419 1007 4475 oct
1021 4433 1028 4472 :
1042 4435 1055 4472 ι
1071 4418 1158 4485 tata,
1176 4415 1221 4474 die
1234 4415 1271 4475 Vl
1290 4415 1460 4490 novembris,
1476 4417 1649 4478 Alexandrini

233 4507 391 4579 »praetoris
406 4509 547 4584 responsio
560 4511 594 4568 ad
613 4511 777 4570 marchionis
794 4512 985 4571 llontislerrati
1003 4513 1280 4589 postulationemque
1300 4513 1326 4570 ci
1346 4513 1481 4573 indixerat
1501 4520 1533 4573 ut
1553 4515 1648 4576 decern

233 4621 247 4655 u
262 4602 363 4662 milites
373 4604 409 4663 ad
420 4619 451 4664 se
464 4606 584 4666 mitteret
592 4607 638 4683 qui
650 4623 712 4666 eum
725 4609 861 4667 Veronam
873 4609 908 4668 ad
921 4610 1112 4685 imperatorem
1124 4609 1338 4684 proticiscentem
1350 4610 1552 4686 mutilarentur,
1567 4613 1648 4689 idque

233 4718 247 4752 u
262 4699 366 4758 ratione
375 4699 449 4761 leudi
461 4705 535 4780 quod
548 4706 608 4781 ipsa
620 4707 799 4766 communitas
811 4725 828 4767 a
839 4708 996 4768 marchione
1008 4715 1150 4784 acceptum
1163 4707 1276 4768 larebat.
1293 4727 1307 4762 a

311 4799 351 4861 11.
1449 4819 1483 4871 tl
