4298 5898
526 479 586 543 486
1028 477 1243 542 untncntcl
1270 479 1445 544 SECUNlll
1757 483 1851 562 [dun.
1875 482 1966 544 1295.

529 615 674 692 scientia
694 613 957 704 confirmantes,
976 635 1019 688 eo
1040 613 1137 708 quod
1164 625 1293 690 tantm
1315 629 1352 691 et
1377 627 1447 690 um
1467 615 1683 691 manifestam
1707 619 1887 714 iujuriam
1912 620 1968 690 ul·

529 741 638 816 terius
657 739 875 814 dissimulare
890 739 987 813 salvo
1009 739 1140 814 honore
1155 741 1289 838 imperii
1309 763 1374 816 nee
1394 743 1556 816 volumus
1576 763 1642 816 nee
1661 744 1849 837 valemus,
1875 743 1969 818 iido-

531 867 616 940 lltati
638 875 697 939 tue
722 874 854 961 quanta
880 884 1065 962 posonem
1086 865 1299 942 districtione
1323 866 1466 942 firmiter
1489 866 1714 964 precipiendo
1737 870 1966 945 mandamus

530 1000 705 1088 quatenus
733 989 906 1086 predictos
933 991 1030 1063 cives
1057 989 1208 1066 Massilia
1233 1002 1269 1065 ct
1294 992 1411 1066 omnia
1444 993 1536 1066 bona
1560 1013 1682 1067 oerum
1703 1005 1774 1068 tam
1801 995 1841 1067 in
1872 996 1967 1068 mari

531 1139 637 1212 quam
655 1115 691 1187 in
712 1115 856 1188 terrain
878 1114 1032 1209 personis
1052 1122 1086 1187 et
1105 1115 1210 1188 rebus
1230 1115 1306 1190 sine
1330 1115 1495 1190 dilatione
1511 1118 1667 1212 qualibet
1689 1119 1964 1216 persequendo,

400 1275 405 1287 .
531 1241 625 1339 ipsos
643 1239 856 1336 ubicumque
879 1240 1006 1335 poteris
1029 1238 1147 1336 capias
1167 1249 1202 1314 et
1221 1242 1300 1339 capi
1323 1265 1386 1340 per
1404 1251 1503 1316 tuum
1525 1243 1721 1318 districtum
1739 1253 1774 1316 et
1795 1245 1865 1318 ubi
1897 1267 1967 1342 po·

374 3961 485 4059 'idid

531 1367 614 1442 teris
640 1366 767 1460 iacias,
798 1375 963 1460 tanquam
993 1365 1170 1462 expositos
1198 1365 1340 1440 cuilibet
1364 1367 1547 1464 occupanti
1575 1377 1611 1441 et
1640 1367 1784 1442 Romani
1812 1368 1965 1465 imperii

532 1492 649 1568 hostes
669 1493 793 1580 laetos,
818 1491 938 1564 vivam
963 1511 1123 1584 guerram
1148 1511 1211 1586 pro
1236 1489 1366 1566 honore
1391 1493 1526 1589 imperii
1551 1503 1668 1566 conae
1692 1512 1753 1566 cos
1774 1492 1964 1568 movendo

533 1627 568 1692 et
584 1618 717 1692 moveri
739 1617 843 1690 etiam
862 1615 1040 1708 iaciendo,
1066 1614 1345 1691 confederatione
1367 1617 1508 1690 forsitan
1526 1617 1615 1690 inter
1634 1629 1672 1691 tc
1686 1625 1721 1692 ct
1738 1617 1832 1714 ipsos
1849 1621 1959 1712 jura·

535 1751 652 1818 mento
674 1741 809 1815 firmata
833 1743 890 1814 vel
913 1739 1141 1838 promissione
1157 1743 1312 1837 qualibet
1332 1763 1404 1816 non
1426 1741 1603 1836 obstante,
1630 1761 1711 1814 cum
1724 1745 1804 1836 jura
1827 1756 1865 1817 et
1887 1763 1959 1816 nos

535 1891 616 1943 cum
633 1867 684 1940 cis
695 1867 789 1962 juste
807 1873 971 1939 testemur
992 1865 1089 1963 quod
1111 1867 1259 1941 inomni
1279 1877 1493 1942 sacramento
1515 1868 1711 1965 excipiatur
1725 1869 1838 1961 jussio
1857 1871 1958 1964 prin-

537 1991 658 2089 cipalis
683 1989 805 2064 merito
830 1990 1048 2064 antecellens.
1072 1992 1146 2064 Hoc
1167 2001 1323 2066 nostrum
1348 1993 1550 2068 mandatum
1573 2001 1644 2066 tam
1673 1994 1820 2068 sollicite
1842 2017 1954 2090 quam

536 2125 695 2214 potenter
713 2123 878 2210 tanquam
897 2111 1009 2188 fidelis
1026 2123 1143 2188 noster
1163 2116 1370 2212 exequendo
1391 2117 1488 2212 quod
1509 2125 1544 2192 ct
1564 2124 1623 2190 tue
1640 2113 1724 2190 fidei
1746 2120 1881 2214 puritas
1894 2121 1953 2212 jo·

538 2241 655 2316 cunda
676 2239 974 2314 commendatione
997 2239 1170 2335 condigna
1190 2241 1226 2313 in
1244 2239 1311 2314 hoe
1328 2241 1521 2338 specialiter
1540 2241 1795 2337 comprobetur,
1816 2254 1851 2317 et
1868 2267 1951 2342 prc-

539 2368 633 2443 dieta
647 2365 855 2440 universitas
874 2364 1123 2457 indignationis
1138 2373 1255 2440 nostre
1275 2365 1392 2460 gladio
1408 2364 1455 2441 ad
1472 2387 1612 2462 presens
1627 2389 1791 2464 percussa
1807 2369 1949 2443 eumad

540 2515 600 2568 cor
616 2491 759 2566 redierit
773 2489 819 2563 ab
841 2511 956 2564 errore
973 2511 1037 2563 suo
1064 2511 1106 2564 ae
1127 2490 1314 2564 rebellione
1331 2490 1472 2565 lorsitan
1493 2500 1684 2586 revocetur,
1701 2494 1862 2588 graviora
1884 2495 1946 2567 nisi

539 2615 780 2706 satisfecerint,
801 2613 968 2688 altissimi
984 2613 1123 2688 favente
1137 2615 1263 2708 gratia,
1282 2634 1443 2711 processu
1456 2614 1620 2710 temporis
1635 2614 1839 2710 spectando.
1858 2617 1946 2703 Quid

540 2742 624 2817 inde
643 2741 766 2814 leceris
781 2747 842 2815 aut
861 2741 976 2814 tacere
998 2761 1191 2838 proponas,
1216 2741 1308 2814 sicut
1326 2740 1492 2814 honorem
1507 2747 1624 2814 nosne
1641 2739 1859 2817 celsitudinis
1877 2765 1946 2816 am·

541 2867 711 2966 plexeris,
739 2865 840 2940 nobis
868 2887 975 2960 qnam
1001 2866 1069 2939 cito
1095 2865 1224 2963 poteris
1249 2866 1438 2940 rescribere
1460 2887 1531 2940 non
1553 2865 1732 2955 omittens,
1755 2866 1947 2942 firmissime

541 3003 663 3067 tenens
677 2989 774 3087 quod
790 2991 826 3063 in
844 2991 940 3063 nullo
958 2991 1026 3064 alio
1043 2989 1089 3064 ad
1108 3011 1250 3086 presens
1267 2990 1423 3086 ampliori
1443 2991 1568 3066 affecto
1585 2991 1688 3064 nobis
1712 2992 1841 3088 poteris
1860 3015 1947 3068 eom·

543 3118 679 3214 placere
697 3137 801 3210 quam
824 3115 854 3188 si
872 3126 931 3188 tue
949 3115 985 3188 in
1003 3115 1069 3188 hoc
1090 3115 1285 3188 devotionis
1303 3115 1463 3189 effectum
1484 3115 1677 3190 ostenderis
1691 3117 1883 3192 evidenter.

592 3242 718 3312 Datum
736 3239 853 3335 Fugio,
868 3259 961 3313 anno
979 3239 1225 3313 incarnationis
1238 3239 1373 3312 Domini
1386 3240 1567 3315 millesimo
1581 3241 1820 3317 ducentesimo
1830 3244 1944 3337 ΠΨ,

544 3367 652 3440 XXll⁰
667 3364 788 3455 madii,
809 3364 1007 3438 indictionis
1022 3364 1158 3440 decime
1171 3364 1281 3438 tertie.

599 3923 831 4030 FrideriouS,
851 3921 1112 4004 Romanorum
1135 3914 1359 4026 imperator,
1379 3917 1555 4024 potestati
1578 3926 1616 4002 et
1640 3917 1787 4004 civibus
1815 3919 1945 4004 Arela-

546 4057 718 4148 tensibus
740 4054 900 4139 mandat
922 4062 965 4136 ut
987 4051 1086 4134 cives
1110 4047 1363 4134 Massilienses
1389 4047 1518 4134 hostes
1541 4051 1688 4161 imperii
1713 4051 1835 4138 factos
1860 4051 1947 4137 mari

547 4204 585 4280 et
601 4206 702 4279 terra
719 4197 997 4312 persequantur
1015 4193 1054 4269 et
1069 4183 1152 4293 cepi
1171 4181 1326 4266 faciant.

630 4411 719 4488 (Edit.
736 4409 845 4488 purtim
857 4409 889 4468 ln
902 4407 1010 4478 Snxro,
1023 4399 1156 4480 Pontistc.
1173 4395 1287 4463 Arctet.
1301 4399 1379 4476 apud
1394 4397 1557 4475 Merionen,
1573 4401 1692 4480 saepe,
1707 4407 1780 4463 tom.
1795 4403 1825 4474 I,
1839 4419 1870 4480 p.
1884 4409 1946 4463 277.

672 4517 849 4580 Mandatum
862 4517 1023 4591 mugram,
1038 4514 1165 4570 suante
1172 4507 1326 4581 Aniberto,
1339 4505 1474 4568 thoir.
1485 4524 1538 4568 aur
1549 4505 1635 4570 l'ene
1646 4510 1707 4589 rip.
1718 4505 1842 4584 dalrles,
1852 4509 1891 4581 Π,
1902 4515 1947 4578 to,

669 4627 791 4689 extabat
804 4627 835 4686 ln
848 4617 1038 4684 Mimalloneis
1049 4617 1120 4679 lon.
1137 4614 1302 4690 Gsunoex,
1316 4613 1401 4678 MSS.
1418 4616 1556 4680 Bibliotb.
1571 4617 1734 4696 Melaneus.
1751 4633 1799 4695 ap.
1811 4611 1931 4696 Aquas)
