4272 5886
1060 564 1272 628 lntosntct
1297 562 1472 626 SECUNDl
1784 559 1876 646 [An.
1896 558 1977 620 taus

613 1121 851 1231 Fridericus,
872 1123 1136 1208 Romanorum
1153 1125 1373 1235 imperator,
1402 1121 1578 1205 abbatem
1605 1128 1643 1203 et
1668 1129 1909 1202 mouentum
1934 1117 1978 1198 de

455 1300 486 1330 a.
559 1255 675 1340 domo
693 1257 793 1340 Petri
818 1255 1137 1370 (Petershsusen)
1154 1258 1266 1369 juxta
1284 1255 1544 1341 Constantiam
1560 1279 1650 1337 cum
1668 1250 1978 1362 possessionibus

558 1413 692 1472 eorum
710 1399 748 1474 et
765 1389 876 1474 bonis
895 1391 968 1474 sub
987 1418 1058 1474 sua
1076 1391 1230 1502 speciali
1247 1390 1477 1502 protectione
1495 1388 1665 1498 suscipit.
2097 1405 2098 1408 ‘

639 1604 744 1684 (Edld.
757 1606 870 1688 Lusio,
888 1605 1020 1668 chbcd.
1036 1605 1244 1682 ammte,
1259 1604 1383 1690 spicilep.
1401 1604 1511 1682 cecla„
1526 1623 1594 1686 pers
1606 1605 1663 1677 ΙΙΙ,
1677 1621 1708 1682 p.
1724 1599 1812 1682 ⁴12.)

604 1791 800 1867 Fridericus
819 1793 996 1868 secundus
1015 1793 1138 1868 divina
1160 1795 1298 1868 favente
1318 1791 1499 1866 clementia
1519 1791 1749 1864 Romanorum
1770 1787 1971 1882 imperator,

555 1938 691 2012 semper
715 1929 885 2012 augustus
910 1928 946 1991 et
972 1940 1036 1992 rex
1056 1919 1185 1992 Sicilie.
1210 1919 1247 1990 Si
1275 1917 1477 2012 imperantis
1502 1915 1645 2009 gloriam
1669 1914 1763 1987 dona
1785 1910 1974 1985 claritioent

555 2063 624 2136 que
640 2042 797 2136 largitur,
816 2065 857 2116 ea
872 2053 1037 2138 suntque
1055 2042 1219 2140 temporis
1242 2043 1468 2140 perpetuitate
1488 2039 1610 2112 clarior
1630 2040 1721 2110 lama
1739 2035 1969 2122 concelebrat,

555 2186 625 2260 que
644 2165 869 2238 sacrosanctis
891 2165 1114 2238 conteruntur
1134 2164 1308 2253 ecclesiis,
1331 2163 1416 2258 quia
1431 2163 1522 2236 sicut
1542 2183 1603 2258 per
1624 2182 1666 2232 ea
1683 2156 1855 2232 dilatatur
1872 2159 1971 2230 bere-

556 2289 645 2363 ditas
660 2290 753 2362 illius
771 2291 871 2382 cujus
888 2299 977 2363 terra
993 2300 1029 2362 et
1044 2289 1227 2384 plenitudo
1244 2291 1332 2384 ejus,
1353 2288 1473 2362 salutis
1490 2286 1704 2382 conquiritur
1713 2285 1881 2358 meritum
1895 2303 1970 2354 cum

554 2434 617 2510 pro
634 2415 778 2486 terrenis
801 2414 941 2486 celestia
966 2415 1231 2508 conquiruntur.
1251 2415 1304 2504 Ea
1319 2420 1459 2510 propter
1482 2421 1603 2486 notum
1627 2411 1776 2484 tacimus
1799 2405 1969 2482 universis

554 2537 689 2633 imperii
708 2537 870 2612 fidelibus
887 2546 958 2610 tam
981 2538 1199 2633 presentibus
1212 2559 1318 2636 quam
1336 2537 1460 2610 tuturis
1479 2535 1577 2631 quod
1593 2557 1658 2609 nos
1677 2535 1899 2608 attendentes
1914 2553 1969 2604 re-

552 2659 711 2756 ligiosam
730 2662 837 2736 vitam
856 2671 891 2734 et
907 2660 1118 2736 laudabilem
1139 2663 1434 2736 conversationem
1452 2661 1661 2736 venerabilis
1677 2661 1818 2734 abbatis
1830 2670 1867 2733 et
1883 2681 1968 2731 oon·

551 2797 679 2858 ventus
704 2787 902 2860 monasterii
929 2786 974 2861 de
1002 2787 1107 2860 domo
1136 2788 1247 2880 Petri,
1281 2788 1437 2862 fidelium
1464 2797 1681 2875 nostromm‚
1712 2785 1967 2858 considerantes

552 2909 675 3004 ingens
696 2909 892 2983 diuinorum
915 2912 1124 3005 obsequium
1141 2912 1237 3006 quod
1258 2913 1294 2986 in
1315 2913 1390 3009 ipso
1408 2911 1615 2986 monasterio
1635 2909 1793 3005 quotidie
1813 2907 1967 2982 celebra·

554 3044 623 3124 tnr,
644 3035 888 3106 monasterium
913 3035 1047 3131 ipsum,
1066 3036 1226 3110 abbatem
1247 3045 1282 3110 et
1300 3045 1508 3109 conventum
1526 3034 1683 3128 ejusdem
1705 3056 1785 3106 cum
1807 3031 1964 3106 omnibus

553 3157 720 3250 ecclesiis,
741 3157 966 3254 obedientiis,
986 3161 1103 3254 terris,
1128 3161 1405 3257 possessionibus
1425 3183 1467 3236 ac
1486 3161 1587 3236 bouis
1606 3161 1769 3234 omnibus
1785 3157 1963 3232 stabilibus

553 3291 588 3354 et
609 3282 797 3355 mobilibus
817 3285 1025 3358 monastario
1047 3285 1205 3381 predicto
1227 3288 1475 3384 spectantibus,
1495 3307 1566 3383 que
1583 3307 1680 3358 nunc
1697 3287 1791 3380 juste
1805 3292 1842 3356 et
1857 3281 1963 3355 ratio-

554 3405 714 3479 nabiliter
742 3407 919 3502 possident
944 3419 979 3481 et
1006 3409 1042 3482 in
1072 3419 1174 3483 antea
1202 3411 1306 3504 justis
1332 3411 1465 3503 modis,
1488 3411 1680 3507 opitulante
1708 3409 1875 3498 Domino,
1901 3427 1961 3502 po-

554 3537 668 3602 terunt
691 3530 854 3627 adipisci,
881 3554 945 3628 pro
969 3535 1122 3608 remedio
1150 3535 1265 3608 anime
1290 3547 1406 3609 nostre
1433 3547 1468 3610 et
1493 3535 1751 3632 progenitorum
1774 3543 1960 3606 nostrorum

555 3652 716 3727 divorum
742 3663 969 3749 augustorum
996 3659 1086 3730 clare
1112 3662 1295 3752 memorie,
1315 3662 1383 3733 sub
1406 3669 1521 3734 nostra
1547 3659 1688 3755 speciali
1707 3657 1917 3754 protectione
1931 3661 1962 3724 et

556 3777 726 3872 imperiali
748 3778 949 3853 defensione
968 3782 1196 3877 suscipimus,
1221 3793 1257 3855 et
1277 3784 1444 3879 imperiali
1463 3783 1670 3856 authoritate
1691 3783 1824 3877 prelato
1848 3799 1959 3852 mona·

556 3901 660 3972 sterio
677 3900 834 3997 predicta
852 3905 968 3976 omnia
990 3905 1137 3978 decerta
1160 3907 1302 3980 scientia
1316 3920 1482 4005 perpetuo
1502 3905 1761 3997 confirmamus,
1781 3911 1961 3978 statuentes

555 4032 591 4098 et
607 4024 777 4122 imperiali
796 4027 909 4102 edicto
924 4026 1066 4102 tirmiter
1086 4031 1280 4106 inhibentes
1296 4044 1334 4104 ut
1350 4033 1395 4106 de
1410 4043 1523 4107 cetero
1537 4033 1633 4105 nulla
1650 4052 1806 4128 unquam
1822 4045 1960 4126 pesona

555 4149 625 4222 alta
651 4150 709 4222 vel
734 4149 895 4241 humilis,
934 4152 1165 4227 ecclesiastica
1200 4155 1256 4229 vel
1283 4158 1463 4250 secularis,
1497 4159 1667 4252 prelatum
1699 4153 1956 4238 monasterium,

555 4273 716 4346 abbatem
738 4283 773 4347 et
792 4288 1002 4349 conventum
1026 4279 1136 4373 ipsius
1163 4287 1280 4353 contra
1301 4280 1407 4372 hujus
1434 4291 1549 4354 nostre
1570 4279 1789 4376 protectionis
1818 4286 1854 4351 et
1879 4295 1958 4348 con·

556 4392 759 4469 firmationis
781 4399 943 4494 paginam
971 4400 1183 4496 inquietare,
1206 4403 1388 4477 molestare
1411 4405 1467 4478 vel
1490 4404 1594 4479 modo
1620 4404 1736 4498 aliquo
1763 4399 1956 4498 perturbare

554 4517 682 4590 audeat
709 4521 765 4592 vel
791 4534 980 4617 presumat.
1008 4525 1227 4621 Quicumque
1249 4538 1363 4601 autem
1386 4528 1453 4601 hoc
1473 4537 1675 4625 attemptare
1697 4521 1951 4624 presumpserit,

554 4638 827 4734 indignationem
854 4657 1005 4722 nostram
1032 4671 1070 4723 se
1089 4652 1225 4725 noverit
1249 4653 1400 4747 graviter
1422 4653 1640 4726 incursurum
1658 4661 1693 4725 et
1707 4672 1771 4751 pro
1793 4669 1882 4746 pena
1901 4661 1956 4717 sue
