<?xml version="1.0" encoding="UTF-8"?>
<!DOCTYPE html PUBLIC "-//W3C//DTD XHTML 1.0 Transitional//EN"
    "http://www.w3.org/TR/xhtml1/DTD/xhtml1-transitional.dtd">
<html xmlns="http://www.w3.org/1999/xhtml" xml:lang="en" lang="en">
 <head>
  <title>
</title>
<meta http-equiv="Content-Type" content="text/html;charset=utf-8" />
  <meta name='ocr-system' content='tesseract 3.04.00' />
  <meta name='ocr-capabilities' content='ocr_page ocr_carea ocr_par ocr_line ocrx_word'/>
</head>
<body>
  <div class='ocr_page' id='page_1' title='image "./historiadiploma08fredgoog_0375.png"; bbox 0 0 4292 5894; ppageno 0'>
   <div class='ocr_carea' id='block_1_1' title="bbox 208 571 1627 656">
    <p class='ocr_par' dir='ltr' id='par_1_1' title="bbox 208 571 1627 656">
     <span class='ocr_line' id='line_1_1' title="bbox 208 571 1627 656; baseline -0.003 -16"><span class='ocrx_word' id='word_1_1' title='bbox 208 577 306 640; x_wconf 72' lang='lat' dir='ltr'>burun</span> <span class='ocrx_word' id='word_1_2' title='bbox 324 573 385 656; x_wconf 71' lang='lat' dir='ltr'>lul</span> <span class='ocrx_word' id='word_1_3' title='bbox 664 572 860 636; x_wconf 78' lang='lat' dir='ltr'>HISTORIA</span> <span class='ocrx_word' id='word_1_4' title='bbox 884 571 1177 636; x_wconf 78' lang='lat' dir='ltr'>Dll’LOhlllTlCA.</span> <span class='ocrx_word' id='word_1_5' title='bbox 1566 572 1627 636; x_wconf 82' lang='lat'>363</span> 
     </span>
    </p>
   </div>
   <div class='ocr_carea' id='block_1_2' title="bbox 191 705 1632 2926">
    <p class='ocr_par' dir='ltr' id='par_1_2' title="bbox 191 705 1632 2926">
     <span class='ocr_line' id='line_1_2' title="bbox 209 705 1626 808; baseline -0.002 -23"><span class='ocrx_word' id='word_1_6' title='bbox 209 722 289 808; x_wconf 81' lang='lat' dir='ltr'>gata</span> <span class='ocrx_word' id='word_1_7' title='bbox 311 711 474 806; x_wconf 89' lang='lat' dir='ltr'>utrinque</span> <span class='ocrx_word' id='word_1_8' title='bbox 491 707 693 784; x_wconf 84' lang='lat' dir='ltr'>audivimus</span> <span class='ocrx_word' id='word_1_9' title='bbox 715 705 910 804; x_wconf 80' lang='lat' dir='ltr'>diligenter,</span> <span class='ocrx_word' id='word_1_10' title='bbox 931 731 1082 806; x_wconf 89' lang='lat' dir='ltr'>cumque</span> <span class='ocrx_word' id='word_1_11' title='bbox 1096 709 1357 807; x_wconf 80' lang='lat' dir='ltr'>prchxisecmus</span> <span class='ocrx_word' id='word_1_12' title='bbox 1377 709 1516 805; x_wconf 90' lang='lat' dir='ltr'>utrique</span> <span class='ocrx_word' id='word_1_13' title='bbox 1537 709 1626 805; x_wconf 89' lang='lat' dir='ltr'>parti</span> 
     </span>
     <span class='ocr_line' id='line_1_3' title="bbox 209 832 1625 931; baseline -0.003 -21"><span class='ocrx_word' id='word_1_14' title='bbox 209 837 396 910; x_wconf 78' lang='lat' dir='ltr'>ternunum</span> <span class='ocrx_word' id='word_1_15' title='bbox 412 833 459 910; x_wconf 90' lang='lat' dir='ltr'>ud</span> <span class='ocrx_word' id='word_1_16' title='bbox 485 832 703 931; x_wconf 90' lang='lat' dir='ltr'>probandum</span> <span class='ocrx_word' id='word_1_17' title='bbox 727 856 797 930; x_wconf 88' lang='lat' dir='ltr'>que</span> <span class='ocrx_word' id='word_1_18' title='bbox 818 844 1069 931; x_wconf 80' lang='lat' dir='ltr'>proposuerant</span> <span class='ocrx_word' id='word_1_19' title='bbox 1090 855 1205 908; x_wconf 89' lang='lat' dir='ltr'>coram</span> <span class='ocrx_word' id='word_1_20' title='bbox 1225 835 1326 909; x_wconf 91' lang='lat' dir='ltr'>nobis</span> <span class='ocrx_word' id='word_1_21' title='bbox 1329 887 1625 908; x_wconf 91' lang='grc'><strong>........</strong></span> 
     </span>
     <span class='ocr_line' id='line_1_4' title="bbox 214 958 1628 1049; baseline 0.001 -17"><span class='ocrx_word' id='word_1_22' title='bbox 214 1013 507 1034; x_wconf 93' lang='grc'><strong>........</strong></span> <span class='ocrx_word' id='word_1_23' title='bbox 527 959 713 1032; x_wconf 90' lang='lat' dir='ltr'>terminum</span> <span class='ocrx_word' id='word_1_24' title='bbox 725 959 783 1031; x_wconf 84' lang='lat' dir='ltr'>vel</span> <span class='ocrx_word' id='word_1_25' title='bbox 796 959 843 1033; x_wconf 90' lang='lat' dir='ltr'>ad</span> <span class='ocrx_word' id='word_1_26' title='bbox 857 959 1078 1034; x_wconf 86' lang='lat' dir='ltr'>diffinitivam</span> <span class='ocrx_word' id='word_1_27' title='bbox 1092 960 1297 1034; x_wconf 87' lang='lat' dir='ltr'>senteutiam</span> <span class='ocrx_word' id='word_1_28' title='bbox 1314 959 1503 1049; x_wconf 88' lang='lat' dir='ltr'>veniretur,</span> <span class='ocrx_word' id='word_1_29' title='bbox 1520 958 1628 1033; x_wconf 88' lang='lat' dir='ltr'>deve·</span> 
     </span>
     <span class='ocr_line' id='line_1_5' title="bbox 210 1080 1630 1178; baseline -0.001 -20"><span class='ocrx_word' id='word_1_30' title='bbox 210 1093 336 1160; x_wconf 90' lang='lat' dir='ltr'>uerunt</span> <span class='ocrx_word' id='word_1_31' title='bbox 364 1085 411 1160; x_wconf 89' lang='lat' dir='ltr'>ud</span> <span class='ocrx_word' id='word_1_32' title='bbox 437 1080 658 1158; x_wconf 87' lang='lat' dir='ltr'>concordiam</span> <span class='ocrx_word' id='word_1_33' title='bbox 685 1083 721 1154; x_wconf 94' lang='lat' dir='ltr'>in</span> <span class='ocrx_word' id='word_1_34' title='bbox 743 1083 838 1155; x_wconf 93' lang='lat' dir='ltr'>hunc</span> <span class='ocrx_word' id='word_1_35' title='bbox 859 1083 1017 1157; x_wconf 88' lang='lat' dir='ltr'>modum.</span> <span class='ocrx_word' id='word_1_36' title='bbox 1048 1084 1261 1158; x_wconf 83' lang='lat' dir='ltr'>Venerabilis</span> <span class='ocrx_word' id='word_1_37' title='bbox 1286 1082 1429 1178; x_wconf 90' lang='lat' dir='ltr'>quidem</span> <span class='ocrx_word' id='word_1_38' title='bbox 1457 1082 1566 1156; x_wconf 90' lang='lat' dir='ltr'>abbas</span> <span class='ocrx_word' id='word_1_39' title='bbox 1594 1092 1630 1158; x_wconf 89' lang='lat' dir='ltr'>ct</span> 
     </span>
     <span class='ocr_line' id='line_1_6' title="bbox 212 1205 1628 1283; baseline -0.002 0"><span class='ocrx_word' id='word_1_40' title='bbox 212 1216 404 1283; x_wconf 85' lang='lat' dir='ltr'>conventus</span> <span class='ocrx_word' id='word_1_41' title='bbox 431 1207 539 1282; x_wconf 86' lang='lat' dir='ltr'>Floris</span> <span class='ocrx_word' id='word_1_42' title='bbox 564 1205 663 1281; x_wconf 80' lang='lat' dir='ltr'>dedit</span> <span class='ocrx_word' id='word_1_43' title='bbox 690 1207 881 1280; x_wconf 86' lang='lat' dir='ltr'>venerabili</span> <span class='ocrx_word' id='word_1_44' title='bbox 914 1206 1182 1281; x_wconf 79' lang='lat' dir='ltr'>archimandrite</span> <span class='ocrx_word' id='word_1_45' title='bbox 1211 1217 1245 1280; x_wconf 89' lang='lat' dir='ltr'>et</span> <span class='ocrx_word' id='word_1_46' title='bbox 1272 1207 1459 1281; x_wconf 90' lang='lat' dir='ltr'>conventui</span> <span class='ocrx_word' id='word_1_47' title='bbox 1486 1228 1528 1279; x_wconf 92' lang='lat' dir='ltr'>ac</span> <span class='ocrx_word' id='word_1_48' title='bbox 1553 1228 1628 1280; x_wconf 88' lang='lat' dir='ltr'>mo·</span> 
     </span>
     <span class='ocr_line' id='line_1_7' title="bbox 211 1331 1630 1429; baseline -0.001 -23"><span class='ocrx_word' id='word_1_49' title='bbox 211 1334 361 1408; x_wconf 88' lang='lat' dir='ltr'>naeterio</span> <span class='ocrx_word' id='word_1_50' title='bbox 389 1331 494 1406; x_wconf 89' lang='lat' dir='ltr'>Patiri</span> <span class='ocrx_word' id='word_1_51' title='bbox 522 1331 559 1404; x_wconf 93' lang='lat' dir='ltr'>in</span> <span class='ocrx_word' id='word_1_52' title='bbox 583 1340 789 1428; x_wconf 88' lang='lat' dir='ltr'>perpetuum</span> <span class='ocrx_word' id='word_1_53' title='bbox 812 1332 920 1405; x_wconf 90' lang='lat' dir='ltr'>libera</span> <span class='ocrx_word' id='word_1_54' title='bbox 947 1353 1078 1429; x_wconf 85' lang='lat' dir='ltr'>pascua</span> <span class='ocrx_word' id='word_1_55' title='bbox 1100 1353 1163 1428; x_wconf 91' lang='lat' dir='ltr'>pro</span> <span class='ocrx_word' id='word_1_56' title='bbox 1185 1332 1397 1427; x_wconf 84' lang='lat' dir='ltr'>quibuslibet</span> <span class='ocrx_word' id='word_1_57' title='bbox 1421 1332 1630 1405; x_wconf 81' lang='lat' dir='ltr'>animalibus</span> 
     </span>
     <span class='ocr_line' id='line_1_8' title="bbox 211 1455 1629 1552; baseline -0.001 -21"><span class='ocrx_word' id='word_1_58' title='bbox 211 1459 286 1534; x_wconf 87' lang='lat' dir='ltr'>suis</span> <span class='ocrx_word' id='word_1_59' title='bbox 309 1466 345 1530; x_wconf 92' lang='lat' dir='ltr'>et</span> <span class='ocrx_word' id='word_1_60' title='bbox 372 1467 549 1552; x_wconf 88' lang='lat' dir='ltr'>pastorum</span> <span class='ocrx_word' id='word_1_61' title='bbox 576 1477 718 1530; x_wconf 91' lang='lat' dir='ltr'>suorum</span> <span class='ocrx_word' id='word_1_62' title='bbox 744 1456 781 1527; x_wconf 94' lang='lat' dir='ltr'>in</span> <span class='ocrx_word' id='word_1_63' title='bbox 801 1456 891 1546; x_wconf 88' lang='lat' dir='ltr'>Sila,</span> <span class='ocrx_word' id='word_1_64' title='bbox 911 1457 948 1528; x_wconf 94' lang='lat' dir='ltr'>iu</span> <span class='ocrx_word' id='word_1_65' title='bbox 968 1456 1155 1530; x_wconf 88' lang='lat' dir='ltr'>tenimento</span> <span class='ocrx_word' id='word_1_66' title='bbox 1174 1455 1270 1552; x_wconf 91' lang='lat' dir='ltr'>quod</span> <span class='ocrx_word' id='word_1_67' title='bbox 1287 1457 1414 1529; x_wconf 90' lang='lat' dir='ltr'>dicitur</span> <span class='ocrx_word' id='word_1_68' title='bbox 1430 1457 1546 1529; x_wconf 87' lang='lat' dir='ltr'>Trium</span> <span class='ocrx_word' id='word_1_69' title='bbox 1565 1457 1629 1546; x_wconf 80' lang='lat' dir='ltr'>Ca-</span> 
     </span>
     <span class='ocr_line' id='line_1_9' title="bbox 212 1567 1629 1680; baseline -0.001 -23"><span class='ocrx_word' id='word_1_70' title='bbox 212 1583 343 1680; x_wconf 90' lang='lat' dir='ltr'>pitum,</span> <span class='ocrx_word' id='word_1_71' title='bbox 363 1582 439 1654; x_wconf 86' lang='lat' dir='ltr'>eine</span> <span class='ocrx_word' id='word_1_72' title='bbox 462 1582 591 1657; x_wconf 85' lang='lat' dir='ltr'>damno</span> <span class='ocrx_word' id='word_1_73' title='bbox 608 1590 642 1653; x_wconf 94' lang='lat' dir='ltr'>et</span> <span class='ocrx_word' id='word_1_74' title='bbox 655 1579 902 1678; x_wconf 87' lang='lat' dir='ltr'>impedimento</span> <span class='ocrx_word' id='word_1_75' title='bbox 918 1581 1074 1674; x_wconf 88' lang='lat' dir='ltr'>ejusdem</span> <span class='ocrx_word' id='word_1_76' title='bbox 1092 1581 1290 1654; x_wconf 89' lang='lat' dir='ltr'>monasterii</span> <span class='ocrx_word' id='word_1_77' title='bbox 1306 1582 1414 1654; x_wconf 89' lang='lat' dir='ltr'>Florie</span> <span class='ocrx_word' id='word_1_78' title='bbox 1431 1567 1629 1655; x_wconf 79' lang='lat' dir='ltr'>stallorum</span> 
     </span>
     <span class='ocr_line' id='line_1_10' title="bbox 213 1699 1631 1805; baseline 0.001 -26"><span class='ocrx_word' id='word_1_79' title='bbox 213 1709 275 1803; x_wconf 89' lang='lat' dir='ltr'>qui</span> <span class='ocrx_word' id='word_1_80' title='bbox 293 1728 356 1804; x_wconf 90' lang='lat' dir='ltr'>pro</span> <span class='ocrx_word' id='word_1_81' title='bbox 369 1705 494 1780; x_wconf 91' lang='lat' dir='ltr'>eodem</span> <span class='ocrx_word' id='word_1_82' title='bbox 511 1705 721 1779; x_wconf 88' lang='lat' dir='ltr'>monasterio</span> <span class='ocrx_word' id='word_1_83' title='bbox 733 1705 963 1779; x_wconf 76' lang='lat' dir='ltr'>laboraverint</span> <span class='ocrx_word' id='word_1_84' title='bbox 973 1707 1010 1780; x_wconf 91' lang='lat' dir='ltr'>in</span> <span class='ocrx_word' id='word_1_85' title='bbox 1025 1699 1213 1780; x_wconf 83' lang='lat' dir='ltr'>tenimento</span> <span class='ocrx_word' id='word_1_86' title='bbox 1226 1707 1315 1805; x_wconf 89' lang='lat' dir='ltr'>ipso,</span> <span class='ocrx_word' id='word_1_87' title='bbox 1328 1706 1425 1803; x_wconf 91' lang='lat' dir='ltr'>quod</span> <span class='ocrx_word' id='word_1_88' title='bbox 1438 1707 1631 1781; x_wconf 86' lang='lat' dir='ltr'>continetur</span> 
     </span>
     <span class='ocr_line' id='line_1_11' title="bbox 217 1829 1630 1929; baseline 0 -23"><span class='ocrx_word' id='word_1_89' title='bbox 217 1833 306 1906; x_wconf 85' lang='lat' dir='ltr'>inira</span> <span class='ocrx_word' id='word_1_90' title='bbox 331 1831 419 1905; x_wconf 89' lang='lat' dir='ltr'>lines</span> <span class='ocrx_word' id='word_1_91' title='bbox 446 1829 625 1904; x_wconf 86' lang='lat' dir='ltr'>tenimenti</span> <span class='ocrx_word' id='word_1_92' title='bbox 652 1831 806 1904; x_wconf 83' lang='lat' dir='ltr'>concessi</span> <span class='ocrx_word' id='word_1_93' title='bbox 830 1831 1037 1906; x_wconf 84' lang='lat' dir='ltr'>monasterio</span> <span class='ocrx_word' id='word_1_94' title='bbox 1059 1831 1167 1906; x_wconf 84' lang='lat' dir='ltr'>Florie</span> <span class='ocrx_word' id='word_1_95' title='bbox 1194 1855 1257 1929; x_wconf 87' lang='lat' dir='ltr'>per</span> <span class='ocrx_word' id='word_1_96' title='bbox 1285 1832 1460 1928; x_wconf 87' lang='lat' dir='ltr'>imperiale</span> <span class='ocrx_word' id='word_1_97' title='bbox 1482 1830 1630 1929; x_wconf 76' lang='lat' dir='ltr'>privile-</span> 
     </span>
     <span class='ocr_line' id='line_1_12' title="bbox 214 1954 1631 2053; baseline 0.002 -23"><span class='ocrx_word' id='word_1_98' title='bbox 214 1958 312 2052; x_wconf 77' lang='lat' dir='ltr'>gium</span> <span class='ocrx_word' id='word_1_99' title='bbox 336 1954 431 2052; x_wconf 90' lang='lat' dir='ltr'>quod</span> <span class='ocrx_word' id='word_1_100' title='bbox 461 1955 498 2029; x_wconf 91' lang='lat' dir='ltr'>iu</span> <span class='ocrx_word' id='word_1_101' title='bbox 528 1963 644 2030; x_wconf 86' lang='lat' dir='ltr'>nostra</span> <span class='ocrx_word' id='word_1_102' title='bbox 672 1955 846 2051; x_wconf 85' lang='lat' dir='ltr'>presentia</span> <span class='ocrx_word' id='word_1_103' title='bbox 868 1956 934 2028; x_wconf 81' lang='lat' dir='ltr'>luit</span> <span class='ocrx_word' id='word_1_104' title='bbox 956 1965 1146 2030; x_wconf 88' lang='lat' dir='ltr'>ostensum.</span> <span class='ocrx_word' id='word_1_105' title='bbox 1176 1955 1282 2051; x_wconf 88' lang='lat' dir='ltr'>Cujus</span> <span class='ocrx_word' id='word_1_106' title='bbox 1306 1956 1427 2053; x_wconf 85' lang='lat' dir='ltr'>utique</span> <span class='ocrx_word' id='word_1_107' title='bbox 1452 1957 1631 2032; x_wconf 89' lang='lat' dir='ltr'>tenimenti</span> 
     </span>
     <span class='ocr_line' id='line_1_13' title="bbox 191 2078 1630 2179; baseline 0.001 -22"><span class='ocrx_word' id='word_1_108' title='bbox 191 2151 194 2157; x_wconf 90' lang='lat'><em>.</em></span> <span class='ocrx_word' id='word_1_109' title='bbox 215 2082 334 2154; x_wconf 85' lang='lat' dir='ltr'>Trium</span> <span class='ocrx_word' id='word_1_110' title='bbox 345 2082 503 2179; x_wconf 90' lang='lat' dir='ltr'>Capitum</span> <span class='ocrx_word' id='word_1_111' title='bbox 517 2088 599 2153; x_wconf 92' lang='lat' dir='ltr'>sunt</span> <span class='ocrx_word' id='word_1_112' title='bbox 612 2079 669 2152; x_wconf 90' lang='lat' dir='ltr'>isti</span> <span class='ocrx_word' id='word_1_113' title='bbox 685 2079 785 2153; x_wconf 87' lang='lat' dir='ltr'>lines.</span> <span class='ocrx_word' id='word_1_114' title='bbox 797 2080 921 2177; x_wconf 90' lang='lat' dir='ltr'>Incipit</span> <span class='ocrx_word' id='word_1_115' title='bbox 935 2102 957 2154; x_wconf 88' lang='lat' dir='ltr'>a</span> <span class='ocrx_word' id='word_1_116' title='bbox 969 2078 1062 2155; x_wconf 85' lang='lat' dir='ltr'>vado</span> <span class='ocrx_word' id='word_1_117' title='bbox 1075 2080 1229 2154; x_wconf 87' lang='lat' dir='ltr'>huminis</span> <span class='ocrx_word' id='word_1_118' title='bbox 1242 2081 1319 2154; x_wconf 88' lang='lat' dir='ltr'>Neti</span> <span class='ocrx_word' id='word_1_119' title='bbox 1330 2081 1427 2176; x_wconf 90' lang='lat' dir='ltr'>quod</span> <span class='ocrx_word' id='word_1_120' title='bbox 1442 2091 1495 2154; x_wconf 92' lang='lat' dir='ltr'>eet</span> <span class='ocrx_word' id='word_1_121' title='bbox 1507 2084 1630 2158; x_wconf 79' lang='lat' dir='ltr'>subtus</span> 
     </span>
     <span class='ocr_line' id='line_1_14' title="bbox 215 2203 1630 2302; baseline 0.001 -22"><span class='ocrx_word' id='word_1_122' title='bbox 215 2207 393 2282; x_wconf 87' lang='lat' dir='ltr'>castellum</span> <span class='ocrx_word' id='word_1_123' title='bbox 423 2207 469 2279; x_wconf 92' lang='lat' dir='ltr'>de</span> <span class='ocrx_word' id='word_1_124' title='bbox 493 2204 627 2278; x_wconf 88' lang='lat' dir='ltr'>Sclavie</span> <span class='ocrx_word' id='word_1_125' title='bbox 652 2213 687 2278; x_wconf 89' lang='lat' dir='ltr'>et</span> <span class='ocrx_word' id='word_1_126' title='bbox 711 2203 810 2278; x_wconf 85' lang='lat' dir='ltr'>vadit</span> <span class='ocrx_word' id='word_1_127' title='bbox 834 2227 897 2301; x_wconf 92' lang='lat' dir='ltr'>per</span> <span class='ocrx_word' id='word_1_128' title='bbox 921 2205 1016 2278; x_wconf 87' lang='lat' dir='ltr'>viam</span> <span class='ocrx_word' id='word_1_129' title='bbox 1040 2206 1216 2302; x_wconf 88' lang='lat' dir='ltr'>publicam</span> <span class='ocrx_word' id='word_1_130' title='bbox 1239 2227 1351 2300; x_wconf 90' lang='lat' dir='ltr'>usquc</span> <span class='ocrx_word' id='word_1_131' title='bbox 1375 2204 1423 2280; x_wconf 87' lang='lat' dir='ltr'>ad</span> <span class='ocrx_word' id='word_1_132' title='bbox 1449 2206 1630 2282; x_wconf 85' lang='lat' dir='ltr'>ecclesiam</span> 
     </span>
     <span class='ocr_line' id='line_1_15' title="bbox 215 2328 1629 2422; baseline 0.001 -18"><span class='ocrx_word' id='word_1_133' title='bbox 215 2331 330 2404; x_wconf 80' lang='lat' dir='ltr'>Sancti</span> <span class='ocrx_word' id='word_1_134' title='bbox 354 2330 484 2404; x_wconf 89' lang='lat' dir='ltr'>Nicolai</span> <span class='ocrx_word' id='word_1_135' title='bbox 502 2328 548 2403; x_wconf 89' lang='lat' dir='ltr'>de</span> <span class='ocrx_word' id='word_1_136' title='bbox 565 2329 680 2422; x_wconf 78' lang='lat' dir='ltr'>Trigia</span> <span class='ocrx_word' id='word_1_137' title='bbox 706 2339 742 2404; x_wconf 87' lang='lat' dir='ltr'>et</span> <span class='ocrx_word' id='word_1_138' title='bbox 762 2329 919 2403; x_wconf 83' lang='lat' dir='ltr'>ascendit</span> <span class='ocrx_word' id='word_1_139' title='bbox 942 2331 979 2402; x_wconf 92' lang='lat' dir='ltr'>in</span> <span class='ocrx_word' id='word_1_140' title='bbox 1004 2329 1174 2404; x_wconf 86' lang='lat' dir='ltr'>directum</span> <span class='ocrx_word' id='word_1_141' title='bbox 1200 2329 1248 2404; x_wconf 88' lang='lat' dir='ltr'>ad</span> <span class='ocrx_word' id='word_1_142' title='bbox 1270 2351 1399 2402; x_wconf 90' lang='lat' dir='ltr'>serram</span> <span class='ocrx_word' id='word_1_143' title='bbox 1422 2330 1539 2403; x_wconf 90' lang='lat' dir='ltr'>Trium</span> <span class='ocrx_word' id='word_1_144' title='bbox 1564 2331 1629 2405; x_wconf 87' lang='lat' dir='ltr'>Ca·</span> 
     </span>
     <span class='ocr_line' id='line_1_16' title="bbox 215 2452 1632 2552; baseline 0.001 -25"><span class='ocrx_word' id='word_1_145' title='bbox 215 2455 328 2552; x_wconf 83' lang='lat' dir='ltr'>pilum</span> <span class='ocrx_word' id='word_1_146' title='bbox 344 2465 380 2528; x_wconf 91' lang='lat' dir='ltr'>et</span> <span class='ocrx_word' id='word_1_147' title='bbox 397 2453 551 2528; x_wconf 85' lang='lat' dir='ltr'>ascendit</span> <span class='ocrx_word' id='word_1_148' title='bbox 563 2454 598 2526; x_wconf 95' lang='lat' dir='ltr'>iu</span> <span class='ocrx_word' id='word_1_149' title='bbox 616 2453 786 2527; x_wconf 89' lang='lat' dir='ltr'>directum</span> <span class='ocrx_word' id='word_1_150' title='bbox 800 2452 846 2526; x_wconf 86' lang='lat' dir='ltr'>ed</span> <span class='ocrx_word' id='word_1_151' title='bbox 860 2475 976 2528; x_wconf 80' lang='lat' dir='ltr'>omum</span> <span class='ocrx_word' id='word_1_152' title='bbox 988 2453 1137 2551; x_wconf 87' lang='lat' dir='ltr'>picatam</span> <span class='ocrx_word' id='word_1_153' title='bbox 1153 2463 1189 2528; x_wconf 87' lang='lat' dir='ltr'>et</span> <span class='ocrx_word' id='word_1_154' title='bbox 1205 2453 1287 2527; x_wconf 89' lang='lat' dir='ltr'>inde</span> <span class='ocrx_word' id='word_1_155' title='bbox 1302 2455 1349 2528; x_wconf 90' lang='lat' dir='ltr'>ud</span> <span class='ocrx_word' id='word_1_156' title='bbox 1362 2454 1492 2528; x_wconf 89' lang='lat' dir='ltr'>llumen</span> <span class='ocrx_word' id='word_1_157' title='bbox 1507 2455 1584 2528; x_wconf 88' lang='lat' dir='ltr'>Neti</span> <span class='ocrx_word' id='word_1_158' title='bbox 1596 2465 1632 2530; x_wconf 87' lang='lat' dir='ltr'>et</span> 
     </span>
     <span class='ocr_line' id='line_1_17' title="bbox 218 2577 1632 2676; baseline 0 -22"><span class='ocrx_word' id='word_1_159' title='bbox 218 2578 375 2654; x_wconf 83' lang='lat' dir='ltr'>escendit</span> <span class='ocrx_word' id='word_1_160' title='bbox 390 2581 519 2653; x_wconf 90' lang='lat' dir='ltr'>llumcn</span> <span class='ocrx_word' id='word_1_161' title='bbox 535 2601 647 2676; x_wconf 89' lang='lat' dir='ltr'>usque</span> <span class='ocrx_word' id='word_1_162' title='bbox 661 2577 705 2652; x_wconf 89' lang='lat' dir='ltr'>ad</span> <span class='ocrx_word' id='word_1_163' title='bbox 720 2579 852 2654; x_wconf 87' lang='lat' dir='ltr'>vadum</span> <span class='ocrx_word' id='word_1_164' title='bbox 867 2580 1060 2674; x_wconf 87' lang='lat' dir='ltr'>predictum</span> <span class='ocrx_word' id='word_1_165' title='bbox 1075 2577 1171 2675; x_wconf 91' lang='lat' dir='ltr'>quod</span> <span class='ocrx_word' id='word_1_166' title='bbox 1184 2588 1236 2653; x_wconf 92' lang='lat' dir='ltr'>est</span> <span class='ocrx_word' id='word_1_167' title='bbox 1253 2580 1375 2653; x_wconf 88' lang='lat' dir='ltr'>subtus</span> <span class='ocrx_word' id='word_1_168' title='bbox 1390 2579 1568 2652; x_wconf 77' lang='lat' dir='ltr'>metellum</span> <span class='ocrx_word' id='word_1_169' title='bbox 1585 2579 1632 2654; x_wconf 88' lang='lat' dir='ltr'>de</span> 
     </span>
     <span class='ocr_line' id='line_1_18' title="bbox 216 2702 1631 2801; baseline 0 -24"><span class='ocrx_word' id='word_1_170' title='bbox 216 2703 350 2779; x_wconf 78' lang='lat' dir='ltr'>Subrio</span> <span class='ocrx_word' id='word_1_171' title='bbox 369 2714 406 2776; x_wconf 90' lang='lat' dir='ltr'>et</span> <span class='ocrx_word' id='word_1_172' title='bbox 421 2703 607 2778; x_wconf 87' lang='lat' dir='ltr'>concludit.</span> <span class='ocrx_word' id='word_1_173' title='bbox 628 2705 694 2777; x_wconf 90' lang='lat' dir='ltr'>Pro</span> <span class='ocrx_word' id='word_1_174' title='bbox 712 2704 842 2798; x_wconf 89' lang='lat' dir='ltr'>quibus</span> <span class='ocrx_word' id='word_1_175' title='bbox 858 2704 996 2799; x_wconf 86' lang='lat' dir='ltr'>pascuis</span> <span class='ocrx_word' id='word_1_176' title='bbox 1011 2703 1188 2801; x_wconf 88' lang='lat' dir='ltr'>predictus</span> <span class='ocrx_word' id='word_1_177' title='bbox 1206 2702 1475 2777; x_wconf 82' lang='lat' dir='ltr'>archimandrita</span> <span class='ocrx_word' id='word_1_178' title='bbox 1490 2714 1526 2777; x_wconf 87' lang='lat' dir='ltr'>et</span> <span class='ocrx_word' id='word_1_179' title='bbox 1540 2725 1631 2777; x_wconf 91' lang='lat' dir='ltr'>oon·</span> 
     </span>
     <span class='ocr_line' id='line_1_19' title="bbox 217 2827 1631 2926; baseline -0.001 -22"><span class='ocrx_word' id='word_1_180' title='bbox 217 2838 344 2905; x_wconf 81' lang='lat' dir='ltr'>uentus</span> <span class='ocrx_word' id='word_1_181' title='bbox 362 2828 466 2902; x_wconf 88' lang='lat' dir='ltr'>Patiri</span> <span class='ocrx_word' id='word_1_182' title='bbox 487 2829 728 2923; x_wconf 83' lang='lat' dir='ltr'>obligaucmnt</span> <span class='ocrx_word' id='word_1_183' title='bbox 748 2849 788 2901; x_wconf 91' lang='lat' dir='ltr'>se</span> <span class='ocrx_word' id='word_1_184' title='bbox 810 2837 845 2902; x_wconf 90' lang='lat' dir='ltr'>et</span> <span class='ocrx_word' id='word_1_185' title='bbox 860 2849 1075 2902; x_wconf 87' lang='lat' dir='ltr'>successores</span> <span class='ocrx_word' id='word_1_186' title='bbox 1092 2851 1175 2902; x_wconf 91' lang='lat' dir='ltr'>euos</span> <span class='ocrx_word' id='word_1_187' title='bbox 1190 2829 1345 2926; x_wconf 90' lang='lat' dir='ltr'>predicto</span> <span class='ocrx_word' id='word_1_188' title='bbox 1364 2827 1482 2902; x_wconf 87' lang='lat' dir='ltr'>abbati</span> <span class='ocrx_word' id='word_1_189' title='bbox 1497 2837 1532 2902; x_wconf 92' lang='lat' dir='ltr'>et</span> <span class='ocrx_word' id='word_1_190' title='bbox 1549 2849 1631 2902; x_wconf 91' lang='lat' dir='ltr'>con·</span> 
     </span>
    </p>
   </div>
   <div class='ocr_carea' id='block_1_3' title="bbox 216 2951 1633 3300">
    <p class='ocr_par' dir='ltr' id='par_1_3' title="bbox 216 2951 1633 3300">
     <span class='ocr_line' id='line_1_20' title="bbox 216 2951 1632 3051; baseline -0.001 -23"><span class='ocrx_word' id='word_1_191' title='bbox 216 2953 338 3028; x_wconf 77' lang='lat' dir='ltr'>ventui</span> <span class='ocrx_word' id='word_1_192' title='bbox 355 2975 397 3027; x_wconf 88' lang='lat' dir='ltr'>ac</span> <span class='ocrx_word' id='word_1_193' title='bbox 417 2955 624 3028; x_wconf 87' lang='lat' dir='ltr'>monasterio</span> <span class='ocrx_word' id='word_1_194' title='bbox 644 2953 752 3027; x_wconf 85' lang='lat' dir='ltr'>Floris</span> <span class='ocrx_word' id='word_1_195' title='bbox 766 2951 914 3027; x_wconf 87' lang='lat' dir='ltr'>reddere</span> <span class='ocrx_word' id='word_1_196' title='bbox 933 2953 1112 3027; x_wconf 87' lang='lat' dir='ltr'>aunuatim</span> <span class='ocrx_word' id='word_1_197' title='bbox 1130 2975 1194 3051; x_wconf 91' lang='lat' dir='ltr'>pro</span> <span class='ocrx_word' id='word_1_198' title='bbox 1216 2976 1322 3028; x_wconf 85' lang='lat' dir='ltr'>censu</span> <span class='ocrx_word' id='word_1_199' title='bbox 1337 2954 1374 3026; x_wconf 94' lang='lat' dir='ltr'>iu</span> <span class='ocrx_word' id='word_1_200' title='bbox 1395 2954 1481 3027; x_wconf 78' lang='lat' dir='ltr'>festo</span> <span class='ocrx_word' id='word_1_201' title='bbox 1502 2953 1632 3027; x_wconf 85' lang='lat' dir='ltr'>Natalis</span> 
     </span>
     <span class='ocr_line' id='line_1_21' title="bbox 216 3077 1632 3175; baseline 0.001 -22"><span class='ocrx_word' id='word_1_202' title='bbox 216 3079 354 3153; x_wconf 86' lang='lat' dir='ltr'>Domini</span> <span class='ocrx_word' id='word_1_203' title='bbox 381 3079 588 3152; x_wconf 89' lang='lat' dir='ltr'>monasterio</span> <span class='ocrx_word' id='word_1_204' title='bbox 610 3100 731 3153; x_wconf 92' lang='lat' dir='ltr'>eorum</span> <span class='ocrx_word' id='word_1_205' title='bbox 755 3080 897 3174; x_wconf 78' lang='lat' dir='ltr'>lagenas</span> <span class='ocrx_word' id='word_1_206' title='bbox 921 3077 1004 3152; x_wconf 93' lang='lat' dir='ltr'>boni</span> <span class='ocrx_word' id='word_1_207' title='bbox 1026 3086 1061 3152; x_wconf 89' lang='lat' dir='ltr'>et</span> <span class='ocrx_word' id='word_1_208' title='bbox 1082 3079 1159 3175; x_wconf 91' lang='lat' dir='ltr'>puri</span> <span class='ocrx_word' id='word_1_209' title='bbox 1178 3080 1245 3153; x_wconf 90' lang='lat' dir='ltr'>olei</span> <span class='ocrx_word' id='word_1_210' title='bbox 1266 3079 1437 3175; x_wconf 89' lang='lat' dir='ltr'>quinque,</span> <span class='ocrx_word' id='word_1_211' title='bbox 1457 3079 1632 3174; x_wconf 82' lang='lat' dir='ltr'>capientes</span> 
     </span>
     <span class='ocr_line' id='line_1_22' title="bbox 217 3202 1633 3300; baseline 0 -22"><span class='ocrx_word' id='word_1_212' title='bbox 217 3205 372 3300; x_wconf 78' lang='lat' dir='ltr'>singulas</span> <span class='ocrx_word' id='word_1_213' title='bbox 390 3203 571 3299; x_wconf 81' lang='lat' dir='ltr'>milaginee</span> <span class='ocrx_word' id='word_1_214' title='bbox 584 3205 684 3278; x_wconf 89' lang='lat' dir='ltr'>binas</span> <span class='ocrx_word' id='word_1_215' title='bbox 698 3205 884 3298; x_wconf 83' lang='lat' dir='ltr'>adjustum</span> <span class='ocrx_word' id='word_1_216' title='bbox 901 3225 1097 3278; x_wconf 87' lang='lat' dir='ltr'>mensuram</span> <span class='ocrx_word' id='word_1_217' title='bbox 1114 3203 1270 3278; x_wconf 81' lang='lat' dir='ltr'>llossani.</span> <span class='ocrx_word' id='word_1_218' title='bbox 1292 3202 1348 3277; x_wconf 86' lang='lat' dir='ltr'>Ad</span> <span class='ocrx_word' id='word_1_219' title='bbox 1362 3203 1534 3298; x_wconf 91' lang='lat' dir='ltr'>judicium</span> <span class='ocrx_word' id='word_1_220' title='bbox 1551 3225 1633 3299; x_wconf 80' lang='lat' dir='ltr'>crgo</span> 
     </span>
    </p>
   </div>
   <div class='ocr_carea' id='block_1_4' title="bbox 217 3327 1638 4797">
    <p class='ocr_par' dir='ltr' id='par_1_4' title="bbox 217 3327 1638 4797">
     <span class='ocr_line' id='line_1_23' title="bbox 217 3327 1635 3424; baseline 0.001 -22"><span class='ocrx_word' id='word_1_221' title='bbox 217 3327 267 3402; x_wconf 91' lang='lat' dir='ltr'>rei</span> <span class='ocrx_word' id='word_1_222' title='bbox 288 3339 384 3424; x_wconf 78' lang='lat' dir='ltr'>geste</span> <span class='ocrx_word' id='word_1_223' title='bbox 412 3329 524 3402; x_wconf 90' lang='lat' dir='ltr'>taliter</span> <span class='ocrx_word' id='word_1_224' title='bbox 552 3351 668 3402; x_wconf 88' lang='lat' dir='ltr'>corum</span> <span class='ocrx_word' id='word_1_225' title='bbox 695 3328 797 3402; x_wconf 91' lang='lat' dir='ltr'>nobis</span> <span class='ocrx_word' id='word_1_226' title='bbox 817 3339 852 3402; x_wconf 91' lang='lat' dir='ltr'>et</span> <span class='ocrx_word' id='word_1_227' title='bbox 874 3329 981 3402; x_wconf 92' lang='lat' dir='ltr'>robur</span> <span class='ocrx_word' id='word_1_228' title='bbox 1005 3337 1172 3424; x_wconf 88' lang='lat' dir='ltr'>perpetuo</span> <span class='ocrx_word' id='word_1_229' title='bbox 1196 3330 1385 3402; x_wconf 86' lang='lat' dir='ltr'>valiturum</span> <span class='ocrx_word' id='word_1_230' title='bbox 1411 3328 1483 3403; x_wconf 92' lang='lat' dir='ltr'>duo</span> <span class='ocrx_word' id='word_1_231' title='bbox 1508 3329 1635 3404; x_wconf 88' lang='lat' dir='ltr'>similia</span> 
     </span>
     <span class='ocr_line' id='line_1_24' title="bbox 217 3451 1634 3549; baseline 0.001 -24"><span class='ocrx_word' id='word_1_232' title='bbox 217 3453 444 3527; x_wconf 85' lang='lat' dir='ltr'>instrumenta</span> <span class='ocrx_word' id='word_1_233' title='bbox 466 3452 542 3526; x_wconf 84' lang='lat' dir='ltr'>fleri</span> <span class='ocrx_word' id='word_1_234' title='bbox 566 3453 711 3526; x_wconf 86' lang='lat' dir='ltr'>lecimus</span> <span class='ocrx_word' id='word_1_235' title='bbox 731 3475 793 3549; x_wconf 88' lang='lat' dir='ltr'>per</span> <span class='ocrx_word' id='word_1_236' title='bbox 815 3475 940 3526; x_wconf 92' lang='lat' dir='ltr'>manus</span> <span class='ocrx_word' id='word_1_237' title='bbox 963 3452 1080 3527; x_wconf 92' lang='lat' dir='ltr'>dilecti</span> <span class='ocrx_word' id='word_1_238' title='bbox 1102 3451 1165 3526; x_wconf 89' lang='lat' dir='ltr'>filii</span> <span class='ocrx_word' id='word_1_239' title='bbox 1195 3451 1366 3527; x_wconf 89' lang='lat' dir='ltr'>Guillelmi</span> <span class='ocrx_word' id='word_1_240' title='bbox 1391 3455 1548 3527; x_wconf 84' lang='lat' dir='ltr'>canonici</span> <span class='ocrx_word' id='word_1_241' title='bbox 1567 3454 1634 3526; x_wconf 86' lang='lat' dir='ltr'>Cu·</span> 
     </span>
     <span class='ocr_line' id='line_1_25' title="bbox 218 3577 1637 3674; baseline 0.003 -26"><span class='ocrx_word' id='word_1_242' title='bbox 218 3577 369 3668; x_wconf 87' lang='lat' dir='ltr'>sentiui,</span> <span class='ocrx_word' id='word_1_243' title='bbox 392 3585 509 3651; x_wconf 89' lang='lat' dir='ltr'>nostra</span> <span class='ocrx_word' id='word_1_244' title='bbox 533 3587 569 3649; x_wconf 89' lang='lat' dir='ltr'>et</span> <span class='ocrx_word' id='word_1_245' title='bbox 592 3597 804 3650; x_wconf 86' lang='lat' dir='ltr'>assessorum</span> <span class='ocrx_word' id='word_1_246' title='bbox 825 3587 1020 3650; x_wconf 87' lang='lat' dir='ltr'>nostrorum</span> <span class='ocrx_word' id='word_1_247' title='bbox 1047 3577 1357 3673; x_wconf 90' lang='lat' dir='ltr'>subscriptionibus</span> <span class='ocrx_word' id='word_1_248' title='bbox 1375 3577 1637 3674; x_wconf 82' lang='lat' dir='ltr'>sigillorumque</span> 
     </span>
     <span class='ocr_line' id='line_1_26' title="bbox 218 3701 1637 3799; baseline 0.004 -27"><span class='ocrx_word' id='word_1_249' title='bbox 218 3701 429 3796; x_wconf 87' lang='lat' dir='ltr'>appensione</span> <span class='ocrx_word' id='word_1_250' title='bbox 450 3701 595 3774; x_wconf 84' lang='lat' dir='ltr'>munite.</span> <span class='ocrx_word' id='word_1_251' title='bbox 612 3703 704 3775; x_wconf 85' lang='lat' dir='ltr'>Sanc</span> <span class='ocrx_word' id='word_1_252' title='bbox 724 3701 770 3775; x_wconf 89' lang='lat' dir='ltr'>ad</span> <span class='ocrx_word' id='word_1_253' title='bbox 784 3702 963 3776; x_wconf 89' lang='lat' dir='ltr'>certiorem</span> <span class='ocrx_word' id='word_1_254' title='bbox 978 3701 1085 3797; x_wconf 89' lang='lat' dir='ltr'>hujus</span> <span class='ocrx_word' id='word_1_255' title='bbox 1102 3703 1359 3799; x_wconf 85' lang='lat' dir='ltr'>compositionis</span> <span class='ocrx_word' id='word_1_256' title='bbox 1372 3702 1583 3777; x_wconf 90' lang='lat' dir='ltr'>evidentiam</span> <span class='ocrx_word' id='word_1_257' title='bbox 1601 3713 1637 3777; x_wconf 87' lang='lat' dir='ltr'>et</span> 
     </span>
     <span class='ocr_line' id='line_1_27' title="bbox 219 3824 1635 3923; baseline 0.003 -25"><span class='ocrx_word' id='word_1_258' title='bbox 219 3834 421 3922; x_wconf 86' lang='lat' dir='ltr'>perpetuum</span> <span class='ocrx_word' id='word_1_259' title='bbox 443 3826 595 3922; x_wconf 85' lang='lat' dir='ltr'>partium</span> <span class='ocrx_word' id='word_1_260' title='bbox 620 3824 815 3900; x_wconf 86' lang='lat' dir='ltr'>firmitatem</span> <span class='ocrx_word' id='word_1_261' title='bbox 834 3826 964 3923; x_wconf 89' lang='lat' dir='ltr'>placuit</span> <span class='ocrx_word' id='word_1_262' title='bbox 984 3835 1020 3900; x_wconf 90' lang='lat' dir='ltr'>et</span> <span class='ocrx_word' id='word_1_263' title='bbox 1036 3826 1082 3899; x_wconf 93' lang='lat' dir='ltr'>de</span> <span class='ocrx_word' id='word_1_264' title='bbox 1098 3827 1243 3901; x_wconf 90' lang='lat' dir='ltr'>consilio</span> <span class='ocrx_word' id='word_1_265' title='bbox 1259 3828 1325 3900; x_wconf 87' lang='lat' dir='ltr'>luit</span> <span class='ocrx_word' id='word_1_266' title='bbox 1344 3835 1385 3900; x_wconf 91' lang='lat' dir='ltr'>ut</span> <span class='ocrx_word' id='word_1_267' title='bbox 1409 3828 1635 3902; x_wconf 89' lang='lat' dir='ltr'>instrumento</span> 
     </span>
     <span class='ocr_line' id='line_1_28' title="bbox 218 3949 1637 4046; baseline 0.003 -24"><span class='ocrx_word' id='word_1_268' title='bbox 218 3949 393 4046; x_wconf 77' lang='lat' dir='ltr'>assignato</span> <span class='ocrx_word' id='word_1_269' title='bbox 418 3949 685 4024; x_wconf 86' lang='lat' dir='ltr'>archimandrite</span> <span class='ocrx_word' id='word_1_270' title='bbox 701 3950 804 4025; x_wconf 85' lang='lat' dir='ltr'>Patin’</span> <span class='ocrx_word' id='word_1_271' title='bbox 820 3949 1076 4024; x_wconf 86' lang='lat' dir='ltr'>subscriberent</span> <span class='ocrx_word' id='word_1_272' title='bbox 1097 3951 1206 4025; x_wconf 86' lang='lat' dir='ltr'>abbas</span> <span class='ocrx_word' id='word_1_273' title='bbox 1219 3961 1254 4024; x_wconf 86' lang='lat' dir='ltr'>ct</span> <span class='ocrx_word' id='word_1_274' title='bbox 1270 3951 1456 4026; x_wconf 90' lang='lat' dir='ltr'>duodecim</span> <span class='ocrx_word' id='word_1_275' title='bbox 1477 3951 1637 4026; x_wconf 90' lang='lat' dir='ltr'>monachi</span> 
     </span>
     <span class='ocr_line' id='line_1_29' title="bbox 218 4074 1637 4172; baseline 0.002 -26"><span class='ocrx_word' id='word_1_276' title='bbox 218 4074 327 4147; x_wconf 76' lang='lat' dir='ltr'>Pluris</span> <span class='ocrx_word' id='word_1_277' title='bbox 352 4097 432 4147; x_wconf 91' lang='lat' dir='ltr'>cum</span> <span class='ocrx_word' id='word_1_278' title='bbox 455 4074 668 4172; x_wconf 87' lang='lat' dir='ltr'>appensione</span> <span class='ocrx_word' id='word_1_279' title='bbox 693 4075 797 4171; x_wconf 81' lang='lat' dir='ltr'>sigilli</span> <span class='ocrx_word' id='word_1_280' title='bbox 821 4076 898 4170; x_wconf 89' lang='lat' dir='ltr'>sui,</span> <span class='ocrx_word' id='word_1_281' title='bbox 926 4085 961 4150; x_wconf 92' lang='lat' dir='ltr'>et</span> <span class='ocrx_word' id='word_1_282' title='bbox 984 4077 1211 4150; x_wconf 91' lang='lat' dir='ltr'>instrumento</span> <span class='ocrx_word' id='word_1_283' title='bbox 1231 4076 1405 4172; x_wconf 80' lang='lat' dir='ltr'>assignato</span> <span class='ocrx_word' id='word_1_284' title='bbox 1430 4075 1637 4149; x_wconf 87' lang='lat' dir='ltr'>monasterio</span> 
     </span>
     <span class='ocr_line' id='line_1_30' title="bbox 217 4197 1635 4298; baseline 0.004 -29"><span class='ocrx_word' id='word_1_285' title='bbox 217 4197 326 4273; x_wconf 79' lang='lat' dir='ltr'>Floris</span> <span class='ocrx_word' id='word_1_286' title='bbox 351 4199 605 4274; x_wconf 85' lang='lat' dir='ltr'>subscriberent</span> <span class='ocrx_word' id='word_1_287' title='bbox 621 4199 889 4275; x_wconf 86' lang='lat' dir='ltr'>archimandrita</span> <span class='ocrx_word' id='word_1_288' title='bbox 911 4210 947 4274; x_wconf 86' lang='lat' dir='ltr'>et</span> <span class='ocrx_word' id='word_1_289' title='bbox 972 4200 1158 4275; x_wconf 89' lang='lat' dir='ltr'>duodecim</span> <span class='ocrx_word' id='word_1_290' title='bbox 1175 4201 1335 4276; x_wconf 88' lang='lat' dir='ltr'>monachi</span> <span class='ocrx_word' id='word_1_291' title='bbox 1352 4197 1455 4274; x_wconf 84' lang='lat' dir='ltr'>Patir&#39;i</span> <span class='ocrx_word' id='word_1_292' title='bbox 1473 4222 1554 4273; x_wconf 91' lang='lat' dir='ltr'>cum</span> <span class='ocrx_word' id='word_1_293' title='bbox 1571 4222 1635 4298; x_wconf 87' lang='lat' dir='ltr'>ap·</span> 
     </span>
     <span class='ocr_line' id='line_1_31' title="bbox 219 4321 1633 4422; baseline 0.003 -30"><span class='ocrx_word' id='word_1_294' title='bbox 219 4321 385 4416; x_wconf 84' lang='lat' dir='ltr'>pensione</span> <span class='ocrx_word' id='word_1_295' title='bbox 401 4323 507 4418; x_wconf 77' lang='lat' dir='ltr'>sigilli</span> <span class='ocrx_word' id='word_1_296' title='bbox 529 4324 607 4408; x_wconf 89' lang='lat' dir='ltr'>sui,</span> <span class='ocrx_word' id='word_1_297' title='bbox 632 4344 742 4414; x_wconf 87' lang='lat' dir='ltr'>anuo,</span> <span class='ocrx_word' id='word_1_298' title='bbox 761 4343 880 4397; x_wconf 88' lang='lat' dir='ltr'>mense</span> <span class='ocrx_word' id='word_1_299' title='bbox 901 4333 936 4398; x_wconf 89' lang='lat' dir='ltr'>ct</span> <span class='ocrx_word' id='word_1_300' title='bbox 960 4323 1149 4398; x_wconf 92' lang='lat' dir='ltr'>indictione</span> <span class='ocrx_word' id='word_1_301' title='bbox 1166 4324 1355 4422; x_wconf 88' lang='lat' dir='ltr'>premissis.</span> <span class='ocrx_word' id='word_1_302' title='bbox 1375 4365 1427 4378; x_wconf 93' lang='lat'>-</span> <span class='ocrx_word' id='word_1_303' title='bbox 1441 4325 1552 4398; x_wconf 85' lang='lat' dir='ltr'>Lucas</span> <span class='ocrx_word' id='word_1_304' title='bbox 1569 4323 1633 4398; x_wconf 86' lang='lat' dir='ltr'>Dei</span> 
     </span>
     <span class='ocr_line' id='line_1_32' title="bbox 218 4446 1636 4548; baseline 0.004 -30"><span class='ocrx_word' id='word_1_305' title='bbox 218 4446 331 4541; x_wconf 75' lang='lat' dir='ltr'>gratia</span> <span class='ocrx_word' id='word_1_306' title='bbox 351 4446 564 4538; x_wconf 86' lang='lat' dir='ltr'>Cuseutinus</span> <span class='ocrx_word' id='word_1_307' title='bbox 576 4449 856 4546; x_wconf 89' lang='lat' dir='ltr'>archiepiscopus</span> <span class='ocrx_word' id='word_1_308' title='bbox 870 4450 1072 4548; x_wconf 85' lang='lat' dir='ltr'>subscripsi.</span> <span class='ocrx_word' id='word_1_309' title='bbox 1088 4490 1139 4504; x_wconf 93' lang='lat'><em>-</em></span> <span class='ocrx_word' id='word_1_310' title='bbox 1156 4449 1324 4524; x_wconf 87' lang='lat' dir='ltr'>Terrisius</span> <span class='ocrx_word' id='word_1_311' title='bbox 1342 4448 1405 4522; x_wconf 88' lang='lat' dir='ltr'>Dei</span> <span class='ocrx_word' id='word_1_312' title='bbox 1424 4448 1534 4544; x_wconf 79' lang='lat' dir='ltr'>gratia</span> <span class='ocrx_word' id='word_1_313' title='bbox 1554 4450 1636 4524; x_wconf 85' lang='lat' dir='ltr'>Cas·</span> 
     </span>
     <span class='ocr_line' id='line_1_33' title="bbox 220 4573 1638 4671; baseline 0.003 -27"><span class='ocrx_word' id='word_1_314' title='bbox 220 4573 380 4645; x_wconf 82' lang='lat' dir='ltr'>senensis</span> <span class='ocrx_word' id='word_1_315' title='bbox 392 4574 576 4671; x_wconf 88' lang='lat' dir='ltr'>episcopus</span> <span class='ocrx_word' id='word_1_316' title='bbox 588 4575 930 4671; x_wconf 76' lang='lat' dir='ltr'>subscripsi-Ego</span> <span class='ocrx_word' id='word_1_317' title='bbox 943 4575 1089 4650; x_wconf 86' lang='lat' dir='ltr'>Michael</span> <span class='ocrx_word' id='word_1_318' title='bbox 1105 4574 1311 4648; x_wconf 89' lang='lat' dir='ltr'>Cusentinue</span> <span class='ocrx_word' id='word_1_319' title='bbox 1328 4574 1494 4648; x_wconf 85' lang='lat' dir='ltr'>decanus.</span> <span class='ocrx_word' id='word_1_320' title='bbox 1509 4611 1552 4628; x_wconf 89' lang='lat'><em>-</em></span> <span class='ocrx_word' id='word_1_321' title='bbox 1564 4574 1638 4671; x_wconf 78' lang='lat' dir='ltr'>Ego</span> 
     </span>
     <span class='ocr_line' id='line_1_34' title="bbox 219 4695 1637 4797; baseline 0.005 -29"><span class='ocrx_word' id='word_1_322' title='bbox 219 4695 393 4772; x_wconf 83' lang='lat' dir='ltr'>Iohannes</span> <span class='ocrx_word' id='word_1_323' title='bbox 410 4697 456 4773; x_wconf 92' lang='lat' dir='ltr'>de</span> <span class='ocrx_word' id='word_1_324' title='bbox 476 4697 592 4774; x_wconf 81' lang='lat' dir='ltr'>Thetis</span> <span class='ocrx_word' id='word_1_325' title='bbox 614 4699 822 4774; x_wconf 85' lang='lat' dir='ltr'>Cueentinus</span> <span class='ocrx_word' id='word_1_326' title='bbox 840 4700 1117 4776; x_wconf 87' lang='lat' dir='ltr'>archidiaconus.</span> <span class='ocrx_word' id='word_1_327' title='bbox 1132 4741 1183 4756; x_wconf 90' lang='lat'>-</span> <span class='ocrx_word' id='word_1_328' title='bbox 1196 4701 1270 4797; x_wconf 78' lang='lat' dir='ltr'>ligo</span> <span class='ocrx_word' id='word_1_329' title='bbox 1292 4697 1495 4774; x_wconf 87' lang='lat' dir='ltr'>Guillelmue</span> <span class='ocrx_word' id='word_1_330' title='bbox 1516 4697 1637 4775; x_wconf 78' lang='lat' dir='ltr'>uasa·</span> 
     </span>
    </p>
   </div>
   <div class='ocr_carea' id='block_1_5' title="bbox 0 0 2165 5892">
    <p class='ocr_par' dir='ltr' id='par_1_5' title="bbox 0 0 2165 5892">
     <span class='ocr_line' id='line_1_35' title="bbox 0 0 2165 5892; baseline 0 0"><span class='ocrx_word' id='word_1_331' title='bbox 0 0 2165 5892; x_wconf 95' lang='lat' dir='ltr'> </span> 
     </span>
    </p>
   </div>
  </div>
 </body>
</html>
