4436 5870
304 460 463 537 rurus]
507 413 512 426 ⁸
761 457 956 520 nrsrcnnr
981 453 1271 518 nrrncuarrcn
1679 452 1719 514 aa

355 595 538 685 Honorius,
555 603 639 684 etc,
659 594 817 668 Conrado
831 593 1009 668 scolastico
1021 591 1224 686 Magantino
1244 612 1285 662 ac
1306 587 1544 686 penitentiario
1559 596 1713 679 suo,eto.

307 717 519 792 Venerabilis
542 720 645 790 irater
667 726 812 790 noster.
844 771 854 788 .
885 715 1121 790 .Albanensis
1145 715 1328 810 episcopus
1351 711 1537 808 apostolice
1552 710 1646 784 sedis
1663 712 1719 784 le-

307 853 409 938 gatus
421 864 485 916 nec
503 864 572 915 non
591 842 708 915 dilecti
729 840 790 912 lilii
811 842 994 914 universus
1012 838 1186 914 exercitus
1200 837 1407 911 christianus
1422 834 1609 908 existentes
1625 834 1720 931 apud

306 969 498 1042 Damiatam
517 967 553 1038 in
568 966 708 1039 seruitio
723 967 803 1038 lesu
821 965 943 1038 Christi
962 965 1034 1038 suis
1052 963 1154 1037 nobis
1172 960 1309 1034 nunciis
1325 971 1360 1034 et
1384 959 1503 1032 litteris
1519 958 1721 1032 intimarunt

307 1089 403 1185 quod
426 1112 521 1162 nunc
543 1089 663 1182 majori
687 1097 723 1160 et
743 1087 920 1160 maturiori
944 1109 1112 1160 succursu
1133 1108 1238 1180 quam
1259 1106 1438 1179 nunquam
1461 1082 1650 1178 indiguerit
1668 1083 1721 1155 in·

309 1212 405 1307 diget
424 1215 527 1286 Terra
544 1215 681 1304 Sancta,
701 1234 781 1284 cum
794 1212 913 1284 multis
927 1210 973 1283 de
989 1211 1144 1307 partibus
1161 1209 1229 1282 illis
1240 1208 1388 1282 reversis
1400 1206 1447 1282 ad
1464 1209 1600 1304 propria
1615 1207 1721 1280 chris-

308 1336 424 1409 tianus
442 1338 616 1409 exercitus
638 1336 684 1408 sit
707 1335 852 1407 nimium
877 1337 1083 1426 rarefactum
1100 1335 1148 1406 ita
1170 1333 1266 1429 quod
1289 1332 1354 1405 nisi
1379 1331 1479 1404 novis
1501 1333 1722 1405 bellatoribus

309 1460 464 1534 celeriter
484 1453 710 1546 instauretur,
731 1482 800 1533 non
822 1461 935 1534 sulum
952 1469 1078 1532 terram
1094 1459 1351 1531 sarracinorum
1368 1456 1511 1551 aggredi
1527 1478 1595 1530 non
1610 1457 1722 1530 aude-

308 1583 418 1674 bunt,
444 1605 567 1656 verum
590 1583 693 1657 etiam
716 1583 780 1655 vix
804 1593 965 1679 poterunt
981 1593 1080 1680 parta
1101 1583 1203 1656 tueri.
1231 1582 1323 1667 Quin
1345 1581 1449 1654 etiam
1468 1581 1591 1654 timent
1615 1605 1660 1656 ne
1685 1584 1721 1656 iu

310 1706 471 1780 manibus
493 1707 642 1780 bostium
661 1707 916 1802 relinquantur,
942 1708 978 1779 in
1002 1706 1245 1784 universorum
1267 1705 1391 1780 Christi
1417 1704 1571 1780 fidelium
1587 1728 1720 1804 oppro-

309 1831 422 1904 bn'um
440 1831 687 1926 sempiternum
706 1840 741 1904 et
762 1831 797 1903 in
816 1830 1045 1926 perditionem
1065 1840 1267 1926 perpetuam
1290 1830 1425 1904 modice
1445 1840 1534 1904 terre
1552 1841 1719 1906 transma-

308 1955 385 2028 rine
396 1976 467 2050 quc
484 1955 600 2029 adhuc
615 1976 636 2027 a
651 1954 773 2027 Christi
791 1954 953 2028 fidelibus
965 1954 1139 2028 obtinetur
1142 2008 1716 2032 ...............

309 2202 364 2275 Ad
378 2203 445 2274 hec
462 2210 501 2273 ut
518 2202 631 2275 leteris
645 2203 824 2275 nobiscum
844 2212 879 2275 et
891 2203 977 2276 alios
996 2202 1137 2276 letificas
1154 2201 1353 2295 audientes,
1372 2205 1509 2276 noveris
1522 2205 1619 2300 qnod
1641 2209 1721 2283 cha·

309 2326 466 2400 rissimus
484 2327 520 2398 in
535 2325 667 2399 Christo
684 2325 777 2400 filius
794 2335 910 2399 noster
925 2325 1118 2398 Fridericus
1132 2327 1361 2399 Romanorum
1380 2327 1564 2422 imperator
1581 2330 1721 2406 illustris

309 2460 345 2526 et
360 2473 424 2524 rex
442 2450 557 2524 Sicilie
576 2470 687 2545 nuper
704 2451 740 2521 in
758 2449 931 2524 dominica
950 2471 1020 2545 que
1038 2449 1192 2544 precedit
1211 2450 1419 2524 dominicam
1437 2450 1482 2524 de
1498 2451 1659 2526 Adventu
1685 2457 1719 2529 in

309 2575 404 2649 omni
425 2595 510 2670 pecc
538 2593 579 2645 ac
608 2573 851 2668 tranquillitate
874 2572 1067 2667 suscipiens
1088 2570 1133 2645 de
1157 2572 1318 2644 manibus
1340 2573 1465 2646 nostris
1488 2575 1619 2670 imperii
1646 2577 1721 2652 dia·

312 2699 412 2774 dama
427 2698 465 2770 in
481 2697 576 2770 omni
592 2697 776 2772 devotione
787 2697 898 2768 affixit
911 2697 984 2768 suis
998 2696 1152 2769 humeris
1168 2696 1307 2792 publice
1323 2698 1462 2792 siguum
1476 2700 1600 2792 crucis,
1620 2721 1721 2796 pres-

312 2822 373 2895 tito
394 2843 441 2894 ex
463 2822 584 2894 intimo
612 2823 738 2895 mentis
761 2823 894 2894 fervore
919 2821 1140 2917 corporaliter
1158 2823 1354 2915 juramento
1379 2821 1475 2917 quod
1501 2824 1537 2895 in
1562 2827 1721 2920 proximo

312 2947 418 3018 futuri
437 2947 566 3019 mensis
584 2945 724 3040 augusti
741 2945 901 3041 passagio
918 2945 1150 3018 transfretabit
1164 2955 1304 3018 auctore
1316 2946 1463 3020 Domino
1477 2947 1513 3018 in
1528 2948 1721 3024 subsidium

311 3071 413 3144 Terre
430 3073 565 3144 Sancte.
588 3071 802 3144 Venerabilis
819 3092 960 3165 quoque
978 3072 1080 3142 irater
1097 3078 1257 3143 noster...
1276 3070 1438 3144 Metensis
1458 3071 1642 3168 episeopus
1658 3074 1722 3148 im-

312 3195 450 3292 perialis
470 3197 549 3268 aule
565 3196 791 3268 cancellarius
812 3204 847 3268 et
864 3195 980 3269 dilecti
996 3195 1057 3266 tilii
1078 3195 1211 3268 nobiles
1228 3195 1320 3268 viri.
1351 3249 1361 3268 .
1392 3249 1402 3269 .
1423 3193 1500 3269 dux
1516 3197 1662 3272 Bavarie
1681 3221 1722 3272 ac

312 3319 500 3390 Warnerus
517 3318 562 3391 de
574 3317 754 3392 Bollandia
771 3317 906 3413 dapifer
923 3339 1057 3391 necnon
1071 3319 1129 3392 elii
1148 3317 1380 3408 marchiones,
1400 3320 1555 3412 comites,
1575 3321 1722 3398 barones

312 3439 358 3514 de
375 3440 566 3515 Theutonia
584 3450 618 3514 et
636 3440 763 3537 Apulia
785 3442 901 3536 plures
917 3463 1022 3536 quarn
1046 3441 1291 3537 quadringenti
1311 3453 1347 3516 et
1366 3465 1446 3516 cnm
1470 3443 1522 3516 eis
1541 3466 1725 3520 numerosa

311 3566 460 3638 militum
476 3575 511 3638 et
527 3565 683 3662 peditum
698 3564 897 3656 multitudo,
912 3573 1050 3662 recepto
1060 3567 1174 3660 palam
1184 3567 1298 3640 crucis
1310 3568 1501 3662 signaculo,
1515 3569 1551 3640 in
1566 3571 1724 3664 proximo

313 3689 473 3786 passagio
490 3690 603 3762 martii
619 3711 657 3762 se
671 3690 929 3762 tranfretatnros
948 3691 984 3760 iu
1004 3689 1157 3784 predicte
1173 3699 1262 3764 terre
1277 3691 1473 3764 subsidium
1492 3693 1721 3786 devoverunt,

314 3822 451 3908 propter
471 3812 567 3907 quod
587 3813 728 3908 expedit
744 3823 784 3885 ut
798 3812 1026 3905 crucesignati
1039 3823 1074 3886 et
1091 3814 1356 3907 crucesignandi
1376 3815 1422 3889 ad
1437 3818 1724 3892 transfretandum

313 3936 389 4010 sinc
411 3936 506 4010 omni
526 3957 622 4009 mora
645 3936 820 4024 lestincnt,
844 3945 1016 4032 quatenus
1039 3936 1243 4010 coadunatis
1263 3938 1399 4011 viribus
1422 3939 1646 4035 procedentes
1674 3942 1723 4013 ia·

314 4061 432 4143 uilius,
455 4069 493 4132 ut
518 4081 714 4156 speramm,
735 4070 874 4134 auctore
891 4061 1037 4134 Domino
1054 4061 1212 4135 inimicos
1230 4063 1378 4135 nominis
1394 4063 1568 4136 christiani
1585 4066 1723 4140 valeant

314 4185 507 4280 profligare.

362 4311 488 4382 Datum
499 4309 667 4400 lateram,
687 4311 717 4380 V
736 4310 902 4386 kalendas
915 4310 1121 4402 decembris,
1140 4309 1358 4407 pontificatus
1372 4312 1478 4384 nostri
1495 4333 1587 4386 anno
1604 4315 1647 4386 V.
