4368 5876
520 561 562 624 90
1026 559 1236 621 intonaret
1262 557 1436 620 sltcttltnt
1746 557 1825 642 [dnn.
1844 557 1928 620 lano.

524 695 705 794 primenda
732 721 740 768 ι
766 693 929 768 videlicet
951 694 1119 789 hospitale
1138 695 1253 768 Sancti
1271 697 1399 767 Tbome
1426 691 1522 788 quod
1549 701 1601 766 est
1625 692 1661 764 in
1690 691 1779 788 pede
1808 693 1931 765 montis

523 821 634 917 ipsius
649 819 843 893 monasterii
862 828 898 891 et
913 819 1026 892 casale
1040 819 1237 892 Fontanella
1252 817 1348 912 quod
1359 816 1517 909 ejusdem
1534 815 1729 889 monasterii
1745 824 1810 904 est,
1827 817 1929 890 sitnm

524 946 611 1019 inter
638 944 769 1018 dictum
805 943 973 1038 hospitale
999 951 1034 1014 et
1064 950 1214 1014 castrum
1234 941 1450 1026 Submontis,
1472 939 1651 1014 eocloeiam
1674 940 1789 1013 Sancti
1814 941 1930 1014 lacobi

524 1069 569 1143 do
582 1071 796 1156 Benevento,
817 1068 996 1141 ecclesiam
1015 1067 1129 1140 Sancti
1145 1066 1286 1139 loannis
1307 1066 1352 1139 de
1367 1063 1518 1160 Aquaria
1534 1074 1569 1138 et
1585 1064 1698 1138 casale
1717 1063 1763 1139 dc
1781 1063 1931 1159 Aquaria

521 1195 677 1287 ejusdem
697 1195 840 1267 ecclesie
867 1193 902 1264 in
922 1192 1091 1266 territorio
1113 1192 1205 1283 Vici,
1232 1190 1411 1265 ecclesiam
1437 1191 1552 1263 Sancti
1571 1189 1659 1261 Petri
1680 1188 1725 1262 de
1747 1190 1932 1263 llossetano

521 1318 559 1391 in
587 1318 753 1391 territorio
775 1319 885 1390 llocoo
907 1319 1031 1390 Sancte
1054 1315 1205 1410 Agathe,
1231 1315 1409 1386 ecclesiam
1434 1313 1549 1386 Sancti
1578 1312 1668 1385 Petri
1696 1312 1741 1385 de
1764 1314 1870 1386 Plano
1897 1315 1932 1386 in

522 1441 690 1514 territorio
705 1439 836 1530 Asculi,
853 1439 1084 1513 obedientiam
1101 1448 1136 1511 et
1152 1437 1322 1534 hospitale
1336 1440 1463 1534 Troye,
1485 1437 1664 1510 ecclesiam
1682 1437 1806 1512 Sancte
1825 1439 1931 1511 llario

521 1565 567 1639 de
587 1565 687 1639 Oliva
709 1565 745 1636 in
774 1565 940 1638 territorio
962 1563 1102 1654 Tulbio,
1125 1563 1294 1657 quasdam
1320 1562 1481 1634 ecclesias
1505 1571 1540 1634 et
1561 1561 1700 1656 triginta
1719 1571 1850 1636 casatm
1869 1563 1930 1636 bo·

520 1691 653 1762 minum
673 1690 710 1760 in
726 1699 845 1762 sancto
859 1689 989 1762 Clerico
1008 1687 1053 1761 de
1067 1688 1249 1779 Tricarico,
1266 1687 1445 1760 ecclesiam
1463 1687 1580 1760 Sancti
1596 1686 1754 1764 Honulrii
1767 1696 1803 1759 et
1821 1689 1930 1762 casale

520 1816 565 1889 de
579 1817 690 1887 lllassa
710 1814 864 1909 ejusdem
880 1813 1039 1903 ecclesie,
1056 1812 1290 1885 obedientiam
1308 1823 1341 1884 et
1360 1811 1528 1906 hospitale
1544 1811 1679 1898 Heboli,
1699 1811 1927 1886 obedientiam

521 1942 557 2013 in
574 1941 678 2012 casali
695 1939 810 2012 Sancti
823 1937 975 2011 Marzani
988 1947 1023 2008 et
1037 1937 1206 2032 hospitale
1223 1958 1414 2033 paupemm
1431 1935 1476 2008 de
1492 1935 1641 2024 Nocera,
1657 1945 1693 2008 et
1711 1934 1927 2010 donationem

520 2074 625 2160 atque
647 2064 900 2138 concessionem
922 2072 1073 2136 nostram
1092 2062 1138 2135 ds
1162 2085 1253 2157 aqua
1273 2061 1387 2134 Sancti
1406 2061 1517 2134 lllanri
1537 2061 1574 2134 in
1591 2061 1723 2135 Nocera
1740 2060 1929 2135 derivando

522 2212 597 2264 eam
621 2190 667 2263 ad
686 2190 867 2262 utilitatem
891 2187 974 2262 dicti
995 2187 1192 2260 monasterii
1210 2197 1245 2260 et
1272 2186 1317 2260 de
1334 2206 1427 2259 novo
1452 2185 1582 2258 ibidem
1599 2184 1798 2260 molendina
1817 2195 1852 2260 et
1876 2187 1893 2258 l
1913 2225 1930 2242 -

521 2315 610 2389 saria
629 2314 843 2388 concedendi
859 2313 929 2412 (a),
946 2314 1124 2388 ecclesium
1144 2312 1258 2385 Sancti
1285 2311 1402 2384 lacobi
1428 2311 1465 2382 in
1485 2311 1655 2384 territorio
1675 2311 1800 2402 lauri,
1824 2313 1931 2385 eccle·

520 2441 606 2512 siam
629 2443 751 2513 Sancte
771 2441 879 2514 Marie
896 2440 941 2513 de
961 2441 1080 2513 Plesco
1099 2449 1134 2511 et
1148 2439 1260 2510 casale
1276 2437 1534 2510 Casemarciane
1554 2437 1710 2530 ejusdem
1727 2437 1870 2510 ecclesie
1894 2437 1929 2508 iu

520 2566 688 2640 territorio
709 2565 838 2654 Cicals,
860 2565 1040 2638 ecclesiam
1057 2565 1180 2636 Sancte
1197 2561 1304 2635 Mario
1325 2562 1452 2656 regalis
1474 2562 1509 2633 iu
1525 2561 1749 2656 Magdalono,
1771 2571 1807 2634 et
1822 2562 1929 2635 dona·

520 2691 648 2763 tionem
672 2699 776 2784 atque
796 2689 1052 2762 concessionem
1077 2697 1227 2760 nostram
1251 2685 1297 2759 dc
1322 2687 1446 2759 foresta
1469 2686 1576 2758 nostri
1601 2686 1752 2759 demanii
1774 2687 1810 2757 in
1835 2685 1930 2759 terri·

519 2817 606 2888 torio
627 2815 782 2908 ejusdem
806 2826 894 2888 terre
911 2824 946 2887 et
965 2823 1042 2888 octo
1058 2823 1192 2886 casatas
1205 2811 1414 2885 villanorum
1434 2811 1471 2882 in
1496 2809 1619 2883 eadem
1637 2820 1744 2901 terra,
1765 2811 1930 2884 obedien·

519 2941 602 3012 tiam
620 2940 655 3010 in
674 2940 777 3011 casali
798 2939 917 3011 Baiani
938 2937 983 3012 do
1001 2937 1142 3029 duella,
1162 2937 1340 3010 ecclesiam
1363 2936 1477 3008 Sancti
1502 2935 1667 3009 lobannis
1688 2935 1734 3008 do
1750 2933 1927 3031 Argentio,

519 3065 699 3138 ecclesiam
731 3065 854 3136 Sancte
878 3063 997 3136 Crucis
1022 3063 1058 3135 in
1086 3062 1255 3134 territorio
1276 3061 1409 3151 Palma,
1431 3060 1660 3133 obedientiam
1686 3059 1930 3153 Cnsecngnane

520 3190 555 3263 in
579 3188 748 3261 territorio
773 3187 920 3277 Averse,
944 3188 1123 3260 ecclesiam
1144 3187 1260 3259 Sancti
1280 3186 1399 3258 Felicis
1420 3184 1457 3256 in
1480 3185 1642 3280 Noapoli‚
1664 3192 1699 3258 et
1719 3194 1789 3257 tam
1811 3206 1930 3257 omnes

519 3315 692 3411 predictas
709 3315 884 3406 ecclesias,
902 3313 1129 3405 obedientias,
1153 3311 1354 3408 hospitalia,
1369 3312 1445 3384 loca
1460 3321 1495 3383 et
1511 3311 1658 3402 casalia,
1680 3310 1770 3384 sicut
1788 3333 1830 3383 aa
1852 3310 1930 3383 nbi·

519 3462 589 3536 qne
610 3463 672 3536 per
697 3450 804 3513 totum
830 3461 974 3532 regnum
1001 3449 1037 3510 et
1060 3439 1243 3534 imperium
1265 3447 1420 3508 nostrum
1448 3435 1521 3530 [ad]
1545 3436 1790 3510 monasterinm
1815 3437 1928 3532 ipsum

517 3566 609 3658 juste
629 3565 878 3659 dignoscuntur
893 3563 1078 3659 pertinere,
1095 3583 1175 3634 cnm
1195 3562 1356 3634 omnibus
1369 3560 1585 3651 bominibus,
1605 3561 1771 3651 vaxallis,
1796 3581 1929 3656 posses·

520 3689 695 3779 sionibus,
714 3688 927 3780 tenimentis,
951 3686 1162 3780 redditibus,
1186 3685 1413 3777 molendinis,
1430 3685 1586 3778 juribus,
1606 3685 1840 3773 libertatibus,
1857 3689 1930 3779 jus-

519 3815 604 3888 titiis
625 3825 660 3888 et
686 3814 900 3910 pertinentiis
921 3811 1138 3914 eorumdem,
1162 3822 1265 3907 prout
1285 3811 1322 3883 in
1344 3809 1476 3883 eisdem
1499 3811 1695 3882 monasterii
1719 3810 1926 3904 privilegiis,

521 3939 775 4031 instrumentis,
801 3939 939 4030 juribus
964 3947 1000 4010 et
1027 3937 1104 4009 aliis
1130 3937 1266 4032 scriptis
1295 3935 1444 4031 publicis
1465 3935 1602 4029 plenius
1627 3935 1855 4020 continentur,
1886 3935 1931 4007 de

520 4065 763 4140 abundantiori
784 4065 893 4158 gratia
916 4073 1048 4148 nostra,
1070 4084 1132 4158 pro
1160 4059 1312 4134 remedio
1330 4081 1471 4154 quoque
1494 4059 1645 4131 felicium
1665 4080 1785 4154 regum
1808 4061 1931 4156 prede·

522 4212 696 4263 cessorum
725 4199 918 4262 nostromm
944 4198 979 4260 et
1011 4187 1162 4260 felicium
1195 4195 1419 4279 augustorum
1451 4183 1707 4279 progenitomm
1736 4193 1929 4256 nostrornm

522 4317 687 4390 memorie
700 4317 881 4389 recolende
895 4336 937 4388 ac
955 4335 1017 4410 pro
1031 4314 1140 4386 salute
1153 4310 1386 4408 principaliter
1401 4319 1517 4382 nostra
1535 4308 1660 4381 damus
1672 4318 1707 4381 et
1725 4309 1832 4383 libere
1849 4331 1931 4383 con-

523 4442 679 4515 cedimus
705 4441 743 4512 iu
769 4438 1011 4512 eleemosinam
1038 4438 1103 4533 ipsi
1136 4459 1233 4509 sacro
1265 4435 1471 4508 monasterio
1495 4455 1537 4507 uc
1562 4443 1729 4529 perpetuo
1749 4433 1931 4508 coufirma-

561 4703 599 4788 (a)
620 4707 716 4768 Locus
729 4709 850 4766 mutllus
865 4727 873 4765 ι
888 4706 1012 4767 forsitan
1032 4702 1226 4765 construendo.
