4292 5894
547 607 610 670 ets
1053 601 1264 668 intumet
1290 601 1464 666 secubet
1775 603 1858 684 [buu.
1875 605 1954 668 lm

549 754 586 816 et
609 741 808 840 approbetis
831 742 1079 817 assertionibus
1099 739 1332 837 quorumdem
1354 739 1541 836 proborum
1566 738 1746 813 bominum
1767 751 1957 814 nostrornm

550 867 706 941 fidelium
725 867 894 941 veraciter
912 875 1159 962 cognoscentes
1176 863 1274 960 quod
1287 873 1439 938 omnum
1462 863 1611 954 Bitricti,
1632 872 1698 936 etc.
1725 864 1901 958 [Sequitur
1920 868 1959 937 dc

549 995 657 1065 verbo·
670 993 716 1065 od
733 993 870 1064 verbum
888 992 971 1064 stent
992 993 1030 1063 tit
1046 991 1157 1086 priori
1170 991 1364 1084 pricilepio,
1383 1009 1470 1062 anuo
1485 987 1600 1079 tuto,
1621 1009 1729 1060 πωπω
1744 989 1853 1084 julio,
1878 993 1959 1084 pnotl

549 1139 654 1212 supro
669 1117 893 1203 ambivimus,
907 1117 980 1188 nisi
991 1117 1078 1210 prod
1091 1125 1130 1188 tu
1144 1113 1284 1190 Andree
1297 1111 1509 1187 venerabilis
1521 1113 1680 1185 Berensis
1690 1112 1954 1211 archiepiscope,

548 1252 580 1312 ct
605 1241 681 1314 inde
702 1242 854 1336 sequitur
874 1263 980 1336 osque
1000 1240 1066 1329 ud]
1092 1261 1154 1336 per
1172 1261 1298 1312 munus
1320 1237 1485 1311 Iohannis
1506 1235 1552 1310 de
1578 1235 1695 1333 Capua
1715 1237 1765 1334 (a)
1780 1240 1903 1311 nemrii
1925 1248 1958 1312 et

549 1363 662 1438 fidelis
678 1365 783 1438 nostri
803 1365 906 1438 scribi
925 1374 960 1439 et
978 1365 1091 1459 sigillo
1107 1361 1294 1456 mejestatis
1310 1369 1427 1434 nostre
1438 1361 1607 1455 jussimus
1619 1361 1838 1454 communiri,
1854 1383 1953 1450 anno,

549 1511 667 1564 mense
682 1501 717 1564 et
732 1490 921 1564 indictione
937 1487 1153 1585 subscriptis.

597 1617 721 1688 Datum
738 1613 836 1711 apud
848 1615 1082 1707 Ferentinum,
1102 1617 1225 1705 [nnnc]
1238 1609 1417 1686 dominice
1429 1609 1673 1684 incemetionis
1687 1610 1870 1685 millesimo
1892 1609 1957 1684 du·

548 1739 736 1814 centesimo
751 1739 921 1831 vigesimo
944 1739 1061 1830 tertio,
1085 1759 1205 1812 mense
1230 1737 1357 1828 martii,
1384 1733 1570 1808 undecimo
1595 1733 1801 1828 indictione,
1827 1735 1957 1832 imperii

547 1887 633 1938 vero
649 1863 782 1938 domiui
801 1863 909 1937 nostri
919 1860 1090 1936 Frederici
1107 1863 1169 1934 Dei
1188 1863 1298 1957 gretie
1321 1858 1541 1933 illustrissimi
1558 1861 1789 1932 liomenorum
1805 1860 1959 1955 impere-

548 1989 650 2078 toris,
669 2010 805 2086 semper
821 1989 961 2083 augusti
976 1997 1013 2061 et
1027 1985 1262 2082 gloriosissimi
1276 1986 1368 2080 regis
1388 1983 1501 2056 Sicilie
1517 2003 1608 2057 anno
1625 1984 1744 2074 tertio,
1764 1984 1863 2078 regni
1879 2005 1958 2056 uero

549 2114 665 2188 Sicilie
679 2135 772 2188 anno
791 2113 959 2206 vigesimo
973 2112 1109 2208 quinto,
1127 2111 1283 2186 feliciter.
1300 2109 1424 2183 Amen.

377 2751 460 2834 er¹¹
504 2817 512 2842 ‚
604 2715 838 2821 Fridericns,
860 2714 1121 2798 Rommrornm
1141 2711 1368 2822 imperator,
1393 2711 1606 2796 Gnidoncm
1629 2709 1795 2820 priorem
1820 2709 1900 2793 etl
1936 2757 1961 2772 -

389 2857 413 2888 ¹¹²
456 2858 476 2888 ⁰·
550 2859 627 2933 tres
645 2849 761 2932 eremi
781 2845 1083 2930 camaldulensis
1100 2872 1191 2929 cum
1209 2845 1320 2930 bonis
1337 2853 1376 2928 et
1395 2844 1616 2928 hominibus
1638 2869 1772 2928 eorum
1794 2843 1867 2926 sub
1884 2843 1960 2924 im-

552 2982 683 3093 periali
714 2980 944 3089 protectione
979 3005 1050 3062 sue
1080 2979 1235 3087 recipit,
1264 3003 1474 3088 omnesque
1504 2977 1675 3086 ipsorum
1707 2975 1959 3086 possessiones

550 3115 770 3218 confirmet,
796 3113 986 3195 mendene
1017 3112 1160 3194 nuntiis
1188 3112 1267 3194 suis
1295 3120 1338 3194 ut
1365 3111 1446 3192 sine
1472 3109 1655 3193 diletione
1680 3117 1718 3191 et
1743 3107 1959 3191 difficultate

550 3248 685 3332 iisdem
707 3247 746 3329 in
769 3245 1003 3356 quibuslibet
1024 3246 1150 3327 causis
1163 3243 1351 3354 justitium
1373 3242 1551 3325 exhibere
1569 3240 1729 3344 lenient,
1751 3240 1824 3323 sub
1842 3267 1959 3350 poene

551 3382 685 3494 viginti
720 3381 890 3490 quinque
922 3378 1108 3463 librarum
1145 3378 1228 3462 euri
1252 3403 1276 3459 a
1297 3373 1654 3462 conbefecientibus
1677 3372 1956 3458 solvendorum.

567 3591 570 3598 ³
633 3625 796 3706 (Memorat
807 3640 854 3702 up.
867 3623 1061 3685 blrrrsumnr
1074 3627 1104 3682 et
1117 3619 1305 3694 Cosrnnonr,
1322 3614 1433 3681 Arnai.
1449 3611 1628 3689 camaldul,
1645 3621 1670 3677 t.
1678 3615 1732 3688 lv,
1746 3631 1775 3692 p.
1796 3623 1867 3689 nto,
1877 3616 1961 3692 jure

673 3737 812 3810 excerpts
825 3729 990 3793 Beronctnil
1009 3745 1047 3789 ex
1059 3727 1205 3790 tubulurio
1218 3725 1405 3800 Fontlsbonl,
1419 3719 1550 3804 prettcp
1567 3731 1618 3796 5³,
1633 3721 1672 3783 A.
1688 3730 1718 3782 3.
1733 3723 1798 3795 tt.)

600 3953 726 4022 Datum
743 3943 840 4044 apud
858 3942 1076 4017 Ferentinum
1092 3939 1163 4039 (t),
1188 3963 1280 4014 enno
1298 3940 1472 4015 dominice
1488 3933 1731 4020 incarnationis
1744 3932 1956 4020 MCCXXlll,

552 4070 810 4150 mensemertio
814 4119 1227 4144 ...........
1232 4115 1235 4124 2
1258 4105 1956 4139 ...................

594 4253 633 4335 (c)
656 4254 691 4314 ln
704 4252 847 4330 impresso
861 4245 896 4307 ric
912 4247 1031 4327 Campo,
1046 4243 1132 4306 mule.

560 4417 1957 4460 .............---------—--—-----·-—---

591 4555 628 4628 (t)
647 4553 745 4612 Dicunt
757 4549 971 4610 Gumuldulenses
989 4549 1018 4605 in
1030 4549 1161 4624 impresso
1172 4543 1341 4621 priuilegium
1354 4557 1389 4600 ex
1401 4539 1549 4600 Fauentina
1565 4537 1634 4596 urbe
1650 4535 1733 4595 tuisse
1750 4533 1854 4592 datum.
1869 4529 1960 4637 Nilts·

555 4668 619 4710 men
631 4651 742 4708 dubium
756 4649 821 4724 quin
834 4647 919 4708 verbe
930 4646 1067 4722 originalis
1080 4643 1154 4720 opocl
1168 4643 1339 4702 Ferentium
1349 4638 1523 4700 Buroncinius
1536 4638 1573 4696 its
1587 4635 1656 4695 mele
1667 4632 1763 4708 legerit
1775 4636 1805 4690 et
1816 4635 1957 4698 benecup-

554 4751 621 4809 serit
631 4747 704 4822 upotl
718 4748 884 4806 Faventiam.
951 4746 955 4754 '
1627 4743 1630 4750 ’
1760 4767 1764 4776 .
