4298 5898
223 535 322 595 hnrcr.
341 531 402 610 13]
669 529 867 592 HISTORIA
890 523 1187 590 otruomautclt.
1579 529 1641 592 495

224 668 457 744 dilectionem.
471 664 680 739 Bertrandus
692 666 899 741 venerabilis
909 662 1091 740 Tranensis
1105 660 1384 759 archiepiscopus
1397 661 1510 738 fidelis
1523 674 1639 740 noster

223 792 375 868 ostendit
395 790 564 884 majestati
583 799 699 864 nostre
716 790 837 864 dicens
852 788 948 886 quod
964 788 1110 862 ecclesia
1126 787 1309 860 Trauensis
1330 787 1521 884 privatnra
1538 790 1639 864 vobis

224 928 259 992 et
283 916 452 989 minuitur
473 915 614 990 avobis
637 916 771 1008 injure
799 936 882 1008 suo,
911 913 1075 988 videlicet
1097 911 1143 986 de
1168 911 1438 1008 adulteriisque
1465 936 1535 988 non
1559 937 1639 1013 per·

223 1041 356 1115 mittitis
377 1040 530 1134 judicari
551 1049 585 1114 et
605 1041 732 1137 corrigi
755 1041 791 1113 in
814 1040 911 1114 curia
933 1038 1044 1134 ipsius
1066 1037 1210 1112 ecclesie
1233 1036 1323 1110 sicut
1348 1037 1507 1132 debetur,
1533 1047 1568 1113 et
1591 1039 1637 1114 da

223 1165 379 1262 personis
402 1166 603 1240 clericorum
622 1188 692 1262 que
712 1189 734 1240 a
751 1166 851 1241 vobis
867 1174 902 1238 ct
917 1165 1014 1238 laicis
1033 1162 1247 1255 judicantur,
1265 1163 1450 1258 capiuntur
1467 1171 1502 1236 et
1518 1165 1639 1239 incar-

224 1301 395 1364 cerantur.
414 1291 561 1376 Quodsi
577 1313 700 1366 verum
714 1301 779 1386 est,
798 1290 989 1366 admodum
1007 1289 1108 1363 nobis
1127 1287 1286 1385 displicet
1303 1297 1337 1361 et
1357 1311 1465 1383 grave
1480 1272 1640 1364 ierimus.v

222 1417 298 1490 Non
314 1415 409 1491 enim
427 1417 527 1491 decet
548 1439 663 1513 neque
677 1419 835 1492 volumus
852 1425 892 1491 ut
906 1439 947 1490 ea
964 1437 1034 1510 que
1048 1415 1092 1489 ab
1110 1413 1254 1488 ecclesia
1266 1411 1418 1506 judicari
1438 1422 1472 1486 et
1489 1417 1638 1488 coerceri

222 1539 390 1614 debente
412 1542 514 1616 vobis
537 1543 738 1634 judicentur
760 1544 818 1616 vel
837 1542 1040 1639 puniantur.
1061 1540 1176 1626 Quare
1190 1539 1400 1613 mandamus
1422 1539 1638 1614 universitati

135 1693 137 1696 ·
225 1673 337 1738 vestre
360 1675 396 1739 et
421 1667 633 1763 precipimus
654 1679 693 1742 ut
718 1668 845 1742 amodo
866 1667 912 1742 de
929 1667 1110 1740 adulteriis
1129 1663 1332 1758 judicandis
1353 1687 1423 1739 uon
1442 1685 1506 1738 vos
1529 1665 1638 1740 intro·

222 1791 376 1864 mittatis.
394 1790 464 1864 Sed
484 1792 613 1887 siquis
636 1793 681 1866 de
700 1793 865 1890 parochia
882 1793 938 1867 vel
957 1792 1087 1867 diocesi
1111 1791 1266 1887 predicte
1286 1791 1469 1864 Tranensis
1493 1791 1635 1867 ecclesie

223 1914 269 1988 de
285 1916 456 1990 adulterio
475 1925 658 1990 accusatur
679 1919 736 1990 vel
754 1918 791 1989 in
810 1939 853 1992 eo
872 1917 1110 2013 deprehensus
1131 1917 1254 2008 fuerit,
1278 1914 1325 1991 ad
1343 1916 1518 2010 judicium
1540 1918 1637 1991 curie

221 2039 332 2134 ipsius
349 2042 493 2116 ecclesie
511 2041 548 2114 in
566 2065 638 2138 quo
659 2041 830 2117 adulteria
848 2042 923 2138 ipsa
939 2042 1091 2134 judicari
1110 2041 1240 2116 debent
1265 2042 1430 2116 consistat
1444 2051 1517 2116 eta
1538 2044 1635 2118 curia

222 2163 378 2256 ejusdem
397 2168 541 2240 ecclesie
555 2169 731 2262 judicetur
751 2177 786 2241 et
805 2167 1008 2261 corrigatur,
1029 2175 1176 2264 excepto
1192 2168 1222 2240 si
1241 2188 1304 2262 per
1321 2167 1488 2240 insultum
1507 2180 1543 2242 et
1560 2169 1636 2243 vio·

222 2290 361 2363 lentiam
375 2290 583 2366 adulterium
599 2294 834 2366 committitur.
855 2293 957 2379 Quod
973 2293 1003 2366 si
1019 2293 1163 2384 accidit,
1180 2291 1355 2385 judicetur
1367 2292 1412 2364 ab
1427 2294 1572 2367 ecclesia
1590 2296 1635 2368 de

222 2413 298 2511 ipso
322 2416 505 2490 adulterio.
524 2419 575 2490 De
592 2416 660 2492 hoc
681 2417 777 2513 quod
793 2427 926 2515 spectat
946 2416 1182 2511 adjudicium
1202 2417 1298 2490 curie
1318 2426 1450 2510 nostre,
1472 2418 1636 2494 videlieet

222 2539 267 2614 de
282 2539 415 2614 insultu
434 2551 469 2616 et
493 2543 539 2617 de
554 2543 736 2634 violentia,
751 2544 928 2638 judicetur
951 2543 998 2617 ab
1027 2543 1103 2638 ipsa
1131 2543 1227 2617 curia
1247 2551 1376 2616 nostra.
1403 2544 1453 2616 Ile
1476 2545 1635 2640 personis

220 2673 337 2740 autem
353 2667 555 2743 clericorum
581 2669 743 2742 volumus
763 2678 798 2742 et
814 2669 980 2762 jubemus
1004 2677 1043 2740 ut
1066 2668 1096 2740 si
1117 2667 1244 2763 aliquis
1265 2667 1411 2742 clericus
1434 2668 1538 2742 totius
1563 2691 1635 2765 pa-

220 2789 336 2865 rochia
351 2793 408 2866 vel
427 2792 574 2868 diocesis
589 2791 744 2892 predicte
760 2794 943 2868 Tranensis
960 2793 1104 2868 ecclesie
1120 2792 1167 2867 de
1182 2792 1300 2887 aliquo
1317 2793 1487 2868 forisfacto
1501 2794 1547 2868 de
1563 2818 1635 2891 quo

218 2936 366 3011 persona
394 2940 457 2992 sua
484 2919 635 3011 judicari
664 2920 721 2994 vel
746 2918 969 2994 condemnari
995 2918 1120 2992 debeat
1139 2918 1333 3016 appellatus
1355 2919 1492 3011 fuisset,
1518 2943 1588 2994 non
1611 2943 1633 2996 a

220 3039 322 3144 rolris
342 3063 459 3137 neque
479 3044 516 3116 in
537 3045 634 3117 curia
652 3052 785 3135 vestra,
804 3044 866 3118 sed
887 3045 932 3119 ab
948 3045 1092 3119 ecclesia
1109 3053 1143 3118 et
1164 3045 1317 3117 incuria
1338 3044 1484 3118 ecclesie
1505 3047 1632 3121 dehoc

218 3163 315 3261 quod
331 3162 381 3263 (a)
402 3167 448 3239 ad
470 3190 653 3264 personam
673 3191 774 3244 suam
799 3179 931 3266 spectet
948 3169 1126 3263 judicetur
1148 3177 1182 3243 et
1206 3169 1397 3263 corrigatur
1420 3168 1523 3243 sicuti
1548 3193 1637 3245 con-

219 3289 369 3382 venerit,
385 3291 488 3384 juxta
504 3313 653 3367 canones
675 3303 710 3368 et
728 3295 787 3388 jus
805 3295 1096 3389 ecclesiasticum
1115 3304 1263 3391 excepto
1285 3295 1315 3367 si
1335 3295 1463 3390 aliquis
1488 3296 1635 3370 clericus

218 3412 324 3486 suerit
349 3417 543 3513 appellatus
564 3416 610 3493 de
629 3420 825 3518 proditione
842 3420 963 3496 uelde
989 3420 1057 3494 alio
1083 3419 1285 3513 hujusmodi
1308 3441 1435 3516 magno
1463 3421 1634 3495 maleficio

218 3538 315 3634 quod
331 3551 462 3638 spectet
477 3545 568 3618 circa
583 3546 797 3640 maJestatem
814 3556 978 3622 nostram.
994 3548 1098 3634 Quod
1114 3545 1144 3620 si
1160 3545 1304 3639 accidit,
1325 3548 1489 3621 volumus
1504 3557 1539 3620 et
1553 3569 1632 3643 pre·

219 3661 368 3759 cipimus
387 3674 428 3739 ut
445 3665 492 3741 de
509 3667 577 3742 hoc
600 3670 697 3765 quod
716 3680 848 3768 spectat
871 3671 919 3745 ad
936 3670 1112 3764 judicium
1137 3671 1234 3744 curie
1255 3678 1371 3744 nostre
1387 3671 1563 3766 judicetur
1588 3673 1635 3746 ab

218 3785 295 3883 ipsa
320 3790 419 3864 curia
442 3802 571 3866 nostra.
594 3795 631 3866 Si
651 3817 736 3869 vero
760 3796 886 3891 aliquis
912 3795 1058 3869 clericus
1083 3795 1129 3869 de
1157 3795 1346 3869 hereditate
1366 3798 1423 3869 vel
1447 3798 1637 3872 tenimento

218 3913 315 4006 quod
330 3935 400 3989 non
416 3918 463 3990 ab
479 3919 637 4014 ecclesia,
654 3920 718 3994 sed
733 3945 755 3995 a
771 3921 872 3994 nobis
887 3921 964 3994 sive
983 3920 1126 3995 aliunde
1145 3920 1183 3992 in
1199 3921 1298 3994 terris
1314 3921 1440 3994 nostris
1456 3921 1503 4018 (l)
1519 3931 1634 3995 teneat

218 4039 411 4134 appellatus
432 4043 552 4138 fuerit,
571 4047 735 4119 volumus
758 4054 798 4118 ut
819 4047 855 4117 in
877 4045 971 4118 curia
995 4046 1089 4118 illius
1108 4046 1145 4116 in
1162 4048 1263 4140 cujus
1283 4056 1372 4120 terra
1401 4049 1633 4142 possessiones

217 4163 275 4234 vel
302 4165 528 4241 tenimentum
552 4170 715 4244 habuerit
736 4167 945 4266 respoudeat
967 4177 1002 4244 et
1028 4168 1125 4264 quod
1141 4171 1275 4262 justum
1291 4170 1396 4243 fuerit
1416 4169 1538 4264 iaciat,
1563 4191 1633 4244 uon

218 4295 334 4361 tamen
354 4298 395 4363 ut
413 4313 561 4387 persona
581 4295 658 4389 ejus
681 4295 813 4370 exinde
838 4296 996 4391 capiatur
1019 4302 1055 4367 et
1081 4293 1324 4369 incarceretur.
1349 4295 1506 4369 Preterea
1530 4295 1634 4369 vobis

218 4409 345 4505 bajulis
359 4417 570 4514 precipimus
583 4429 622 4492 ut
633 4419 679 4494 ad
696 4421 852 4517 predicta
864 4420 1034 4494 adulteria
1047 4421 1237 4495 coercenda
1253 4429 1288 4494 et
1300 4419 1505 4515 corrigenda
1517 4421 1632 4496 eidem

261 4568 302 4649 (a)
321 4572 380 4652 dp.
395 4575 558 4640 Daranzatt
572 4577 701 4662 quaeat,
715 4581 814 4641 minus
825 4586 915 4642 recte.

260 4674 300 4756 (bl
322 4678 381 4757 Ap.
395 4681 559 4747 Daranzatt
571 4705 591 4748 a
603 4685 713 4749 colite.
726 4683 766 4747 ul.
783 4685 817 4747 ia
830 4687 916 4750 terro
926 4686 1042 4763 murt,
1057 4687 1156 4748 mlnus
1169 4691 1257 4748 recte.
