4296 5898
233 587 331 648 lrnrtv.
350 583 411 662 tu]
690 579 887 642 HISTORIA
913 578 1206 642 ntrnouartcrt.
1592 584 1651 646 20¹1

232 721 371 798 dorunn
385 717 474 792 Proh
486 717 616 814 pudor!
634 716 724 792 lilios
736 717 890 792 Ecclesia
906 716 1027 812 sugant
1042 719 1147 792 catuli
1166 739 1344 815 synagoge
1363 728 1398 792 ot
1412 717 1562 794 debello
1579 722 1654 798 Do-

233 845 319 920 mini
333 842 575 940 magnilicatur
592 843 737 919 victoria
751 842 969 918 llachometi.
990 843 1061 918 llec
1076 845 1222 940 inquam
1240 845 1325 918 tanti
1344 844 1472 920 doloris
1483 847 1653 920 acerbitas

234 972 324 1046 inter
334 988 455 1045 omnes
468 991 559 1064 quos
576 967 659 1044 fidei
678 969 854 1044 character
875 967 1019 1063 insignit
1038 977 1133 1053 tanto
1155 991 1220 1044 nos
1240 970 1482 1047 vehementius
1504 993 1653 1046 amoar-

233 1097 313 1186 bat,
346 1105 515 1190 qnantum
537 1095 583 1170 ad
610 1102 784 1169 maturum
812 1092 1010 1168 subsidium
1033 1095 1129 1168 zelus
1152 1095 1339 1170 ferventior
1369 1097 1593 1192 accingcbnt3
1618 1105 1653 1172 et

232 1221 329 1318 qnod
344 1219 381 1294 in
400 1220 444 1296 iis
462 1219 559 1318 apud
577 1239 654 1311 nos,
678 1228 776 1315 pater
796 1217 1025 1311 sanctedme,
1046 1218 1175 1294 decens
1193 1220 1390 1296 sollicitudo
1410 1243 1480 1295 non
1502 1222 1653 1296 dormint

233 1367 298 1420 nec
315 1345 494 1420 dormierit
507 1345 739 1442 usquemodo
754 1345 793 1420 id
807 1344 904 1441 quod
919 1347 1084 1442 precessit
1100 1347 1253 1421 insinuat
1266 1356 1301 1420 et
1317 1356 1507 1444 apparatus
1520 1348 1652 1422 instans

233 1471 440 1544 manifestat.
461 1468 584 1570 [Addit
592 1491 677 1544 suos
691 1479 843 1545 oratores
855 1469 955 1543 illum
970 1472 1150 1546 certiorem
1165 1474 1315 1547 facturos
1330 1483 1500 1569 qnantum
1516 1473 1553 1547 in
1567 1474 1652 1548 Sar-

233 1615 376 1669 racenos
399 1603 604 1691 apparatum
625 1595 799 1668 instruat:
820 1596 943 1670 latores
956 1596 1049 1670 enirn
1064 1597 1321 1692 praesentium,
1339 1597 1469 1671 scilicet
1489 1598 1521 1670 J.
1546 1619 1650 1672 suurn

234 1719 372 1795 fidelem
388 1731 424 1795 et
437 1723 475 1793 L.
496 1721 712 1818 capellanum
726 1720 858 1794 domini
872 1721 1000 1818 Papae,
1017 1721 1158 1796 remittit
1175 1721 1237 1817 qui
1252 1722 1475 1796 intentionem
1493 1724 1568 1818 ejus
1584 1745 1650 1800 ou·

237 1869 299 1942 per
312 1846 381 1922 lroc
405 1847 544 1941 negotio
564 1845 737 1941 andiunt]
742 1899 1646 1922 .......................

285 1958 411 2047 Datum
429 1973 523 2069 apud
540 1959 765 2064 Panormnm,'
775 1969 856 2048 'Vlll
874 1959 1042 2048 kalendas
1057 1968 1270 2061 novembris,
1285 1971 1474 2049 indictione
1489 1973 1535 2048 X.

458 2309 1144 2322 „mom-nm·-
1153 2309 1340 2317 --u-...0-..nu
1350 2310 1371 2316 -..
1378 2310 1393 2316 ..
1401 2307 1425 2316 ..a

290 2611 527 2732 Fridericus2
541 2612 801 2698 Romanorum
829 2614 1054 2746 imperatorq
1068 2611 1198 2696 navim
1227 2612 1574 2700 sanctimonialium
1601 2619 1650 2703 de

235 2745 500 2861 llonigshrirck
514 2734 762 2864 s'uiqspeciali,¹
776 2731 1093 2867 sua'protectione
1111 2741 1262 2856 recipit,
1279 2745 1485 2859 statuitque
1498 2758 1541 2833 ut
1554 2777 1651 2862 quo-

235 2906 402 2992 cumque
421 2882 659 2993 pertenue
671 2882 915 2996 ,navigaverit
936 2881 986 2984 ab
1012 2882 1118 2966 omni
1139 2881 1301 2994 pedagio
1323 2891 1361 2966 ct
1383 2884 1576 2969 exactione
1603 2887 1652 2972 sit

234 3015 385 3122 penitus
398 3015 594 3100 immunis.

318 3257 414 3340 (lidld
434 3261 641 3338 Scnonrrnnv,
656 3259 750 3324 altrat
764 3259 929 3345 caunac,
944 3271 965 3327 t
980 3267 1007 3344 1,
1023 3285 1051 3347 p.
1069 3277 1139 3345 att,
1153 3279 1187 3331 n·
1202 3267 1443 3347 ccccxxvm,
1462 3287 1480 3334 a
1502 3271 1648 3335 ubnlarlo

355 3368 598 3451 Reglspontano.)

283 3580 476 3656 Fridericns
501 3583 564 3656 Dei
586 3583 698 3678 gratia
717 3585 949 3660 Romanorum
968 3586 1168 3684 imperator,
1184 3611 1322 3686 semper
1338 3600 1510 3684 angustus
1530 3599 1566 3665 et
1585 3613 1649 3668 rex

231 3703 361 3778 Sicilie.
378 3705 443 3779 Per
455 3706 523 3780 hoc
538 3729 681 3804 presens
692 3711 861 3807 scriptum
876 3719 996 3786 notum
1010 3711 1084 3786 lieri
1103 3716 1266 3788 volumus
1284 3715 1458 3788 universis
1471 3715 1569 3812 qnod
1584 3738 1648 3813 pru

231 3827 344 3902 salute
356 3840 471 3906 nostra
491 3842 526 3906 ct
538 3833 585 3907 ob
596 3835 790 3910 remedium
807 3836 1001 3910 animarum
1019 3839 1129 3912 felicis
1143 3840 1308 3913 memorie
1325 3840 1487 3914 divorum
1509 3863 1649 3937 angus-

231 3960 344 4027 torum
372 3966 553 4052 parentum
582 3968 776 4035 nostrornm
801 3961 922 4035 navim
947 3964 1260 4038 sanctimonialium
1289 3964 1335 4039 de
1362 3967 1649 4064 Kunigesbruege

229 4077 298 4150 snb
324 4089 440 4154 nostra
463 4083 603 4178 speciali
628 4086 838 4181 protectione
862 4088 1070 4184 recepimus.
1097 4091 1292 4164 statuentes
1318 4088 1460 4164 firmiter
1478 4093 1650 4188 presentis

230 4201 349 4300 scripti
361 4207 562 4281 auctoritate
575 4217 615 4282 ut
624 4231 833 4307 quacunque
849 4211 905 4286 vel
922 4235 1133 4310 quocunqne
1148 4237 1210 4311 per
1225 4215 1359 4290 Renum
1374 4217 1592 4309 navigaverit
1602 4218 1647 4292 ab

229 4329 324 4401 omni
342 4329 490 4426 pedagio
504 4343 539 4405 et
556 4332 633 4406 aliis
650 4335 773 4409 ceteris
788 4337 1029 4412 exactionibus
1055 4339 1101 4412 sit
1118 4339 1226 4414 libera
1247 4340 1386 4437 penitus
1398 4349 1433 4414 et
1460 4340 1643 4432 immunis,

230 4473 311 4524 cunr
328 4453 373 4527 de
387 4457 497 4549 gratia
522 4469 637 4534 nostra
660 4471 730 4534 tam
753 4463 940 4559 pedagium
960 4485 1066 4561 qnam
1090 4474 1221 4538 ceteras
1244 4466 1330 4538 alias
1349 4468 1548 4540 eradiones
1567 4489 1645 4564 prc-

230 4572 323 4648 dicte
342 4575 426 4652 navi
445 4576 650 4655 duxerimus
671 4595 836 4681 perpetuo
859 4584 1087 4684 indulgenda.
1107 4587 1287 4660 Sancimus
1304 4587 1449 4685 insuper
1466 4598 1506 4661 ut
1530 4590 1647 4664 nuilus

230 4699 274 4772 sit
301 4703 363 4796 qui
390 4705 473 4778 navi
498 4705 643 4802 predicti
668 4710 866 4785 monasterii
891 4711 1033 4808 aliquod
1068 4712 1352 4811 impedimentum
1373 4713 1430 4788 vel
1455 4715 1644 4789 molestiam
