4298 5898
227 559 325 618 lunser.
343 553 408 634 12]
677 541 876 605 HISTORIA
900 539 1196 602 olanoalarlcrt.
1583 527 1644 590 427

227 713 331 768 veoso
351 687 506 763 notarius
527 681 574 758 de
596 679 760 755 mandato
783 677 919 764 domini¹
939 678 1045 752 nostri
1067 673 1278 752 serenissimi
1295 666 1510 768 imperatoris
1527 675 1562 740 et
1583 687 1644 740 ro-

227 827 310 912 gatu
331 813 454 914 prelati
479 806 689 882 marchionis
713 804 837 903 scripsi
863 803 934 877 dno
959 802 1151 878 consimilia
1173 801 1418 888 instrumenta,
1442 813 1553 866 unum
1576 791 1645 866 ha·

227 943 382 1018 bendum
405 958 514 1035 penes
537 933 718 1009 dominnm
742 931 1002 1026 imperatorem,
1026 927 1124 1002 aliud
1145 947 1253 1024 penes
1276 921 1439 997 eumdem
1464 918 1644 993 dominum

227 1066 475 1144 marchionem.
498 1059 586 1134 Acta
608 1065 689 1131 sunt
711 1056 777 1129 heo
798 1054 895 1152 apud
915 1053 1110 1144 Cataniam,
1131 1073 1242 1143 anno,
1262 1068 1382 1122 mense
1403 1053 1438 1120 et
1458 1041 1647 1118 indictione

228 1188 444 1288 pretitulatis.
462 1227 512 1242 -
527 1185 559 1280 †
575 1183 722 1278 Signum
744 1179 858 1253 crucis
879 1178 1017 1274 proprie
1031 1199 1156 1250 manus
1176 1171 1308 1247 domiui
1324 1167 1495 1266 Raynaldi
1515 1165 1648 1262 egregii

229 1314 330 1390 ducis
344 1312 485 1410 Spoleti.
496 1351 544 1366 --
556 1310 588 1405 †
600 1309 745 1402 Signum
757 1304 871 1378 crucis
883 1303 1021 1400 proprie
1033 1324 1156 1376 manus
1171 1297 1307 1374 comitis
1320 1294 1458 1369 Henrici
1470 1291 1516 1367 de
1527 1292 1645 1366 Malta.

228 1482 279 1496 -
293 1443 366 1536 Ego
389 1439 507 1512 Simon
527 1454 653 1529 magne
676 1431 865 1529 imperialis
887 1430 1002 1522 curie,
1029 1437 1096 1502 etc.
1116 1467 1166 1481 -
1183 1427 1256 1520 Ego
1272 1421 1441 1496 Haurious
1463 1417 1509 1493 de
1533 1417 1649 1492 Tocho

230 1586 357 1660 magne
386 1560 574 1658 imperialis
605 1557 702 1632 curie
730 1555 858 1650 judex.
883 1596 934 1608 -
958 1554 1033 1648 llgo
1057 1549 1227 1627 llolredus
1254 1548 1300 1622 de
1324 1549 1450 1620 Sancto
1480 1543 1650 1618 Germano

232 1710 359 1785 magne
377 1685 566 1783 imperialis
592 1683 689 1756 curie
701 1680 828 1775 judex.
853 1679 996 1774 -Ego
1016 1677 1277 1750 Bartholomeus
1298 1672 1344 1746 do
1364 1669 1536 1744 Arrichito
1547 1666 1652 1762 justi-

231 1814 353 1888 tiarius
374 1811 515 1886 Catenis
539 1807 690 1881 interlui.
722 1847 762 1860 -
789 1805 864 1900 Ego
892 1803 1084 1876 Ottobonus
1108 1799 1298 1898 imperialis
1325 1796 1421 1870 curie
1444 1791 1653 1892 ponderator

233 1935 387 2013 interlui.
401 1935 574 2008 -Fusco
591 1931 803 2008 Constantini
819 1929 930 2004 Musei
949 1927 1053 2002 lilius.
1068 1968 1119 1982 ·-
1131 1928 1205 2022 ligo
1227 1923 1391 2019 magister
1409 1918 1584 1995 lleuoldus
1606 1917 1652 1993 de

453 2341 1146 2362 ---——-a—--------.—-—-——------—
1153 2339 1212 2346 --·---
1220 2337 1424 2346 nen-nan..-

289 2612 480 2697 Honorius
514 2639 614 2722 papa
639 2611 829 2696 Friderico
861 2613 1122 2696 Romanorum
1159 2611 1376 2721 imperatori
1414 2619 1541 2722 grates
1575 2610 1656 2722 agit
1722 2618 1732 2671 1

236 2747 342 2856 quod
365 2747 415 2829 ad
436 2746 690 2829 interventum
710 2771 824 2829 suum
843 2745 1081 2857 [Rogerium]
1097 2746 1276 2830 comitem
1294 2743 1525 2828 Fundanum
1543 2743 1656 2826 dimi-

237 2879 346 2984 serit,
369 2889 555 2991 rogatque
577 2889 622 2963 ut
644 2880 888 2990 superaddita
907 2881 1031 2991 gratia
1057 2879 1181 2963 filium
1204 2879 1376 2991 ejusdem
1400 2905 1555 2990 quoque
1586 2878 1656 2960 di-

237 3013 386 3117 mittat,
407 3039 530 3123 quum
548 3040 618 3124 pro
645 3015 779 3098 eodem
807 3014 944 3099 comite
967 3041 1008 3099 se
1030 3013 1255 3125 obligaverit
1270 3015 1376 3124 quod
1402 3013 1498 3096 nihil
1525 3023 1657 3098 conus

238 3145 366 3255 ipsum
385 3147 598 3232 attentabit.

322 3362 445 3444 (laedit.
465 3381 504 3426 ex
518 3363 592 3426 cnr.
612 3363 732 3426 Bllrllot.
752 3369 826 3445 maj.
841 3365 935 3426 Puris.
951 3374 986 3426 ιιο
1002 3375 1095 3439 8604,
1110 3365 1164 3426 tol.
1181 3373 1219 3426 54
1237 3369 1332 3437 recto,
1353 3361 1406 3424 llb.
1424 3359 1500 3435 Vll,
1516 3377 1585 3422 cum
1603 3360 1660 3422 hoe

362 3473 469 3533 titulo:
484 3468 652 3533 Cardinulir
667 3480 753 3554 rapot
767 3474 971 3554 imperatorem
988 3481 1022 3534 ot
1044 3471 1160 3533 dimoto
1169 3479 1259 3553 patre
1278 3470 1409 3534 dimittat
1428 3466 1574 3549 elfilium.
1594 3469 1660 3530 llo-

362 3579 446 3640 norlo
458 3583 560 3640 umen
572 3580 728 3657 eplstolum
743 3581 936 3662 murlbtmus,
950 3583 1016 3644 coli
1034 3581 1136 3643 Gudlc.
1152 3581 1180 3642 S
1197 3580 1326 3642 Vlctorls
1340 3588 1416 3655 278,
1429 3584 1513 3658 purte
1525 3578 1614 3654 Vlll,
1629 3583 1660 3640 et

362 3685 488 3749 Βιιοιιι.
506 3695 578 3766 roo,
590 3685 614 3749 t.
634 3695 692 3748 aaa
707 3685 761 3769 r.)

294 3871 501 3972 [Honorius,
525 3882 616 3964 eto,
644 3873 846 3968 FredericO,
872 3873 956 3974 eto]
986 3873 1158 3973 Imperiali
1188 3873 1447 3949 mansuetudini
1474 3875 1661 3969 gratiarum

242 3998 369 4092 dignas
382 3996 562 4070 referimus
583 3998 735 4073 actiones
752 3999 849 4094 quod
867 3998 1034 4075 dilectum
1055 3999 1166 4073 tilium
1187 3999 1338 4072 nobilem
1357 3999 1485 4072 virum.
1518 4053 1527 4070 .
1559 4053 1568 4072 .
1596 4021 1661 4074 oo-

242 4121 360 4195 mitem
387 4121 597 4196 Fundanum
612 4119 663 4222 (l)
681 4147 744 4220 pro
769 4149 840 4221 quo
866 4126 1061 4223 specialiter
1085 4135 1120 4200 et
1150 4125 1317 4222 precipue
1343 4124 1545 4218 magistrum
1574 4125 1662 4198 Rol-

242 4247 373 4321 lridum
395 4249 597 4322 familiarem
621 4257 776 4323 nostrum
800 4250 846 4325 ad
872 4261 1004 4325 tecum
1030 4250 1139 4324 multa
1164 4248 1296 4324 fiducia
1320 4246 1590 4344 destinavimus,
1615 4232 1672 4323 ad'

242 4380 395 4446 nostram
406 4374 615 4470 presentiam
628 4375 789 4449 remisisti
797 4373 865 4473 (a).
876 4377 1006 4451 Verum
1019 4377 1049 4449 si
1064 4384 1125 4448 tua
1136 4373 1388 4449 rememinissat
1401 4375 1569 4448 serenitas
1581 4397 1661 4450 cum

281 4623 318 4700 (l)
337 4624 443 4684 Scilicet
455 4626 600 4702 lopertum
612 4627 645 4687 ds
658 4627 769 4705 Aquila.
784 4631 853 4690 Vide
866 4647 962 4706 supra,
977 4648 1006 4707 p.
1022 4635 1084 4688 393.

282 4721 319 4796 (ἰ)
339 4723 418 4800 [dnn.
433 4727 503 4786 titt
514 4727 644 4804 ineuutal.
659 4729 754 4788 «Dicti
771 4730 932 4805 Fundanus,
947 4729 1123 4804 Caserunus,
1138 4729 1253 4789 dvellini
1265 4735 1293 4788 et
1306 4729 1433 4789 Tricarici
1452 4729 1565 4790 comites
1582 4731 1610 4788 in
1624 4731 1664 4791 St·
1732 4757 1735 4764 ·
