4292 5894
213 557 393 636 imeri]
523 527 525 530 ’
662 551 860 616 ursrorua
884 546 1176 614 nrrueuarrca
1570 543 1632 606 era

263 693 409 788 Signum
429 689 560 764 domini
576 689 731 766 Federici
746 688 891 767 secundi
908 689 1140 766 Rcmamrum
1160 683 1387 780 imperatoris,
1406 702 1541 779 semper
1558 704 1630 756 an-

216 820 308 913 gusti
324 829 360 890 et
377 815 469 910 regis
486 813 601 890 Sicilie
616 813 848 888 invictissimi.
867 807 1164 909 (Mnacprcmma.)

263 940 336 1012 Hec
354 947 429 1012 acta
444 947 526 1010 sunt
542 934 639 1035 apud
663 936 829 1032 Capuam,
846 957 939 1013 anno
960 934 1133 1008 dominice
1156 931 1626 1024 incarnationislllCClllllll,

211 1062 363 1138 attentio
377 1082 469 1135 anuo
484 1061 620 1166 imperii
637 1061 727 1153 ejus,
745 1082 863 1137 mense
877 1059 1054 1148 februuii,
1075 1057 1265 1132 indictione
1281 1058 1342 1130 Xl.

461 1371 687 1388 ——a--n-uu-

269 1656 501 1763 FridericuS,
527 1655 788 1764 Romanorum
814 1655 1039 1765 imperator,
1067 1655 1230 1740 iohanni
1257 1653 1386 1738 abbati
1412 1653 1632 1739 monasterii
1658 1664 1837 1775 lgm?

218 1792 378 1874 Sanctae
404 1789 544 1876 blaciae
568 1790 707 1874 Montis
733 1788 901 1900 Virginis
927 1786 1091 1874 restitnit
1116 1799 1155 1872 et
1180 1787 1381 1872 confirmat
1407 1788 1631 1900 generaliter
1690 1774 1805 1818 '‘hm''

217 1925 407 2036 quaedam
430 1923 626 2034 privilegia
647 1923 910 2034 aparentibus
932 1923 1012 2004 suis
1034 1922 1157 2006 eidem
1179 1923 1411 2007 monasterie
1430 1922 1579 2006 indulta
1596 1933 1633 2004 et

218 2057 289 2142 sibi
313 2059 362 2142 ab
383 2059 518 2142 eedem
541 2057 771 2141 monasterie
789 2057 900 2168 juxta
921 2057 1147 2140 mandatum
1166 2056 1330 2140 incuria
1354 2057 1536 2165 Capuana
1558 2082 1635 2139 uo-

218 2191 613 2301 riterpremulgatum
639 2191 852 2302 resignata,
872 2217 986 2300 super
1003 2188 1243 2273 libertatibus
1265 2201 1302 2272 et
1327 2188 1634 2272 immunitatibus

218 2322 388 2434 ejusdam
406 2325 598 2409 ecclesiae.
1464 2325 1466 2328 ’

301 2561 422 2640 (laedit.
435 2561 467 2620 in
481 2558 563 2622 arch.
578 2564 707 2621 monast.
723 2559 816 2621 Meni.
832 2558 930 2638 virg„
942 2557 1102 2632 votvm,
1115 2566 1150 2620 n⁰
1165 2566 1203 2620 tt
1217 2575 1256 2620 ax
1267 2564 1452 2638 nansnnrpto
1464 2562 1600 2639 originali
1615 2570 1633 2625 6

338 2668 410 2730 iabr.
429 2675 518 2741 1225,
541 2683 601 2746 qno
623 2667 761 2730 Nicotaus
782 2671 812 2727 et
828 2666 966 2744 Ypolitus
980 2665 1095 2744 ludices
1116 2666 1219 2728 Petrae
1240 2665 1399 2728 Staminae
1420 2667 1460 2726 ad
1482 2668 1634 2746 querelam

339 2775 459 2855 Rogerit
472 2775 509 2835 de
523 2773 651 2852 caprilia
668 2773 778 2835 Montis
790 2772 921 2852 Virginis
938 2773 1076 2833 monachi
1088 2772 1126 2833 ab
1138 2771 1245 2832 abbate
1263 2772 1405 2852 delegati,
1421 2774 1530 2835 auditis
1544 2775 1636 2852 depe-

339 2881 495 2943 siticnibus
508 2883 647 2953 testium,
661 2881 853 2958 pronuntiant
872 2879 954 2957 qued
966 2879 1047 2940 dicta
1059 2879 1180 2940 ecclesia
1200 2880 1342 2957 percipiat
1359 2878 1481 2968 pacifice
1494 2887 1524 2941 et
1536 2884 1636 2960 quieta

338 2987 471 3049 redditus
487 3002 560 3065 qnos
579 2985 669 3047 babet
687 2987 719 3046 in
739 2986 877 3046 demente
893 2986 1036 3062 imperiali
1053 2985 1168 3045 liecene
1184 2984 1223 3045 (le
1240 2981 1426 3045 Guasserauo
1443 2992 1474 3046 et
1492 2987 1636 3077 inperti-

339 3095 447 3156 nentiis
460 3094 563 3154 Peme
575 3091 745 3154 Sturninae.
757 3091 899 3153 -Adest
915 3092 997 3153 aliud
1010 3098 1229 3169 transumptum
1242 3093 1314 3152 anni
1333 3099 1422 3166 1289,
1435 3089 1518 3164 titu,
1534 3101 1568 3154 ιι0
1585 3101 1634 3169 itt,

318 3229 320 3234 ·
339 3207 370 3262 at
381 3201 571 3278 ettameopin
582 3201 729 3280 privilegii
740 3201 773 3262 in
785 3215 931 3280 pergam„
942 3196 1027 3275 ctu,
1042 3209 1075 3260 n⁰
1089 3197 1154 3280 ar.)

269 3415 453 3490 Federicns
471 3416 536 3490 Dei
553 3415 662 3511 gratia
682 3415 912 3493 Romanorum
935 3417 1134 3514 imperator,
1156 3436 1291 3511 semper
1317 3425 1488 3512 augustus
1514 3425 1550 3490 et
1571 3437 1635 3490 rex

220 3540 348 3614 Sicilie.
370 3540 433 3612 Per
455 3561 596 3637 presens
615 3540 782 3636 scriptum
807 3549 927 3614 notum
952 3540 1097 3614 fecimus
1124 3540 1297 3614 universis
1323 3539 1487 3615 fidelibus
1509 3542 1635 3616 nestris

221 3673 291 3736 tam
309 3665 527 3760 presentibus
542 3686 647 3758 quam
665 3664 790 3737 futuris
810 3664 907 3758 quod
928 3675 1006 3761 pest
1027 3667 1215 3738 solemnem
1237 3665 1369 3738 curiam
1390 3675 1541 3740 nostram
1564 3687 1635 3740 no·

222 3789 310 3862 viter
329 3789 445 3885 Capue
468 3789 694 3880 celebratam,
714 3791 776 3862 ubi
795 3790 884 3864 inter
905 3800 1017 3864 cetera
1040 3813 1111 3885 que
1129 3791 1332 3880 generaliter
1354 3786 1538 3866 statuimus
1563 3793 1635 3872 ob·

221 3913 410 4008 servanda,
432 3914 615 4010 privilegia
632 3915 750 3988 omnia
773 3914 819 3988 ab
841 3915 936 3990 obitu
961 3916 1052 4010 regis
1065 3915 1237 3989 Guiiielmi
1252 3915 1343 3988 bene
1362 3917 1527 3990 memorie
1543 3919 1634 3992 lacta

221 4037 388 4132 resignari
413 4038 631 4134 precepimus
649 4060 765 4112 eoram
787 4039 908 4132 nobis,
933 4039 1105 4114 Iohannes
1128 4040 1334 4114 venerabibs
1355 4040 1464 4114 abbas
1487 4064 1633 4118 monas-

221 4162 298 4235 terii
325 4165 451 4253 Sancte
477 4161 584 4239 llarie
607 4163 732 4236 Montis
755 4163 908 4258 Virginis
929 4167 1032 4257 juxta
1058 4165 1217 4258 generale
1244 4164 1446 4239 mandatnm
1475 4176 1633 4242 nestrum

221 4285 372 4380 quedam
391 4286 572 4382 privilegia
588 4287 804 4383 imperatoris
820 4298 855 4360 et
872 4288 1099 4385 imperatricis
1115 4288 1225 4363 ielieis
1240 4288 1487 4364 reeordationis
1505 4315 1634 4388 paren-

221 4419 297 4482 tnm
318 4419 513 4483 nostrerum
537 4420 652 4485 nostre
669 4411 766 4486 curie
783 4411 988 4508 resignavit3
1011 4435 1073 4508 per
1096 4433 1166 4508 que
1188 4411 1295 4485 iidem
1319 4413 1459 4508 augusti
1483 4417 1633 4514 recipie·

221 4533 307 4608 bant
322 4533 454 4608 dictum
474 4536 718 4608 monasterinm
740 4547 775 4610 et
795 4536 911 4611 emnia
929 4537 1020 4610 bona
1045 4537 1156 4635 ipsine
1173 4536 1241 4611 sub
1256 4537 1397 4634 speciali
1424 4543 1634 4636 protectione

219 4671 258 4736 et
280 4660 480 4736 defensione
505 4683 588 4751 sua,
616 4661 858 4738 confirmantes
885 4663 999 4738 eidem
1023 4664 1230 4738 monasterie
1251 4686 1373 4740 omnes
1400 4667 1635 4764 possessiones

323 4784 364 4846 11.
1461 4803 1499 4855 to
