4272 5886
563 497 625 561 sel
1067 502 1278 564 llllllllllilCl
1305 501 1478 564 secuntur
1610 513 1614 528 ¹
1790 504 1877 582 [hu.
1898 506 1989 568 lm

564 633 709 707 situdini
728 643 841 707 nostre
863 635 1036 710 humiliter
1057 639 1297 733 supplicarunt
1326 649 1366 712 nt
1390 638 1487 733 quod
1510 647 1649 735 propter
1669 661 1826 735 paganos
1846 643 1990 714 vicinos

566 756 712 832 valdeac
731 779 836 855 prope
850 781 888 833 se
906 761 1036 856 positos
1051 770 1086 835 et
1102 784 1166 858 pro
1182 763 1324 858 speciali
1343 761 1543 838 defensione
1559 762 1780 858 quorundam
1798 764 1988 838 hominnm

566 882 718 976 regionis
742 881 835 955 illius
851 882 896 956 de
916 905 1008 958 novo
1035 885 1072 956 in
1090 886 1222 959 Christo
1247 885 1486 978 credencium,
1512 887 1733 980 benignitatis
1754 897 1875 962 nostre
1892 891 1987 962 snb-

564 1005 693 1079 sidium
718 1017 791 1080 crat
814 1008 866 1080 eis
888 1009 1075 1104 plurimum
1108 1021 1340 1103 oportunum,
1359 1031 1480 1082 omnes
1500 1010 1734 1105 possessiones
1749 1021 1786 1082 et
1809 1012 1985 1106 juraque

564 1131 784 1205 aLivonensi
814 1155 856 1205 ac
880 1134 1033 1205 Lealensi
1059 1133 1231 1228 episcopis
1253 1133 1288 1204 in
1314 1133 1470 1228 partibus
1491 1133 1558 1204 illis
1572 1134 1666 1226 juste
1689 1133 1870 1228 possident
1891 1146 1928 1208 et
1947 1135 1983 1206 in

564 1256 718 1328 futurum
746 1259 839 1349 justo
862 1257 960 1328 titulo
986 1267 1148 1353 poterunt
1169 1257 1336 1352 adipisci,
1359 1257 1445 1352 ipsis
1474 1239 1696 1349 confirmare,
1719 1269 1754 1330 et
1777 1259 1982 1352 quodcum-

563 1401 633 1474 que
655 1401 766 1473 genus
787 1379 863 1452 sive
890 1381 1066 1453 materiam
1092 1381 1219 1454 metalli
1242 1381 1309 1454 suh
1337 1390 1426 1454 terra
1451 1381 1527 1453 sive
1553 1403 1660 1476 super
1684 1391 1809 1454 terram
1840 1383 1876 1454 in
1900 1383 1981 1456 dis·

562 1503 664 1574 trictu
685 1513 720 1575 et
737 1503 928 1575 terminisa
949 1502 1114 1598 predictis
1136 1504 1307 1598 episcopis
1326 1505 1499 1576 concessis
1521 1503 1567 1576 de
1592 1513 1707 1576 cetero
1730 1513 1896 1599 poterunt
1917 1508 1980 1578 in-

562 1627 698 1714 venire,
731 1627 828 1723 qnod
851 1627 897 1700 ad
927 1629 1138 1723 imperialem
1166 1649 1337 1702 cameram
1365 1637 1515 1701 nostram
1547 1629 1695 1723 pertinet
1721 1630 1777 1700 vel
1808 1631 1978 1724 pertinere

562 1763 695 1848 posset,
726 1753 793 1824 sibi
820 1753 1023 1846 cunctisque
1048 1775 1168 1826 eorum
1195 1753 1454 1827 successoribus
1480 1750 1525 1824 de
1551 1753 1693 1848 speciali
1725 1754 1838 1847 gratia
1863 1764 1977 1827 nostra

563 1875 751 1950 concedere
768 1884 804 1948 et
822 1876 952 1949 donare
969 1877 1005 1948 in
1024 1887 1229 1974 perpetuum
1248 1878 1484 1971 dignaremur.
1507 1877 1577 1950 Nos
1592 1877 1697 1971 igitur
1718 1878 1976 1952 considerantes

563 2021 691 2094 agones
713 2021 802 2094 quos
825 2013 1032 2073 memoratus
1051 2003 1215 2093 magister
1230 2011 1266 2075 et
1286 2001 1413 2074 milites
1430 2001 1554 2073 Christi
1574 2002 1694 2073 iratres
1707 2001 1762 2072 sui
1780 2003 1976 2096 frequenter

563 2127 730 2198 sustinent
756 2148 818 2222 pro
842 2125 912 2200 fide
937 2126 1080 2219 Christi,
1107 2137 1141 2200 et
1161 2149 1266 2222 qnam
1292 2128 1362 2200 sint
1391 2127 1500 2200 eciam
1522 2127 1717 2200 necessarie
1737 2127 1835 2200 vires
1857 2149 1974 2200 eornm

563 2251 609 2324 ad
631 2250 871 2324 confortandos
897 2251 934 2324 in
960 2253 1126 2346 religione
1147 2253 1332 2326 christiana
1357 2262 1391 2324 et
1415 2251 1652 2326 defendendos
1672 2273 1733 2326 eos
1756 2252 1794 2324 in
1820 2254 1974 2348 partibus

562 2375 709 2469 illisqui
730 2375 777 2448 ad
800 2375 905 2448 fidem
922 2377 1126 2450 catholicam
1146 2386 1228 2450 sunt
1248 2377 1293 2450 de
1316 2398 1407 2450 novo
1424 2377 1598 2467 conversi,
1617 2397 1679 2472 pro
1696 2377 1898 2451 reverencia
1913 2377 1972 2450 Dei

560 2509 595 2572 et
619 2499 745 2571 intuitu
772 2500 1007 2574 retributionis
1031 2511 1166 2591 eterne,
1192 2521 1327 2574 necnon
1342 2511 1378 2574 et
1395 2523 1458 2597 pro
1473 2501 1626 2574 remedio
1651 2501 1814 2574 divorum
1841 2524 1973 2597 augus·

561 2632 673 2698 torum
695 2632 877 2720 parentum
903 2636 1095 2698 nostrorum
1122 2625 1305 2699 recolende
1331 2626 1494 2700 memorie
1517 2635 1552 2698 et
1574 2625 1836 2698 conservatione
1856 2626 1972 2698 salutis

562 2756 700 2838 eterne,
732 2748 1001 2844 supplicationes
1037 2748 1268 2845 predictorum
1298 2749 1452 2844 magistri
1477 2760 1511 2823 et
1539 2749 1687 2822 militum
1717 2749 1843 2822 Christi
1869 2751 1971 2824 mise-

562 2871 741 2944 ricorditer
764 2872 1001 2967 admittentes,
1030 2896 1149 2948 omncs
1172 2875 1406 2971 possessiones
1431 2885 1466 2948 et
1485 2878 1565 2968 jura
1591 2896 1703 2970 quea
1729 2876 1913 2949 Livonensi
1938 2885 1971 2948 et

563 2996 717 3069 Lealensi
741 2997 913 3092 episcopis
939 2999 975 3070 in
1000 2999 1156 3093 partibus
1180 2999 1247 3072 illis
1266 3000 1360 3092 juste
1385 2998 1563 3095 possident
1587 3009 1623 3072 et
1644 2998 1681 3070 in
1701 2999 1860 3072 futurum
1881 3001 1969 3091 justo

564 3119 662 3192 titulo
681 3129 840 3214 poterunt
859 3121 1027 3217 adipisci,
1046 3123 1129 3218 ipsis
1156 3124 1417 3219 inperpetuum
1438 3122 1692 3198 confirmamus.
1717 3123 1876 3196 Pretcrea
1897 3145 1968 3196 me·

562 3251 693 3316 morato
711 3243 873 3338 magistro
894 3257 929 3318 et
951 3247 1027 3340 ejus
1047 3248 1209 3322 tratribus
1229 3248 1375 3342 gratiam
1395 3249 1507 3322 lacere
1528 3247 1714 3344 specialem
1733 3249 1910 3339 volentes,
1926 3247 1968 3320 de

561 3367 830 3444 habundantiori
851 3371 1062 3466 benignitate
1081 3381 1115 3446 et
1137 3373 1343 3446 liberalitate
1359 3381 1474 3446 nostra
1499 3371 1724 3446 concedimus
1748 3381 1785 3444 et
1802 3371 1968 3444 donamus

560 3493 611 3566 eis
628 3494 832 3588 cunctisque
854 3493 1115 3599 successoribus·
1133 3495 1168 3566 in
1194 3503 1401 3590 perpetuum
1428 3503 1467 3565 ut
1495 3492 1732 3588 quodcunque
1758 3513 1873 3588 genus
1898 3493 1967 3568 sire

562 3617 738 3691 materiam
761 3617 890 3690 metalli
914 3619 981 3690 suh
1006 3628 1096 3692 terra
1118 3619 1194 3692 sive
1218 3619 1330 3692 eciam
1352 3626 1598 3715 superterram
1618 3617 1656 3691 in
1675 3618 1832 3692 districtu
1853 3629 1888 3692 et
1904 3628 1966 3692 ter-

562 3740 665 3814 minis
679 3738 888 3835 supradictis
912 3741 959 3815 de
980 3751 1093 3816 cetero
1114 3751 1276 3839 poterunt
1297 3743 1472 3832 invenire,
1492 3743 1589 3838 quod
1613 3743 1660 3818 ad
1681 3743 1898 3839 imperialem
1914 3765 1968 3817 ca·

562 3887 691 3940 meram
710 3874 862 3939 nostram
885 3867 1052 3960 pertineat
1072 3868 1130 3942 vel
1153 3868 1323 3962 pertinere
1347 3875 1478 3963 posset,
1504 3869 1579 3940 sine
1600 3865 1872 3940 contradictione
1887 3890 1968 3964 qua-

561 3991 645 4064 libet
661 3991 817 4086 accipere
838 3989 988 4064 debeant
1009 4000 1044 4063 et
1067 3991 1196 4066 habere
1213 3993 1259 4066 ad
1277 4013 1379 4064 mom
1397 3991 1575 4087 proprium
1593 3999 1628 4064 et
1645 3990 1829 4064 utilitatem
1847 3991 1968 4065 domus

561 4136 694 4188 eorum.
712 4114 768 4187 Ad
789 4114 855 4188 hoc
876 4115 993 4210 itaque
1014 4125 1181 4211 perpetuo
1198 4125 1233 4188 et
1254 4115 1523 4189 irrevocabiliter
1546 4113 1837 4207 conservandum,
1860 4117 1966 4211 impe·

560 4239 637 4312 riali
654 4239 846 4314 sanccimus
863 4239 976 4312 edicto
992 4247 1032 4312 ut
1054 4241 1149 4313 nulla
1172 4239 1313 4312 omnino
1327 4261 1495 4334 persona,
1522 4240 1591 4314 alta
1607 4239 1663 4312 vel
1682 4239 1842 4330 humilis,
1862 4241 1968 4312 eccle·

561 4365 698 4438 siastica
715 4365 771 4438 vel
791 4364 976 4452 secularis,
999 4372 1117 4436 contra
1135 4364 1240 4456 hujus
1260 4362 1491 4438 concessionis
1506 4372 1541 4437 et
1558 4362 1843 4442 mnhmaeionis
1857 4372 1967 4436 nostre

562 4497 713 4562 tenorem
733 4497 957 4562 memoratum
973 4487 1175 4582 magistram
1191 4497 1227 4560 et
1242 4487 1370 4560 milites
1393 4486 1518 4559 Christi
1535 4488 1655 4560 tratres
1671 4486 1748 4577 ojus
1764 4505 1806 4558 ac
1824 4505 1966 4558 sncces-

561 4633 655 4686 sorce
672 4633 792 4685 eornm
807 4634 912 4708 super
927 4611 1092 4708 predictis
1105 4613 1268 4686 omnibus
1287 4611 1461 4688 offendere
1480 4611 1526 4686 de
1540 4618 1666 4704 cetero,
1689 4609 1891 4705 perturbare
1907 4629 1966 4682 seu
