4368 5876
265 531 419 611 laurer.‘9.]
712 525 908 586 HISTORIA
935 523 1224 586 olubduuvlclt.
1612 524 1672 584 ⁴185

264 681 324 742 aut
341 669 455 762 legata
481 667 582 738 liceat
603 662 765 736 fratribus
788 661 944 755 ejusdem
963 661 1160 734 monasterii
1183 661 1359 756 percipere
1378 669 1481 754 atque
1500 661 1544 732 ad
1564 659 1673 754 ipsius

265 792 461 868 monasterii
479 812 568 887 opus
584 798 750 884 perpetuo
766 787 925 859 retinere.
942 788 1085 882 Insuper
1102 787 1147 858 de
1165 784 1408 858 abundantiori
1425 795 1540 857 nostre
1554 786 1674 856 muni-

265 918 401 992 ficentie
413 917 552 1013 pietate,
568 912 782 986 considerata
796 911 1017 1005 religiositate
1028 921 1062 982 et
1075 911 1239 984 charitate
1251 912 1392 984 fratrum
1406 910 1468 982 Dei
1481 919 1515 981 et
1529 910 1674 1002 virginis

265 1043 370 1116 Mario
395 1041 467 1113 lilio
490 1041 570 1112 Jesu
596 1037 728 1112 Christo
749 1039 820 1110 Deo
845 1037 990 1108 Domino
1018 1047 1133 1110 nostro
1154 1037 1395 1110 famulantium
1420 1035 1478 1108 die
1502 1045 1675 1128 noctuque

266 1170 301 1238 in
316 1167 471 1264 predicto
487 1187 584 1238 sacro
597 1163 802 1236 monasterio
820 1173 1027 1251 reverenter,
1041 1183 1158 1234 eorum
1175 1163 1281 1234 sacris
1292 1161 1505 1233 orationibus
1516 1159 1674 1254 adjuvari

264 1290 360 1385 apud
380 1291 494 1386 ipsum
511 1288 695 1361 Dominum
707 1286 836 1381 jugiter
854 1286 1066 1370 affectantes,
1090 1309 1169 1358 cum
1187 1285 1473 1358 remunerationis
1495 1286 1621 1356 intuitu
1640 1294 1674 1357 et

265 1438 327 1512 pro
344 1415 527 1488 animabus
544 1413 705 1487 divorum
731 1421 957 1508 augustorum
979 1424 1159 1508 parentum
1188 1414 1514 1508 progenitorumque
1534 1421 1675 1484 nostro-

265 1562 341 1611 rum
365 1548 547 1632 nostraque
567 1540 677 1610 salute
700 1536 966 1633 superaddendo
989 1536 1228 1626 concedimus,
1255 1537 1426 1610 donamus
1448 1547 1483 1609 et
1507 1537 1673 1630 assignari

263 1665 425 1737 volumus
439 1664 600 1736 lratiibus
614 1663 758 1759 predicti
772 1663 966 1736 monasterii
984 1672 1147 1758 perpetuo
1160 1662 1452 1758 apudOliverium
1463 1663 1508 1735 de
1520 1664 1674 1736 tonnaria

264 1800 380 1861 nostra
394 1788 533 1862 Oliverii
551 1789 606 1860 vel
620 1789 664 1860 de
678 1810 897 1882 quacumque
913 1787 979 1860 alia
995 1788 1151 1860 bonaria
1168 1797 1282 1860 nostra
1298 1789 1333 1858 in
1347 1788 1460 1859 Sicilia
1476 1789 1671 1876 maluerint,

266 1914 395 1986 ibidem
432 1915 574 1986 tonnine
608 1912 769 2008 primitus
802 1911 837 1983 in
870 1913 944 2008 ipsa
975 1914 1130 1987 tonnaria
1172 1913 1340 2009 capiendo
1373 1913 1512 1986 barrilia
1551 1913 1674 2006 viginti

264 2039 413 2112 fustibus
425 2050 459 2111 et
476 2040 547 2112 sale
565 2039 660 2111 curie
675 2046 789 2110 nostre
806 2060 867 2133 pro
884 2038 969 2133 ipsis
986 2059 1047 2133 per
1067 2050 1216 2110 nostram
1234 2039 1364 2111 curiam
1386 2039 1534 2110 totaliter
1549 2059 1673 2134 prepa-

263 2173 350 2254 rata,
365 2173 400 2236 et
414 2162 511 2258 quod
529 2163 649 2234 fratres
666 2161 822 2254 ejusdem
840 2162 1037 2234 monasterii
1053 2163 1203 2235 babeant
1219 2185 1281 2258 pro
1302 2165 1449 2259 propriis
1465 2164 1674 2236 animalibus

264 2290 337 2361 suis
353 2289 586 2383 glandaticum
602 2297 636 2359 et
651 2287 865 2360 herbaticum
885 2287 1032 2360 liberum
1047 2291 1089 2360 ac‘
1104 2288 1180 2361 sine
1200 2289 1271 2361 ulla
1287 2289 1445 2381 datione,
1464 2299 1498 2361 et
1520 2289 1674 2362 incidant

263 2411 371 2486 libere
384 2414 509 2505 trabes,
527 2412 729 2507 lignamina,
745 2412 854 2507 palos,
867 2412 973 2505 ligna,
984 2414 1102 2508 spinas
1114 2434 1155 2486 ao
1168 2414 1283 2485 omnia
1296 2414 1380 2508 ipsis
1392 2436 1453 2509 pro
1467 2417 1673 2486 monasterio

264 2535 418 2630 predicto
431 2544 465 2608 et
479 2535 654 2606 locissnis
675 2534 868 2607 necessaria
889 2535 935 2607 de
954 2536 1234 2630 qdibusoumque
1252 2537 1407 2630 pascuis,
1426 2539 1625 2608 nemoribus
1640 2551 1674 2608 et

263 2661 372 2754 sylvis
393 2661 491 2732 curie
511 2670 625 2732 nostre
648 2659 683 2730 in
708 2668 778 2732 toto
798 2680 905 2753 regno
928 2669 1042 2733 nostro
1063 2655 1129 2733 sibi
1144 2660 1345 2754 eligendis,
1368 2670 1402 2732 et
1426 2661 1548 2734 eadem
1570 2672 1673 2755 atque

263 2807 383 2859 eorum
395 2786 512 2858 omnia
529 2783 694 2858 victualia
711 2794 745 2856 et
763 2784 925 2857 animalia
943 2794 1092 2881 tam-per
1110 2806 1324 2882 marequam
1343 2797 1407 2882 per'
1425 2797 1549 2860 terram
1568 2788 1673 2860 libere

264 2911 447 2982 extrabant
463 2921 498 2982 ct
517 2911 624 2983 libere
644 2910 771 2984 deduci
790 2921 954 3007 perpetuo
968 2911 1014 2985 ad
1030 2934 1093 2984 sua
1114 2913 1189 2985 loca
1207 2911 1350 3003 iaciant,
1371 2923 1406 2988 et
1427 2912 1597 2986 ineundo
1616 2915 1671 2985 vel

263 3034 461 3126 redeundo,
485 3036 522 3106 in
547 3034 695 3107 emendo
720 3046 781 3107 aut
811 3035 996 3110 vendendo
1022 3036 1268 3131 quodcumque
1292 3037 1482 3126 voluerint,
1507 3038 1552 3110 ab
1577 3039 1670 3109 omni

263 3181 390 3254 genere
413 3159 619 3249 exactionis,
640 3160 791 3250 collecte,
813 3161 965 3255 angaris,
990 3160 1138 3256 pedagio
1159 3173 1220 3234 aut
1240 3163 1399 3257 passagio
1416 3161 1597 3233 ssuminum
1616 3165 1671 3234 vel

263 3285 419 3380 pontium
435 3305 513 3357 cum
532 3285 661 3357 lamllia
672 3285 876 3358 eorumdem
891 3301 952 3382 per
967 3296 1073 3359 totum
1087 3307 1233 3382 regnum
1249 3298 1404 3360 nestrum
1417 3288 1452 3358 in
1470 3299 1670 3382 perpetuum

263 3409 370 3482 liberi·
381 3409 450 3481 sint
465 3410 691 3482 etimmnnee
701 3419 988 3506 atqueperpetua
1004 3411 1181 3506 gaudeant
1197 3413 1371 3504 libertate;
1390 3423 1423 3485 et
1440 3415 1535 3506 quod
1553 3435 1672 3485 omnes

263 3555 409 3630 persone
434 3535 613 3607 et·lamuli
640 3535 976 3630 ipsiusmonasterii
1004 3534 1052 3608 ibi
1077 3537 1340 3610 habitantes·de
1368 3537 1530 3610 civilibus
1559 3537 1673 3610 causis

263 3679 397 3754 semper
412 3661 448 3730 in
458 3661 559 3732 carm
572 3683 640 3732 sua
654 3669 690 3732 et
702 3677 770 3732 non
784 3661 872 3732 auhn
879 3659 1028 3734 debeant
1040 3662 1230 3734 conveniri.
1247 3661 1302 3734 Ad
1317 3661 1547 3754 bujusautem
1560 3673 1673 3735 nostre

262 3783 497 3870 restitutionis,
524 3784 968 3879 protectionis,'libertatis,
991 3785 1221 3858 concessionis
1245 3797 1280 3858 et
1305 3785 1573 3859 confirmationis
1600 3809 1671 3858 me-

263 3907 407 3981 moriam
424 3919 459 3982 et
473 3911 641 3983 cautelam
653 3909 795 4006 predicti
810 3910 1005 3983 monasterii
1016 3921 1184 4007 perpetuo
1198 3912 1395 4000 valituram,
1414 3933 1555 4008 presens
1567 3913 1673 4008 privi-

263 4032 389 4128 legium
406 4033 473 4106 sibi
491 4034 622 4107 exinde
639 4033 973 4130 fierijussimuspsr
991 4057 1115 4108 manus
1128 4038 1268 4110 Ioannis
1283 4036 1328 4109 de
1343 4039 1529 4126 Panormo,
1550 4038 1672 4109 notarii

262 4157 425 4233 etlidelis
442 4159 563 4249 nostri,
580 4160 699 4254 sigillo
717 4161 904 4253 majestatis
921 4169 1036 4234 nostre
1052 4179 1152 4236 cereo
1168 4163 1377 4235 roboratum.

311 4285 434 4357 Datum
463 4284 602 4374 Catane,
633 4307 724 4360 anno
749 4287 992 4361 incarnationis
1019 4288 1190 4362 dominice
1218 4287 1401 4380 MCCXXI,
1426 4310 1545 4362 mense
1570 4289 1669 4379 maii,

263 4407 450 4482 indictione
468 4410 527 4484 IX.
