4272 5886
158 565 257 626 lrnrcr.
277 563 322 626 14
618 562 816 624 lllSTOIllli
839 562 1134 626 precellentes.
1521 565 1578 630 561

159 701 275 776 Sicilie
297 722 376 774 rex.‘
399 699 486 774 Cum
508 699 764 796 imperatoriam
788 701 908 776 deceat
929 701 1143 794 maiestatem
1168 702 1291 778 merita
1314 724 1458 777 snorum
1484 699 1580 776 lide-

159 827 247 898 hum
266 826 450 916 diiigenter
471 825 648 900 attendere
671 837 706 900 et
728 827 963 919 subjectorum
980 827 1292 924 supplicationibus
1312 829 1417 923 justis
1435 825 1576 917 adesse,

159 961 256 1024 tanto
277 952 393 1047 potins
418 950 465 1026 ad
491 961 726 1026 sacrosanctas
744 953 906 1026 ecclesias
931 953 1050 1026 oculos
1074 961 1208 1026 tenetur
1235 952 1404 1026 reducere
1428 951 1577 1048 pietatis,

160 1086 292 1171 quanto
313 1077 405 1172 regis
425 1097 547 1170 regum
576 1129 1032 1153 ............
1060 1078 1146 1152 lnde
1167 1086 1220 1150 est
1242 1078 1349 1171 igitur
1370 1076 1467 1173 quod
1494 1079 1581 1150 ller-

160 1200 278 1272 luinns
289 1200 803 1297 venerahilisllusteriensis(l)
816 1201 1107 1297 archiepiscopus,
1120 1200 1233 1275 fidelis
1242 1213 1369 1292 noster,
1382 1223 1444 1298 per
1456 1203 1583 1276 lohan-

161 1345 241 1396 nem
255 1325 459 1397 canonicum
473 1322 630 1417 eiusdem
647 1325 804 1416 ecclesie,
824 1323 962 1399 fidelem
977 1336 1146 1418 nostrum,
1161 1325 1340 1422 quoddam
1357 1327 1578 1422 privilegium

161 1447 236 1520 divi
257 1449 396 1544 augusti
413 1449 592 1544 quondam
610 1451 719 1546 patris
739 1452 846 1524 nostri
864 1451 996 1524 domini
1022 1452 1236 1548 imperatoris
1257 1453 1394 1527 Henrici
1413 1453 1581 1527 recorda-

160 1575 402 1670 tionisinclyte
412 1574 621 1668 jamdudum
635 1577 750 1651 eidem
763 1577 907 1652 ecclesie
920 1599 983 1652 sno
995 1577 1041 1650 ab
1054 1577 1363 1674 ipsopatrcnostro
1377 1599 1579 1652 concessum

161 1707 277 1772 nostre
301 1700 497 1774 celsitudini
517 1703 745 1796 presentavit,
772 1703 948 1775 humiliter
971 1703 1174 1798 supplicans
1197 1713 1232 1776 et
1257 1702 1385 1777 devote
1407 1711 1581 1797 quatenus

160 1823 383 1919 privilegium
400 1825 517 1920 ipsum
534 1824 580 1898 de
602 1827 710 1900 verbo
736 1826 782 1900 ad
803 1827 951 1901 verbum
973 1827 1153 1900 transcribi
1174 1836 1210 1900 et
1224 1850 1294 1922 que
1315 1827 1352 1900 in
1374 1828 1449 1923 ipso
1469 1828 1579 1901 conti-

162 1959 288 2023 nentur
310 1950 426 2025 eidem
446 1951 591 2026 ecclesie
616 1952 819 2026 confirmare
840 1953 877 2024 in
902 1961 1106 2050 perpetuum
1129 1951 1175 2026 de
1192 1961 1309 2026 nostra
1325 1953 1437 2048 gratia
1454 1950 1580 2048 digna·

160 2097 297 2169 remur;
316 2079 418 2171 cujus
432 2077 605 2172 privilegii
623 2087 721 2152 tenor
734 2079 812 2152 talis
831 2088 909 2152 est:

211 2203 250 2274 ln
275 2204 415 2279 nomine
433 2214 551 2280 sancte
570 2214 606 2278 et
624 2204 809 2278 individue
827 2204 1013 2312 Trinitatis.
1040 2204 1209 2277 Henrious
1233 2211 1354 2278 sextus
1375 2202 1495 2277 divina
1521 2204 1582 2278 la-

161 2337 266 2402 vente
282 2329 463 2404 clementia
479 2333 711 2406 Romanorum
728 2331 925 2426 imperator,
943 2351 1078 2425 sempor
1095 2337 1283 2424 augustus,
1303 2351 1363 2401 rex
1378 2329 1507 2402 Sicilie.
1524 2328 1580 2402 Ad

161 2454 305 2549 superni
319 2455 411 2549 regis
427 2456 572 2549 gloriam
590 2467 625 2532 et
639 2456 826 2554 imperialis
843 2476 969 2532 corone
981 2457 1028 2530 ab
1043 2477 1085 2528 eo
1100 2455 1201 2528 nohis
1217 2455 1347 2528 credite
1360 2456 1582 2551 temporalem

161 2580 402 2654 excellentiam
417 2581 602 2676 animeque
615 2580 808 2654 remedium
824 2579 1063 2681 [potissimum
1084 2580 1185 2653 nohis
1204 2580 1368 2677 prodesse
1385 2603 1579 2676 speramus,

162 2707 192 2780 si
209 2707 371 2780 ecclesias
386 2707 450 2781 Dei
465 2717 499 2781 et
515 2709 764 2782 ecclesiasticas
779 2704 959 2804 personas]
976 2729 1046 2780 non
1063 2709 1174 2780 solum
1188 2707 1223 2780 in
1234 2707 1313 2799 jure
1326 2706 1502 2781 ethonore
1517 2730 1582 2782 sno

162 2853 422 2920 conservamus,
441 2835 683 2908 verumetiam
700 2835 759 2925 [in
774 2839 853 2926 sno]
870 2835 993 2908 robore
1009 2833 1231 2928 protectionis
1253 2841 1369 2906 nostre
1391 2833 1583 2908 munimine

163 2955 366 3049 dilatamus,
383 2967 555 3054 quatenus
573 2959 704 3034 llartba
724 2961 782 3052 [in
801 2981 866 3034 suo
887 2960 1049 3034 exteriori
1069 2958 1259 3032 ministerio
1276 2960 1471 3032 necessitati
1492 2970 1583 3032 tem-

162 3085 345 3179 poralium]
360 3085 546 3160 sufficienti
564 3087 690 3178 officio,
707 3088 815 3163 illaria
829 3086 983 3163 interiori
998 3086 1197 3161 divinorum
1216 3087 1504 3183 contemplatione
1519 3109 1582 3183 per

162 3209 334 3283 orationes
349 3211 507 3284 securius
524 3211 665 3304 intente,
684 3213 799 3284 sinum
818 3212 978 3308 perennis
995 3211 1230 3285 misericordie
1246 3211 1386 3308 speciali
1405 3212 1581 3308 religionis

161 3356 225 3408 sue
258 3335 422 3430 suffragio
451 3336 590 3410 valeant
620 3337 806 3412 animabus
832 3337 956 3411 nostris
986 3346 1022 3412 et
1050 3336 1199 3410 filiorum
1229 3337 1582 3433 predecessorumque

162 3467 357 3534 nostrornm
382 3461 527 3558 aperire.
553 3463 604 3536 lla
625 3471 763 3559 propter
784 3473 855 3537 tam
878 3485 1019 3560 presens
1042 3473 1115 3536 etas
1140 3461 1296 3536 fidelium
1316 3462 1452 3560 imperii
1474 3485 1580 3558 qnam

161 3587 360 3660 successiva
379 3587 561 3682 posteritas
583 3599 767 3683 cognoscat
786 3590 881 3685 quod
901 3612 964 3664 nos
985 3589 1202 3665 attendentes
1224 3590 1438 3664 honestatem
1461 3590 1579 3664 dilecti

162 3719 197 3782 et
227 3709 339 3786 fidelis
369 3713 475 3785 nostri
502 3711 671 3809 Avmonis
702 3716 911 3790 venerabilis
936 3716 1172 3790 Musteriensis
1200 3715 1471 3812 archiepiscopi,
1499 3716 1579 3789 reli-

161 3836 293 3930 giosam
307 3857 450 3933 quoqne
460 3840 757 3914 conversationem
767 3842 1041 3936 congregationis
1054 3843 1199 3919 ecclesie
1216 3841 1261 3918 de
1275 3843 1452 3930 Musterio,
1465 3842 1581 3936 ipsum

161 3962 460 4060 archiepiscopum
484 3974 520 4040 et
540 3965 718 4038 ecclesiam
743 3967 820 4057 ejus
835 3989 941 4061 quam
959 3967 1200 4040 serenissimus
1213 3975 1309 4062 pater
1329 3975 1443 4040 noster
1462 3964 1582 4040 Fride·

161 4087 255 4160 ricus
277 4089 509 4163 Romanorum
531 4090 717 4186 imperator
737 4091 840 4164 divus
861 4103 1031 4186 augustus
1054 4091 1099 4165 de
1116 4090 1582 4188 regalibus-Tarentosiensis

161 4213 478 4311 archiepiscopatus
495 4237 557 4311 per
574 4227 748 4313 sceptrum
767 4218 945 4314 imperiale
958 4220 1154 4295 solemniter
1173 4218 1351 4292 investivit
1366 4226 1402 4290 et
1417 4238 1582 4312 persam

161 4337 249 4411 inibi
268 4339 400 4415 divinis
422 4343 635 4439 mancipatas
651 4354 686 4418 et
705 4344 955 4441 mancipandas
979 4345 1170 4440 ohsequiis,
1191 4359 1272 4424 cum
1292 4343 1454 4417 omnibus
1474 4343 1580 4418 rebus

160 4471 267 4560 atquc
291 4467 565 4561 possessionibus
583 4469 657 4542 suis
678 4491 767 4564 quas
784 4493 878 4542 nnnc
896 4470 1026 4544 hahent
1047 4471 1106 4544 vel
1132 4471 1169 4543 in
1188 4477 1386 4566 posterum,
1406 4479 1581 4565 prestante

162 4635 305 4652 με.

52 4753 56 4762 ·
197 4717 233 4793 (l)
252 4719 360 4779 Scilicet
372 4723 408 4781 de
418 4725 533 4784 uum
545 4741 594 4784 seu
606 4727 754 4800 Marcum
769 4727 849 4800 vulgo
862 4729 1028 4786 Tormtct'se.

261 4821 303 4883 11.
1388 4836 1422 4890 ll
