4272 5886
191 549 288 610 lustror.
308 545 370 620 lt]
644 539 841 602 tltst'otttt
866 538 1158 602 otrtonnvlcrt
1549 531 1607 594 591

193 685 297 758 clasis
313 680 448 769 studio,
468 688 578 752 totum
596 677 807 750 attribuebaa
825 677 982 769 ejusdem
1001 677 1135 750 tutricis
1150 671 1327 750 laboribus
1340 670 1509 768 quicquid
1529 691 1606 742 eras

193 817 227 880 et
241 807 345 880 otiam
360 804 457 900 quod
472 802 630 876 vivebas.
649 801 750 874 Unde
771 801 877 896 igitur
893 809 963 875 tam
984 801 1154 874 contraria
1175 800 1267 891 istis,
1282 807 1354 871 tam
1371 796 1507 870 novella
1527 815 1606 890 pro·

194 930 296 1004 cessit
316 929 457 1025 opinio?
474 926 574 1000 Unda
597 927 809 1021 presumptio
829 936 900 998 tarn
918 926 1063 1001 adversa
1085 934 1120 998 at
1136 933 1212 998 tam
1229 923 1409 1020 repentina
1429 920 1606 1017 prorupit?

194 1054 231 1126 Si
250 1053 343 1126 enim
363 1052 526 1146 frequens
549 1051 668 1122 missio
691 1052 880 1124 litterarum
901 1050 1060 1124 comitam
1083 1049 1327 1123 conscientiam
1353 1047 1520 1118 mittentis
1543 1045 1606 1120 ba·

193 1177 315 1268 babet,
342 1198 422 1249 cum
450 1175 545 1248 nulla
574 1174 759 1248 subsecuta
784 1174 829 1251 sit
855 1195 958 1248 causa
985 1194 1075 1247 nova
1097 1173 1238 1247 scientia
1256 1193 1322 1246 nec
1348 1171 1491 1246 scicntia
1515 1189 1608 1243 nova

193 1321 315 1389 causa,
342 1322 405 1373 our
432 1299 667 1394 calumpniose
691 1299 907 1393 impungitur
932 1298 1029 1393 quod
1052 1297 1229 1371 evidentia
1253 1297 1333 1369 lacti
1355 1317 1425 1368 non
1454 1295 1606 1390 patitur?

194 1424 262 1496 Cur
279 1424 347 1498 sub
363 1423 516 1518 quodam
535 1423 714 1497 involucro
736 1422 949 1518 duplicitatis
972 1423 1116 1494 insertur
1132 1419 1228 1517 quod
1251 1421 1301 1494 rai
1319 1420 1520 1517 simplicitas
1534 1441 1604 1492 non

194 1549 365 1624 admittit?
390 1548 492 1634 Quod
512 1548 543 1620 si
560 1548 686 1641 scripta
709 1547 873 1641 premissa
891 1555 988 1620 arant
1006 1547 1169 1620 desdtutc
1188 1545 1390 1619 credulitate
1409 1544 1603 1636 scribentis,

193 1683 253 1747 tua
275 1673 534 1769 circumspectio
559 1672 785 1765 colligatque
811 1671 857 1743 da
881 1671 956 1744 istis
979 1671 1085 1746 illatio
1115 1672 1360 1766 subsequatur.
1386 1672 1518 1744 Suntne
1539 1671 1606 1742 ista

197 1796 441 1894 subsidiaque
463 1797 684 1893 promittebas
707 1795 859 1868 Ecclesia
883 1795 912 1868 si
934 1797 1120 1870 necessitas
1145 1797 1358 1870 immineret?
1379 1796 1484 1868 Estne
1507 1795 1604 1868 retri-

193 1922 346 1996 butionis
367 1923 509 1996 effectus
527 1943 632 2016 quem
651 1919 817 1994 offerebas
834 1920 864 1994 si
882 1941 1069 2014 gravamen
1094 1921 1311 1994 occurreret?
1335 1921 1410 1992 Non
1433 1919 1471 1992 id
1496 1927 1606 1992 mator

192 2048 390 2143 expectavit
403 2069 425 2122 a
438 2046 523 2132 filio,
538 2067 608 2121 non
622 2045 661 2120 id
680 2047 787 2119 tutrix
802 2057 986 2143 expectare
1000 2046 1122 2120 debuit
1137 2068 1159 2118 a
1173 2046 1316 2141 pupillo.
1333 2046 1386 2118 lla
1404 2042 1514 2118 Densi
1535 2065 1605 2140 qna

193 2173 229 2244 in
246 2173 307 2246 tali
328 2171 399 2246 filio
420 2173 493 2268 spei
513 2173 660 2267 reliquia
681 2172 758 2244 aliis
774 2173 1032 2266 relinquuntur,
1053 2172 1082 2244 si
1100 2181 1209 2243 mater
1224 2181 1294 2244 mm
1311 2170 1460 2264 diligens
1482 2169 1606 2267 despa-

192 2319 268 2369 rare
281 2298 447 2391 cogatur?
464 2299 515 2370 Ha
530 2299 639 2371 Deus!
660 2318 730 2392 que
748 2297 785 2368 in
803 2297 864 2370 tali
880 2297 1013 2393 pupillo
1029 2297 1222 2390 fragmenta
1242 2297 1371 2369 laveris
1387 2297 1491 2369 ceteri
1510 2296 1605 2368 oolli-

193 2430 288 2512 gent,
309 2423 339 2494 si
360 2423 468 2494 tutrix
484 2431 554 2494 mm
571 2422 665 2495 utilis
674 2421 800 2514 jaculis
819 2421 1040 2495 detractionis
1062 2419 1259 2516 impetitur?
1277 2423 1330 2492 Ha
1342 2415 1451 2492 Densi
1472 2433 1558 2513 quot
1572 2430 1608 2494 et

193 2552 341 2636 quantos
359 2545 494 2618 labores
509 2545 625 2617 amisit
642 2545 811 2637 Ecclesia,
830 2546 861 2618 si
881 2546 1012 2641 palmas
1036 2567 1140 2639 ιιιιθιιι
1157 2546 1268 2618 multo
1287 2544 1415 2618 sudore
1435 2545 1607 2641 plantavit

194 2677 229 2739 ct
250 2669 355 2740 coluit
370 2669 405 2739 iu
432 2645 698 2742 amaritudinem
725 2668 806 2741 vitis
824 2669 1035 2742 convertitur
1055 2670 1184 2758 aliene,
1208 2691 1289 2742 cum
1310 2669 1356 2741 sit
1373 2670 1515 2742 minoris
1534 2669 1606 2743 dis·

195 2791 312 2885 pendii
330 2793 462 2866 tructus
474 2794 588 2866 nullos
606 2792 798 2888 producere
809 2814 914 2887 quam
935 2790 1096 2866 nocivosl
1117 2794 1269 2888 Oquam
1282 2793 1408 2866 uberes
1420 2794 1602 2890 lacrymas,

191 2937 296 3008 quam
321 2939 456 2990 amaras
480 2917 588 2992 lalicis
609 2917 857 2991 recordationis
878 2919 1098 2990 innocentius
1124 2940 1215 3014 papa
1247 2917 1470 3013 predecessor
1491 2928 1609 2994 noster

192 3041 366 3114 multoties
378 3062 442 3137 pro
460 3039 618 3116 tutudit!
642 3041 817 3136 Oquuuta
830 3042 1066 3116 sollicitudine
1078 3042 1249 3116 laboravit
1264 3052 1305 3114 ut
1319 3052 1353 3116 te
1369 3065 1390 3115 a
1406 3044 1603 3116 nocentium

192 3165 340 3260 eriparat
357 3165 518 3238 manibus
535 3175 569 3240 et
584 3165 823 3240 insidiantium
841 3168 976 3260 laqueis
991 3167 1153 3241 liberaret
1166 3177 1201 3241 at
1217 3169 1319 3262 quasi
1334 3167 1379 3244 da
1393 3170 1512 3242 mortis
1530 3171 1605 3242 lau·

193 3289 292 3362 cibus
324 3287 563 3386 extorqueret!
589 3289 678 3364 Ecce
695 3289 782 3387 quid
807 3292 1040 3365 retributionis
1062 3291 1177 3366 eidem
1196 3293 1383 3387 imperialis
1401 3293 1606 3366 excellentia

193 3415 306 3486 affert!
327 3415 418 3488 Ecce
430 3414 659 3511 quidragalis
676 3414 932 3510 magnificantia
945 3427 1201 3514 recompensat,
1224 3417 1308 3490 dum
1324 3417 1448 3514 pupilli
1461 3419 1532 3491 vita
1553 3419 1606 3489 in·

194 3539 337 3614 sidiator
351 3542 506 3614 occultus
521 3539 648 3614 dicitur
661 3550 696 3614 et
710 3541 879 3616 bonorum
895 3544 1020 3616 tacitus
1036 3538 1217 3638 spoliatorl
1240 3542 1418 3636 Recogita,
1433 3540 1483 3612 fili
1497 3542 1606 3615 laris·

193 3665 297 3755 sima,
323 3673 360 3738 et
381 3665 470 3738 intra
496 3666 644 3740 claustra
665 3665 716 3736 tui
737 3667 884 3761 pectoris
908 3667 1078 3760 frequenti
1099 3666 1322 3740 meditatione
1337 3668 1480 3742 revolve
1500 3688 1607 3761 quam

193 3805 359 3878 parvum,
381 3804 487 3878 quam
508 3781 709 3878 depressum
727 3793 761 3856 ta
786 3783 844 3856 illa
868 3805 1028 3856 summus
1051 3784 1208 3878 pontifex
1233 3793 1311 3880 post
1335 3785 1467 3857 obitum
1490 3785 1609 3858 matris

192 3907 337 4003 aceepit,
352 3929 460 4001 quam
476 3908 642 4002 grandem
656 3928 832 4002 quamque
844 3917 1040 4003 promotum
1056 3909 1092 3978 in
1109 3929 1174 3982 sue
1191 3919 1301 3981 morte
1316 3907 1467 4002 reliquit.
1487 3908 1605 3997 Porro,

193 4042 232 4104 ut
257 4031 451 4122 madimus,
481 4033 608 4106 tenella
632 4031 776 4104 infantie
801 4031 955 4106 nondum
987 4031 1074 4106 linas
1097 4031 1260 4124 attigeras
1288 4053 1367 4104 cum
1395 4031 1523 4127 impius
1549 4033 1608 4107 illa

192 4156 430 4247 blareualdus,
450 4159 502 4230 tui
524 4157 671 4231 nominis
699 4155 868 4230 detractor
887 4157 1042 4254 perfidus
1067 4159 1264 4254 avidusque
1286 4168 1424 4230 tuorum
1447 4157 1605 4250 invasor,

192 4281 293 4372 regni
319 4281 435 4354 Sicilia
461 4291 571 4356 metas
595 4304 781 4378 aggressus
809 4294 845 4356 et
870 4292 1035 4379 utrasque
1055 4305 1179 4358 manus
1200 4283 1391 4356 invasionis
1415 4281 1609 4355 extendens

195 4415 348 4478 montem
375 4405 554 4479 Cassinum
580 4407 716 4482 obsedit
742 4417 776 4481 et
809 4409 994 4481 insultibus
1026 4409 1143 4481 multis
1171 4408 1337 4504 impetiit,
1362 4405 1529 4480 exercens
1554 4406 1610 4480 sui

196 4527 302 4600 robur
319 4529 494 4604 exercitus
507 4532 554 4606 ad
566 4540 741 4628 speratum
762 4533 1005 4607 exterminium
1033 4533 1212 4629 captionis.
1233 4532 1303 4606 Sed
1319 4531 1355 4603 iu
1370 4530 1437 4604 boc
1459 4531 1610 4604 Ecclesia

194 4652 392 4728 sollicitudo
412 4676 483 4729 non
501 4654 611 4730 deluit
634 4677 704 4751 qua
728 4677 789 4753 per
808 4656 897 4731 duos
922 4656 1114 4733 cardinales
1138 4680 1218 4732 cum
1240 4656 1360 4730 multis
1383 4655 1552 4730 militibus
1577 4663 1612 4729 et
