<?xml version="1.0" encoding="UTF-8"?>
<!DOCTYPE html PUBLIC "-//W3C//DTD XHTML 1.0 Transitional//EN"
    "http://www.w3.org/TR/xhtml1/DTD/xhtml1-transitional.dtd">
<html xmlns="http://www.w3.org/1999/xhtml" xml:lang="en" lang="en">
 <head>
  <title>
</title>
<meta http-equiv="Content-Type" content="text/html;charset=utf-8" />
  <meta name='ocr-system' content='tesseract 3.04.00' />
  <meta name='ocr-capabilities' content='ocr_page ocr_carea ocr_par ocr_line ocrx_word'/>
</head>
<body>
  <div class='ocr_page' id='page_1' title='image "./historiadiploma08fredgoog_0248.png"; bbox 0 0 4296 5898; ppageno 0'>
   <div class='ocr_carea' id='block_1_1' title="bbox 540 521 1947 599">
    <p class='ocr_par' dir='ltr' id='par_1_1' title="bbox 540 521 1947 599">
     <span class='ocr_line' id='line_1_1' title="bbox 540 521 1947 599; baseline -0.001 -15"><span class='ocrx_word' id='word_1_1' title='bbox 540 521 601 584; x_wconf 77' lang='lat'>236</span> <span class='ocrx_word' id='word_1_2' title='bbox 1042 521 1257 583; x_wconf 78' lang='lat' dir='ltr'>rntoeolct</span> <span class='ocrx_word' id='word_1_3' title='bbox 1283 521 1454 582; x_wconf 75' lang='lat' dir='ltr'>secuso}</span> <span class='ocrx_word' id='word_1_4' title='bbox 1768 521 1849 599; x_wconf 77' lang='lat' dir='ltr'><strong>[An.</strong></span> <span class='ocrx_word' id='word_1_5' title='bbox 1868 521 1947 583; x_wconf 75' lang='lat'>1222</span> 
     </span>
    </p>
   </div>
   <div class='ocr_carea' id='block_1_2' title="bbox 543 653 1950 1297">
    <p class='ocr_par' dir='ltr' id='par_1_2' title="bbox 543 653 1950 1297">
     <span class='ocr_line' id='line_1_2' title="bbox 543 653 1948 765; baseline 0.004 -31"><span class='ocrx_word' id='word_1_6' title='bbox 543 654 697 736; x_wconf 81' lang='lat' dir='ltr'>intrarit</span> <span class='ocrx_word' id='word_1_7' title='bbox 713 664 752 736; x_wconf 94' lang='lat' dir='ltr'>et</span> <span class='ocrx_word' id='word_1_8' title='bbox 767 655 896 762; x_wconf 88' lang='lat' dir='ltr'>plures</span> <span class='ocrx_word' id='word_1_9' title='bbox 918 655 999 738; x_wconf 92' lang='lat' dir='ltr'>dies</span> <span class='ocrx_word' id='word_1_10' title='bbox 1017 663 1106 738; x_wconf 90' lang='lat' dir='ltr'>cum</span> <span class='ocrx_word' id='word_1_11' title='bbox 1123 681 1224 765; x_wconf 92' lang='lat' dir='ltr'>papa</span> <span class='ocrx_word' id='word_1_12' title='bbox 1241 656 1409 739; x_wconf 85' lang='lat' dir='ltr'>Honorio</span> <span class='ocrx_word' id='word_1_13' title='bbox 1426 664 1598 738; x_wconf 81' lang='lat' dir='ltr'>moratur</span> <span class='ocrx_word' id='word_1_14' title='bbox 1620 653 1782 762; x_wconf 82' lang='lat' dir='ltr'>ibidem,</span> <span class='ocrx_word' id='word_1_15' title='bbox 1797 656 1846 738; x_wconf 92' lang='lat' dir='ltr'>de</span> <span class='ocrx_word' id='word_1_16' title='bbox 1859 680 1948 739; x_wconf 89' lang='lat' dir='ltr'>suc-</span> 
     </span>
     <span class='ocr_line' id='line_1_3' title="bbox 543 787 1948 899; baseline 0.001 -31"><span class='ocrx_word' id='word_1_17' title='bbox 543 813 659 869; x_wconf 87' lang='lat' dir='ltr'>cursu</span> <span class='ocrx_word' id='word_1_18' title='bbox 678 787 814 869; x_wconf 84' lang='lat' dir='ltr'>Terrae</span> <span class='ocrx_word' id='word_1_19' title='bbox 832 789 992 871; x_wconf 83' lang='lat' dir='ltr'>Sanctae</span> <span class='ocrx_word' id='word_1_20' title='bbox 1006 800 1043 872; x_wconf 87' lang='lat' dir='ltr'>et</span> <span class='ocrx_word' id='word_1_21' title='bbox 1060 789 1277 899; x_wconf 88' lang='lat' dir='ltr'>frequenter</span> <span class='ocrx_word' id='word_1_22' title='bbox 1297 798 1335 872; x_wconf 94' lang='lat' dir='ltr'>et</span> <span class='ocrx_word' id='word_1_23' title='bbox 1356 788 1507 899; x_wconf 92' lang='lat' dir='ltr'>publice</span> <span class='ocrx_word' id='word_1_24' title='bbox 1520 797 1699 872; x_wconf 64' lang='lat' dir='ltr'>uacans.</span> <span class='ocrx_word' id='word_1_25' title='bbox 1715 787 1948 894; x_wconf 82' lang='lat' dir='ltr'>lloumumos,</span> 
     </span>
     <span class='ocr_line' id='line_1_4' title="bbox 544 921 1950 1032; baseline 0.001 -30"><span class='ocrx_word' id='word_1_26' title='bbox 544 929 595 1002; x_wconf 84' lang='lat' dir='ltr'>De</span> <span class='ocrx_word' id='word_1_27' title='bbox 608 935 764 1002; x_wconf 79' lang='lat' dir='ltr'>monost.</span> <span class='ocrx_word' id='word_1_28' title='bbox 788 929 943 1020; x_wconf 73' lang='lat' dir='ltr'>Cosam„</span> <span class='ocrx_word' id='word_1_29' title='bbox 962 949 1047 1031; x_wconf 89' lang='lat' dir='ltr'>cap.</span> <span class='ocrx_word' id='word_1_30' title='bbox 1064 923 1129 1030; x_wconf 82' lang='lat' dir='ltr'>IV,</span> <span class='ocrx_word' id='word_1_31' title='bbox 1145 951 1184 1032; x_wconf 91' lang='lat' dir='ltr'>p.</span> <span class='ocrx_word' id='word_1_32' title='bbox 1197 925 1266 1030; x_wconf 79' lang='lat'>50,</span> <span class='ocrx_word' id='word_1_33' title='bbox 1281 950 1328 1006; x_wconf 82' lang='lat' dir='ltr'>ex</span> <span class='ocrx_word' id='word_1_34' title='bbox 1347 926 1435 1007; x_wconf 81' lang='lat' dir='ltr'>dod.</span> <span class='ocrx_word' id='word_1_35' title='bbox 1464 922 1577 1005; x_wconf 80' lang='lat' dir='ltr'>Votic.</span> <span class='ocrx_word' id='word_1_36' title='bbox 1589 921 1841 1005; x_wconf 88' lang='lat' dir='ltr'>-llonorius</span> <span class='ocrx_word' id='word_1_37' title='bbox 1858 947 1950 1030; x_wconf 87' lang='lat' dir='ltr'>papa</span> 
     </span>
     <span class='ocr_line' id='line_1_5' title="bbox 544 1052 1950 1166; baseline 0.001 -32"><span class='ocrx_word' id='word_1_38' title='bbox 544 1079 675 1136; x_wconf 92' lang='lat' dir='ltr'>mense</span> <span class='ocrx_word' id='word_1_39' title='bbox 693 1052 885 1138; x_wconf 89' lang='lat' dir='ltr'>februario</span> <span class='ocrx_word' id='word_1_40' title='bbox 903 1056 1038 1139; x_wconf 91' lang='lat' dir='ltr'>urbem</span> <span class='ocrx_word' id='word_1_41' title='bbox 1056 1057 1184 1138; x_wconf 81' lang='lat' dir='ltr'>exiens</span> <span class='ocrx_word' id='word_1_42' title='bbox 1202 1058 1305 1140; x_wconf 79' lang='lat' dir='ltr'>venit</span> <span class='ocrx_word' id='word_1_43' title='bbox 1323 1057 1539 1166; x_wconf 83' lang='lat' dir='ltr'>Anagniam</span> <span class='ocrx_word' id='word_1_44' title='bbox 1558 1056 1608 1139; x_wconf 93' lang='lat' dir='ltr'>ad</span> <span class='ocrx_word' id='word_1_45' title='bbox 1625 1054 1950 1165; x_wconf 86' lang='lat' dir='ltr'>quemimperator</span> 
     </span>
     <span class='ocr_line' id='line_1_6' title="bbox 543 1186 1950 1297; baseline 0 -29"><span class='ocrx_word' id='word_1_46' title='bbox 543 1192 699 1268; x_wconf 80' lang='lat' dir='ltr'>vocatus</span> <span class='ocrx_word' id='word_1_47' title='bbox 715 1186 819 1268; x_wconf 83' lang='lat' dir='ltr'>vadit</span> <span class='ocrx_word' id='word_1_48' title='bbox 836 1195 874 1268; x_wconf 94' lang='lat' dir='ltr'>et</span> <span class='ocrx_word' id='word_1_49' title='bbox 891 1188 994 1296; x_wconf 92' lang='lat' dir='ltr'>apud</span> <span class='ocrx_word' id='word_1_50' title='bbox 1011 1186 1171 1270; x_wconf 85' lang='lat' dir='ltr'>Verulae</span> <span class='ocrx_word' id='word_1_51' title='bbox 1197 1213 1286 1270; x_wconf 91' lang='lat' dir='ltr'>cum</span> <span class='ocrx_word' id='word_1_52' title='bbox 1308 1188 1392 1297; x_wconf 94' lang='lat' dir='ltr'>ipso</span> <span class='ocrx_word' id='word_1_53' title='bbox 1413 1213 1513 1297; x_wconf 88' lang='lat' dir='ltr'>popa</span> <span class='ocrx_word' id='word_1_54' title='bbox 1539 1187 1764 1270; x_wconf 81' lang='lat' dir='ltr'>conveniens</span> <span class='ocrx_word' id='word_1_55' title='bbox 1787 1212 1855 1294; x_wconf 91' lang='lat' dir='ltr'>per</span> <span class='ocrx_word' id='word_1_56' title='bbox 1875 1186 1950 1268; x_wconf 90' lang='lat' dir='ltr'>dies</span> 
     </span>
    </p>
   </div>
   <div class='ocr_carea' id='block_1_3' title="bbox 544 1319 1947 1550">
    <p class='ocr_par' dir='ltr' id='par_1_3' title="bbox 544 1319 1947 1550">
     <span class='ocr_line' id='line_1_7' title="bbox 544 1319 1947 1432; baseline 0.001 -32"><span class='ocrx_word' id='word_1_57' title='bbox 544 1319 761 1430; x_wconf 91' lang='lat' dir='ltr'>quindecim</span> <span class='ocrx_word' id='word_1_58' title='bbox 781 1319 950 1404; x_wconf 82' lang='lat' dir='ltr'>solemne</span> <span class='ocrx_word' id='word_1_59' title='bbox 966 1321 1123 1404; x_wconf 87' lang='lat' dir='ltr'>insimul</span> <span class='ocrx_word' id='word_1_60' title='bbox 1141 1321 1375 1432; x_wconf 88' lang='lat' dir='ltr'>colloquium</span> <span class='ocrx_word' id='word_1_61' title='bbox 1384 1321 1566 1406; x_wconf 86' lang='lat' dir='ltr'>habuere.</span> <span class='ocrx_word' id='word_1_62' title='bbox 1578 1321 1677 1406; x_wconf 81' lang='lat' dir='ltr'>llice.</span> <span class='ocrx_word' id='word_1_63' title='bbox 1694 1349 1739 1402; x_wconf 87' lang='lat' dir='ltr'>nr</span> <span class='ocrx_word' id='word_1_64' title='bbox 1756 1321 1797 1404; x_wconf 91' lang='lat' dir='ltr'>S.</span> <span class='ocrx_word' id='word_1_65' title='bbox 1816 1322 1947 1427; x_wconf 79' lang='lat' dir='ltr'>Grau,</span> 
     </span>
     <span class='ocr_line' id='line_1_8' title="bbox 547 1453 915 1550; baseline 0 -16"><span class='ocrx_word' id='word_1_66' title='bbox 547 1453 736 1550; x_wconf 71' lang='lat' dir='ltr'>Cdrooic„</span> <span class='ocrx_word' id='word_1_67' title='bbox 761 1457 812 1534; x_wconf 90' lang='lat' dir='ltr'>od</span> <span class='ocrx_word' id='word_1_68' title='bbox 826 1481 915 1534; x_wconf 81' lang='lat' dir='ltr'>ooo.</span> 
     </span>
    </p>
   </div>
   <div class='ocr_carea' id='block_1_4' title="bbox 776 1769 984 1782">
    <p class='ocr_par' dir='ltr' id='par_1_4' title="bbox 776 1769 984 1782">
     <span class='ocr_line' id='line_1_9' title="bbox 776 1769 984 1782; baseline 0 -2"><span class='ocrx_word' id='word_1_69' title='bbox 776 1769 984 1782; x_wconf 59' lang='lat' dir='ltr'>un*</span> 
     </span>
    </p>
   </div>
   <div class='ocr_carea' id='block_1_5' title="bbox 395 2046 1953 2426">
    <p class='ocr_par' dir='ltr' id='par_1_5' title="bbox 395 2046 1953 2426">
     <span class='ocr_line' id='line_1_10' title="bbox 443 2046 1950 2180; baseline 0.001 -50"><span class='ocrx_word' id='word_1_70' title='bbox 443 2148 479 2180; x_wconf 62' lang='lat' dir='ltr'>m</span> <span class='ocrx_word' id='word_1_71' title='bbox 599 2046 833 2154; x_wconf 82' lang='lat' dir='ltr'>fridericus,</span> <span class='ocrx_word' id='word_1_72' title='bbox 857 2049 1118 2133; x_wconf 87' lang='lat' dir='ltr'>Romanorum</span> <span class='ocrx_word' id='word_1_73' title='bbox 1136 2051 1355 2160; x_wconf 86' lang='lat' dir='ltr'>imperator,</span> <span class='ocrx_word' id='word_1_74' title='bbox 1376 2053 1649 2135; x_wconf 91' lang='lat' dir='ltr'>monasterium</span> <span class='ocrx_word' id='word_1_75' title='bbox 1672 2051 1801 2136; x_wconf 84' lang='lat' dir='ltr'>Sancti</span> <span class='ocrx_word' id='word_1_76' title='bbox 1817 2051 1950 2134; x_wconf 82' lang='lat' dir='ltr'>Bomi-</span> 
     </span>
     <span class='ocr_line' id='line_1_11' title="bbox 395 2167 1951 2295; baseline 0.004 -35"><span class='ocrx_word' id='word_1_77' title='bbox 395 2191 444 2233; x_wconf 73' lang='lat'>¹¹¹</span> <span class='ocrx_word' id='word_1_78' title='bbox 463 2167 492 2234; x_wconf 93' lang='lat'>·&#39;</span> <span class='ocrx_word' id='word_1_79' title='bbox 548 2180 623 2261; x_wconf 93' lang='lat' dir='ltr'>nici</span> <span class='ocrx_word' id='word_1_80' title='bbox 642 2181 757 2263; x_wconf 89' lang='lat' dir='ltr'>situm</span> <span class='ocrx_word' id='word_1_81' title='bbox 775 2181 816 2263; x_wconf 94' lang='lat' dir='ltr'>in</span> <span class='ocrx_word' id='word_1_82' title='bbox 829 2181 1016 2266; x_wconf 84' lang='lat' dir='ltr'>territorio</span> <span class='ocrx_word' id='word_1_83' title='bbox 1031 2183 1192 2266; x_wconf 85' lang='lat' dir='ltr'>civitatis</span> <span class='ocrx_word' id='word_1_84' title='bbox 1211 2183 1326 2266; x_wconf 91' lang='lat' dir='ltr'>Sorae</span> <span class='ocrx_word' id='word_1_85' title='bbox 1343 2210 1413 2294; x_wconf 91' lang='lat' dir='ltr'>pro</span> <span class='ocrx_word' id='word_1_86' title='bbox 1430 2184 1698 2268; x_wconf 83' lang='lat' dir='ltr'>reformatione</span> <span class='ocrx_word' id='word_1_87' title='bbox 1710 2185 1951 2295; x_wconf 85' lang='lat' dir='ltr'>religioniset</span> 
     </span>
     <span class='ocr_line' id='line_1_12' title="bbox 547 2317 1953 2426; baseline -0.001 -29"><span class='ocrx_word' id='word_1_88' title='bbox 547 2339 795 2422; x_wconf 88' lang='lat' dir='ltr'>personarum</span> <span class='ocrx_word' id='word_1_89' title='bbox 828 2317 1059 2399; x_wconf 91' lang='lat' dir='ltr'>monasterio</span> <span class='ocrx_word' id='word_1_90' title='bbox 1092 2317 1321 2400; x_wconf 84' lang='lat' dir='ltr'>Casaemorii</span> <span class='ocrx_word' id='word_1_91' title='bbox 1356 2317 1560 2401; x_wconf 89' lang='lat' dir='ltr'>committit</span> <span class='ocrx_word' id='word_1_92' title='bbox 1590 2329 1628 2401; x_wconf 95' lang='lat' dir='ltr'>et</span> <span class='ocrx_word' id='word_1_93' title='bbox 1652 2318 1886 2426; x_wconf 82' lang='lat' dir='ltr'>incorporat,</span> <span class='ocrx_word' id='word_1_94' title='bbox 1912 2324 1953 2398; x_wconf 93' lang='lat' dir='ltr'>ut</span> 
     </span>
    </p>
   </div>
   <div class='ocr_carea' id='block_1_6' title="bbox 546 2447 1950 2666">
    <p class='ocr_par' dir='ltr' id='par_1_6' title="bbox 546 2447 1950 2666">
     <span class='ocr_line' id='line_1_13' title="bbox 547 2447 1950 2560; baseline 0.005 -32"><span class='ocrx_word' id='word_1_95' title='bbox 547 2447 666 2530; x_wconf 90' lang='lat' dir='ltr'>abbas</span> <span class='ocrx_word' id='word_1_96' title='bbox 691 2448 919 2532; x_wconf 84' lang='lat' dir='ltr'>Casaemarii</span> <span class='ocrx_word' id='word_1_97' title='bbox 935 2450 1112 2559; x_wconf 81' lang='lat' dir='ltr'>deinceps</span> <span class='ocrx_word' id='word_1_98' title='bbox 1129 2449 1178 2532; x_wconf 92' lang='lat' dir='ltr'>de</span> <span class='ocrx_word' id='word_1_99' title='bbox 1195 2461 1358 2560; x_wconf 80' lang='lat' dir='ltr'>utroque</span> <span class='ocrx_word' id='word_1_100' title='bbox 1375 2452 1568 2560; x_wconf 82' lang='lat' dir='ltr'>provideat</span> <span class='ocrx_word' id='word_1_101' title='bbox 1589 2460 1628 2535; x_wconf 92' lang='lat' dir='ltr'>et</span> <span class='ocrx_word' id='word_1_102' title='bbox 1648 2452 1797 2535; x_wconf 90' lang='lat' dir='ltr'>ordinet</span> <span class='ocrx_word' id='word_1_103' title='bbox 1814 2475 1950 2534; x_wconf 89' lang='lat' dir='ltr'>secun·</span> 
     </span>
     <span class='ocr_line' id='line_1_14' title="bbox 546 2580 1248 2666; baseline -0.001 -3"><span class='ocrx_word' id='word_1_104' title='bbox 546 2580 641 2663; x_wconf 90' lang='lat' dir='ltr'>dum</span> <span class='ocrx_word' id='word_1_105' title='bbox 655 2590 798 2663; x_wconf 84' lang='lat' dir='ltr'>statum</span> <span class='ocrx_word' id='word_1_106' title='bbox 816 2581 1072 2665; x_wconf 84' lang='lat' dir='ltr'>Cisteroiensis</span> <span class='ocrx_word' id='word_1_107' title='bbox 1089 2582 1248 2666; x_wconf 83' lang='lat' dir='ltr'>ordinis.</span> 
     </span>
    </p>
   </div>
   <div class='ocr_carea' id='block_1_7' title="bbox 619 2819 1952 3011">
    <p class='ocr_par' dir='ltr' id='par_1_7' title="bbox 619 2819 1952 3011">
     <span class='ocr_line' id='line_1_15' title="bbox 619 2819 1950 2905; baseline 0.001 -22"><span class='ocrx_word' id='word_1_108' title='bbox 619 2819 793 2898; x_wconf 77' lang='lat' dir='ltr'>(Edtderunt</span> <span class='ocrx_word' id='word_1_109' title='bbox 804 2823 972 2897; x_wconf 81' lang='lat' dir='ltr'>Bmoruus,</span> <span class='ocrx_word' id='word_1_110' title='bbox 987 2821 1099 2884; x_wconf 74' lang='lat' dir='ltr'>dunel.</span> <span class='ocrx_word' id='word_1_111' title='bbox 1111 2820 1218 2898; x_wconf 67' lang='lat' dir='ltr'>acue,</span> <span class='ocrx_word' id='word_1_112' title='bbox 1234 2823 1272 2885; x_wconf 79' lang='lat' dir='ltr'>od</span> <span class='ocrx_word' id='word_1_113' title='bbox 1285 2839 1356 2886; x_wconf 82' lang='lat' dir='ltr'>ann.</span> <span class='ocrx_word' id='word_1_114' title='bbox 1374 2833 1463 2898; x_wconf 76' lang='lat'><strong>103⁰,</strong></span> <span class='ocrx_word' id='word_1_115' title='bbox 1474 2821 1497 2905; x_wconf 75' lang='lat' dir='ltr'>S</span> <span class='ocrx_word' id='word_1_116' title='bbox 1510 2825 1834 2897; x_wconf 55' lang='lat' dir='ltr'>XIX-idumeum,</span> <span class='ocrx_word' id='word_1_117' title='bbox 1848 2821 1950 2885; x_wconf 77' lang='lat' dir='ltr'>dunel</span> 
     </span>
     <span class='ocr_line' id='line_1_16' title="bbox 670 2927 1952 3011; baseline 0.002 -23"><span class='ocrx_word' id='word_1_118' title='bbox 670 2927 803 3002; x_wconf 75' lang='lat' dir='ltr'>cisterc„</span> <span class='ocrx_word' id='word_1_119' title='bbox 812 2936 885 2991; x_wconf 89' lang='lat' dir='ltr'>tom.</span> <span class='ocrx_word' id='word_1_120' title='bbox 897 2932 952 3009; x_wconf 89' lang='lat' dir='ltr'>IV,</span> <span class='ocrx_word' id='word_1_121' title='bbox 964 2949 995 3009; x_wconf 85' lang='lat' dir='ltr'>p.</span> <span class='ocrx_word' id='word_1_122' title='bbox 1007 2941 1120 2993; x_wconf 59' lang='grc'><strong>1211-</strong></span> <span class='ocrx_word' id='word_1_123' title='bbox 1127 2931 1333 3008; x_wconf 81' lang='lat' dir='ltr'>Borommos,</span> <span class='ocrx_word' id='word_1_124' title='bbox 1343 2932 1386 2992; x_wconf 80' lang='lat' dir='ltr'>De</span> <span class='ocrx_word' id='word_1_125' title='bbox 1395 2938 1519 2996; x_wconf 72' lang='lat' dir='ltr'>mouet.</span> <span class='ocrx_word' id='word_1_126' title='bbox 1532 2932 1701 3008; x_wconf 66' lang='lat' dir='ltr'>cmmode,</span> <span class='ocrx_word' id='word_1_127' title='bbox 1710 2948 1779 3010; x_wconf 79' lang='lat' dir='ltr'>cap.</span> <span class='ocrx_word' id='word_1_128' title='bbox 1788 2931 1842 3007; x_wconf 84' lang='lat' dir='ltr'>IV,</span> <span class='ocrx_word' id='word_1_129' title='bbox 1853 2950 1883 3011; x_wconf 90' lang='lat' dir='ltr'>p.</span> <span class='ocrx_word' id='word_1_130' title='bbox 1895 2929 1952 3008; x_wconf 73' lang='lat'><strong>5¹.)</strong></span> 
     </span>
    </p>
   </div>
   <div class='ocr_carea' id='block_1_8' title="bbox 545 3140 1962 4725">
    <p class='ocr_par' dir='ltr' id='par_1_8' title="bbox 545 3140 1962 4725">
     <span class='ocr_line' id='line_1_17' title="bbox 596 3140 1954 3241; baseline -0.001 -27"><span class='ocrx_word' id='word_1_131' title='bbox 596 3140 789 3215; x_wconf 88' lang='lat' dir='ltr'>Fridericus</span> <span class='ocrx_word' id='word_1_132' title='bbox 821 3142 942 3216; x_wconf 84' lang='lat' dir='ltr'>divina</span> <span class='ocrx_word' id='word_1_133' title='bbox 967 3145 1106 3216; x_wconf 88' lang='lat' dir='ltr'>favente</span> <span class='ocrx_word' id='word_1_134' title='bbox 1131 3144 1311 3218; x_wconf 89' lang='lat' dir='ltr'>clementia</span> <span class='ocrx_word' id='word_1_135' title='bbox 1337 3147 1570 3219; x_wconf 83' lang='lat' dir='ltr'>Romanorum</span> <span class='ocrx_word' id='word_1_136' title='bbox 1598 3147 1797 3241; x_wconf 85' lang='lat' dir='ltr'>imperator,</span> <span class='ocrx_word' id='word_1_137' title='bbox 1826 3163 1954 3238; x_wconf 85' lang='lat' dir='ltr'>semper</span> 
     </span>
     <span class='ocr_line' id='line_1_18' title="bbox 545 3267 1953 3364; baseline 0.001 -26"><span class='ocrx_word' id='word_1_138' title='bbox 545 3275 717 3359; x_wconf 80' lang='lat' dir='ltr'>augustus</span> <span class='ocrx_word' id='word_1_139' title='bbox 730 3275 764 3339; x_wconf 84' lang='lat' dir='ltr'>et</span> <span class='ocrx_word' id='word_1_140' title='bbox 778 3287 842 3339; x_wconf 84' lang='lat' dir='ltr'>rex</span> <span class='ocrx_word' id='word_1_141' title='bbox 860 3267 987 3340; x_wconf 84' lang='lat' dir='ltr'>Sicilie.</span> <span class='ocrx_word' id='word_1_142' title='bbox 1014 3268 1136 3341; x_wconf 85' lang='lat' dir='ltr'>Edocti</span> <span class='ocrx_word' id='word_1_143' title='bbox 1152 3290 1215 3364; x_wconf 91' lang='lat' dir='ltr'>per</span> <span class='ocrx_word' id='word_1_144' title='bbox 1231 3291 1312 3342; x_wconf 90' lang='lat' dir='ltr'>eum</span> <span class='ocrx_word' id='word_1_145' title='bbox 1326 3269 1388 3364; x_wconf 90' lang='lat' dir='ltr'>qui</span> <span class='ocrx_word' id='word_1_146' title='bbox 1405 3271 1565 3342; x_wconf 81' lang='lat' dir='ltr'>transfert</span> <span class='ocrx_word' id='word_1_147' title='bbox 1579 3291 1702 3364; x_wconf 78' lang='lat' dir='ltr'>regna,</span> <span class='ocrx_word' id='word_1_148' title='bbox 1720 3270 1861 3364; x_wconf 93' lang='lat' dir='ltr'>quinos</span> <span class='ocrx_word' id='word_1_149' title='bbox 1877 3288 1953 3340; x_wconf 91' lang='lat' dir='ltr'>con·</span> 
     </span>
     <span class='ocr_line' id='line_1_19' title="bbox 547 3391 1953 3490; baseline 0.001 -28"><span class='ocrx_word' id='word_1_150' title='bbox 547 3391 658 3462; x_wconf 88' lang='lat' dir='ltr'>stituit</span> <span class='ocrx_word' id='word_1_151' title='bbox 673 3413 737 3464; x_wconf 83' lang='lat' dir='ltr'>soa</span> <span class='ocrx_word' id='word_1_152' title='bbox 757 3391 939 3464; x_wconf 87' lang='lat' dir='ltr'>clementia</span> <span class='ocrx_word' id='word_1_153' title='bbox 957 3414 1063 3488; x_wconf 89' lang='lat' dir='ltr'>super</span> <span class='ocrx_word' id='word_1_154' title='bbox 1080 3402 1201 3486; x_wconf 83' lang='lat' dir='ltr'>gentes</span> <span class='ocrx_word' id='word_1_155' title='bbox 1215 3394 1381 3487; x_wconf 87' lang='lat' dir='ltr'>evellere,</span> <span class='ocrx_word' id='word_1_156' title='bbox 1399 3394 1594 3482; x_wconf 85' lang='lat' dir='ltr'>destruere,</span> <span class='ocrx_word' id='word_1_157' title='bbox 1613 3391 1836 3490; x_wconf 83' lang='lat' dir='ltr'>disperdere,</span> <span class='ocrx_word' id='word_1_158' title='bbox 1857 3391 1953 3468; x_wconf 89' lang='lat' dir='ltr'>dissi·</span> 
     </span>
     <span class='ocr_line' id='line_1_20' title="bbox 548 3516 1953 3614; baseline 0 -27"><span class='ocrx_word' id='word_1_159' title='bbox 548 3537 631 3610; x_wconf 88' lang='lat' dir='ltr'>pare</span> <span class='ocrx_word' id='word_1_160' title='bbox 644 3537 715 3609; x_wconf 81' lang='lat' dir='ltr'>que</span> <span class='ocrx_word' id='word_1_161' title='bbox 735 3516 842 3587; x_wconf 86' lang='lat' dir='ltr'>noxia</span> <span class='ocrx_word' id='word_1_162' title='bbox 864 3525 963 3608; x_wconf 89' lang='lat' dir='ltr'>sunt,</span> <span class='ocrx_word' id='word_1_163' title='bbox 982 3538 1185 3612; x_wconf 89' lang='lat' dir='ltr'>promovere</span> <span class='ocrx_word' id='word_1_164' title='bbox 1199 3528 1234 3591; x_wconf 87' lang='lat' dir='ltr'>et</span> <span class='ocrx_word' id='word_1_165' title='bbox 1247 3540 1436 3614; x_wconf 78' lang='lat' dir='ltr'>propagare</span> <span class='ocrx_word' id='word_1_166' title='bbox 1449 3541 1519 3614; x_wconf 89' lang='lat' dir='ltr'>que</span> <span class='ocrx_word' id='word_1_167' title='bbox 1532 3528 1696 3613; x_wconf 86' lang='lat' dir='ltr'>prosunt,</span> <span class='ocrx_word' id='word_1_168' title='bbox 1715 3517 1953 3591; x_wconf 86' lang='lat' dir='ltr'>monasterium</span> 
     </span>
     <span class='ocr_line' id='line_1_21' title="bbox 548 3637 1955 3736; baseline -0.001 -25"><span class='ocrx_word' id='word_1_169' title='bbox 548 3637 663 3711; x_wconf 85' lang='lat' dir='ltr'>Sancti</span> <span class='ocrx_word' id='word_1_170' title='bbox 680 3638 852 3711; x_wconf 86' lang='lat' dir='ltr'>Dominici</span> <span class='ocrx_word' id='word_1_171' title='bbox 871 3641 975 3713; x_wconf 88' lang='lat' dir='ltr'>situm</span> <span class='ocrx_word' id='word_1_172' title='bbox 1001 3643 1036 3712; x_wconf 93' lang='lat' dir='ltr'>in</span> <span class='ocrx_word' id='word_1_173' title='bbox 1059 3643 1229 3716; x_wconf 91' lang='lat' dir='ltr'>territorio</span> <span class='ocrx_word' id='word_1_174' title='bbox 1245 3643 1394 3716; x_wconf 84' lang='lat' dir='ltr'>civitatis</span> <span class='ocrx_word' id='word_1_175' title='bbox 1411 3651 1525 3716; x_wconf 86' lang='lat' dir='ltr'>nostre</span> <span class='ocrx_word' id='word_1_176' title='bbox 1546 3644 1675 3715; x_wconf 85' lang='lat' dir='ltr'>Sorano</span> <span class='ocrx_word' id='word_1_177' title='bbox 1696 3641 1792 3735; x_wconf 92' lang='lat' dir='ltr'>quod</span> <span class='ocrx_word' id='word_1_178' title='bbox 1808 3643 1844 3712; x_wconf 92' lang='lat' dir='ltr'>in</span> <span class='ocrx_word' id='word_1_179' title='bbox 1861 3639 1955 3736; x_wconf 89' lang='lat' dir='ltr'>spiri·</span> 
     </span>
     <span class='ocr_line' id='line_1_22' title="bbox 550 3763 1956 3862; baseline 0 -27"><span class='ocrx_word' id='word_1_180' title='bbox 550 3763 703 3835; x_wconf 87' lang='lat' dir='ltr'>tualibus</span> <span class='ocrx_word' id='word_1_181' title='bbox 720 3773 756 3836; x_wconf 86' lang='lat' dir='ltr'>et</span> <span class='ocrx_word' id='word_1_182' title='bbox 773 3765 1019 3860; x_wconf 87' lang='lat' dir='ltr'>temporalibus</span> <span class='ocrx_word' id='word_1_183' title='bbox 1040 3767 1088 3839; x_wconf 85' lang='lat' dir='ltr'>ita</span> <span class='ocrx_word' id='word_1_184' title='bbox 1110 3767 1300 3862; x_wconf 89' lang='lat' dir='ltr'>collapsum</span> <span class='ocrx_word' id='word_1_185' title='bbox 1321 3775 1428 3840; x_wconf 89' lang='lat' dir='ltr'>estut</span> <span class='ocrx_word' id='word_1_186' title='bbox 1446 3767 1757 3861; x_wconf 85' lang='lat' dir='ltr'>vitemimprobam</span> <span class='ocrx_word' id='word_1_187' title='bbox 1774 3765 1956 3840; x_wconf 86' lang='lat' dir='ltr'>monacho·</span> 
     </span>
     <span class='ocr_line' id='line_1_23' title="bbox 552 3889 1956 3988; baseline 0 -26"><span class='ocrx_word' id='word_1_188' title='bbox 552 3911 630 3961; x_wconf 91' lang='lat' dir='ltr'>rum</span> <span class='ocrx_word' id='word_1_189' title='bbox 659 3940 1195 3965; x_wconf 91' lang='grc'><strong>..............</strong></span> <span class='ocrx_word' id='word_1_190' title='bbox 1222 3913 1283 3988; x_wconf 90' lang='lat' dir='ltr'>per</span> <span class='ocrx_word' id='word_1_191' title='bbox 1300 3892 1478 3985; x_wconf 79' lang='lat' dir='ltr'>religiosos</span> <span class='ocrx_word' id='word_1_192' title='bbox 1498 3900 1533 3964; x_wconf 89' lang='lat' dir='ltr'>et</span> <span class='ocrx_word' id='word_1_193' title='bbox 1552 3893 1625 3964; x_wconf 85' lang='lat' dir='ltr'>Deo</span> <span class='ocrx_word' id='word_1_194' title='bbox 1644 3889 1817 3985; x_wconf 85' lang='lat' dir='ltr'>placentes</span> <span class='ocrx_word' id='word_1_195' title='bbox 1840 3889 1956 3960; x_wconf 84' lang='lat' dir='ltr'>Cister-</span> 
     </span>
     <span class='ocr_line' id='line_1_24' title="bbox 554 4013 1956 4107; baseline 0 -23"><span class='ocrx_word' id='word_1_196' title='bbox 554 4013 679 4086; x_wconf 87' lang='lat' dir='ltr'>ciensis</span> <span class='ocrx_word' id='word_1_197' title='bbox 696 4013 831 4086; x_wconf 86' lang='lat' dir='ltr'>ordinis</span> <span class='ocrx_word' id='word_1_198' title='bbox 845 4015 965 4086; x_wconf 84' lang='lat' dir='ltr'>fratres</span> <span class='ocrx_word' id='word_1_199' title='bbox 985 4015 1021 4085; x_wconf 94' lang='lat' dir='ltr'>in</span> <span class='ocrx_word' id='word_1_200' title='bbox 1039 4016 1163 4087; x_wconf 87' lang='lat' dir='ltr'>melius</span> <span class='ocrx_word' id='word_1_201' title='bbox 1179 4018 1421 4107; x_wconf 81' lang='lat' dir='ltr'>reformemus,</span> <span class='ocrx_word' id='word_1_202' title='bbox 1441 4016 1647 4089; x_wconf 84' lang='lat' dir='ltr'>monasterio</span> <span class='ocrx_word' id='word_1_203' title='bbox 1662 4013 1956 4104; x_wconf 87' lang='lat' dir='ltr'>Casemariicujus</span> 
     </span>
     <span class='ocr_line' id='line_1_25' title="bbox 553 4135 1957 4232; baseline -0.003 -21"><span class='ocrx_word' id='word_1_204' title='bbox 553 4139 645 4211; x_wconf 86' lang='lat' dir='ltr'>fama</span> <span class='ocrx_word' id='word_1_205' title='bbox 667 4147 718 4210; x_wconf 90' lang='lat' dir='ltr'>est</span> <span class='ocrx_word' id='word_1_206' title='bbox 737 4137 899 4229; x_wconf 88' lang='lat' dir='ltr'>celebris,</span> <span class='ocrx_word' id='word_1_207' title='bbox 921 4147 1138 4231; x_wconf 78' lang='lat' dir='ltr'>unguentum</span> <span class='ocrx_word' id='word_1_208' title='bbox 1152 4139 1300 4212; x_wconf 86' lang='lat' dir='ltr'>effusum</span> <span class='ocrx_word' id='word_1_209' title='bbox 1319 4161 1444 4214; x_wconf 90' lang='lat' dir='ltr'>nomeu</span> <span class='ocrx_word' id='word_1_210' title='bbox 1468 4141 1544 4231; x_wconf 88' lang='lat' dir='ltr'>ejus</span> <span class='ocrx_word' id='word_1_211' title='bbox 1560 4148 1701 4212; x_wconf 81' lang='lat' dir='ltr'>etrecu</span> <span class='ocrx_word' id='word_1_212' title='bbox 1718 4138 1860 4232; x_wconf 75' lang='lat' dir='ltr'>religio,</span> <span class='ocrx_word' id='word_1_213' title='bbox 1877 4135 1957 4208; x_wconf 80' lang='lat' dir='ltr'>illud</span> 
     </span>
     <span class='ocr_line' id='line_1_26' title="bbox 553 4259 1957 4359; baseline -0.001 -27"><span class='ocrx_word' id='word_1_214' title='bbox 553 4261 772 4358; x_wconf 90' lang='lat' dir='ltr'>providimus</span> <span class='ocrx_word' id='word_1_215' title='bbox 788 4261 1073 4334; x_wconf 91' lang='lat' dir='ltr'>committendum</span> <span class='ocrx_word' id='word_1_216' title='bbox 1083 4271 1117 4334; x_wconf 92' lang='lat' dir='ltr'>et</span> <span class='ocrx_word' id='word_1_217' title='bbox 1127 4265 1416 4359; x_wconf 84' lang='lat' dir='ltr'>incorporandum</span> <span class='ocrx_word' id='word_1_218' title='bbox 1427 4273 1467 4336; x_wconf 91' lang='lat' dir='ltr'>ut</span> <span class='ocrx_word' id='word_1_219' title='bbox 1478 4287 1524 4336; x_wconf 85' lang='lat' dir='ltr'>ex</span> <span class='ocrx_word' id='word_1_220' title='bbox 1535 4259 1601 4336; x_wconf 90' lang='lat' dir='ltr'>hoc</span> <span class='ocrx_word' id='word_1_221' title='bbox 1612 4262 1795 4335; x_wconf 89' lang='lat' dir='ltr'>nuncetin</span> <span class='ocrx_word' id='word_1_222' title='bbox 1808 4260 1957 4334; x_wconf 88' lang='lat' dir='ltr'>seculum</span> 
     </span>
     <span class='ocr_line' id='line_1_27' title="bbox 553 4386 1957 4486; baseline -0.004 -29"><span class='ocrx_word' id='word_1_223' title='bbox 553 4388 660 4457; x_wconf 89' lang='lat' dir='ltr'>seculi</span> <span class='ocrx_word' id='word_1_224' title='bbox 675 4387 744 4456; x_wconf 90' lang='lat' dir='ltr'>sint</span> <span class='ocrx_word' id='word_1_225' title='bbox 761 4387 825 4458; x_wconf 85' lang='lat' dir='ltr'>ista</span> <span class='ocrx_word' id='word_1_226' title='bbox 842 4386 914 4459; x_wconf 95' lang='lat' dir='ltr'>duo</span> <span class='ocrx_word' id='word_1_227' title='bbox 925 4388 1131 4460; x_wconf 83' lang='lat' dir='ltr'>monasteria</span> <span class='ocrx_word' id='word_1_228' title='bbox 1145 4409 1270 4486; x_wconf 91' lang='lat' dir='ltr'>corpus</span> <span class='ocrx_word' id='word_1_229' title='bbox 1284 4411 1406 4481; x_wconf 91' lang='lat' dir='ltr'>unum,</span> <span class='ocrx_word' id='word_1_230' title='bbox 1422 4411 1509 4482; x_wconf 80' lang='lat' dir='ltr'>grex</span> <span class='ocrx_word' id='word_1_231' title='bbox 1523 4411 1614 4460; x_wconf 86' lang='lat' dir='ltr'>unus</span> <span class='ocrx_word' id='word_1_232' title='bbox 1629 4397 1662 4460; x_wconf 88' lang='lat' dir='ltr'>et</span> <span class='ocrx_word' id='word_1_233' title='bbox 1676 4395 1791 4482; x_wconf 89' lang='lat' dir='ltr'>pastor</span> <span class='ocrx_word' id='word_1_234' title='bbox 1808 4407 1911 4474; x_wconf 90' lang='lat' dir='ltr'>uuus,</span> <span class='ocrx_word' id='word_1_235' title='bbox 1926 4390 1957 4454; x_wconf 94' lang='lat' dir='ltr'>et</span> 
     </span>
     <span class='ocr_line' id='line_1_28' title="bbox 553 4509 1959 4608; baseline -0.003 -28"><span class='ocrx_word' id='word_1_236' title='bbox 553 4509 660 4582; x_wconf 86' lang='lat' dir='ltr'>abbas</span> <span class='ocrx_word' id='word_1_237' title='bbox 673 4509 856 4589; x_wconf 76' lang='lat' dir='ltr'>casemarii</span> <span class='ocrx_word' id='word_1_238' title='bbox 878 4511 940 4605; x_wconf 94' lang='lat' dir='ltr'>qui</span> <span class='ocrx_word' id='word_1_239' title='bbox 958 4533 1020 4606; x_wconf 89' lang='lat' dir='ltr'>pro</span> <span class='ocrx_word' id='word_1_240' title='bbox 1038 4522 1190 4608; x_wconf 91' lang='lat' dir='ltr'>tempore</span> <span class='ocrx_word' id='word_1_241' title='bbox 1213 4514 1315 4584; x_wconf 93' lang='lat' dir='ltr'>fuerit</span> <span class='ocrx_word' id='word_1_242' title='bbox 1330 4513 1374 4584; x_wconf 90' lang='lat' dir='ltr'>de</span> <span class='ocrx_word' id='word_1_243' title='bbox 1397 4523 1544 4606; x_wconf 89' lang='lat' dir='ltr'>utroque</span> <span class='ocrx_word' id='word_1_244' title='bbox 1558 4513 1735 4606; x_wconf 84' lang='lat' dir='ltr'>disponat,</span> <span class='ocrx_word' id='word_1_245' title='bbox 1758 4509 1959 4599; x_wconf 73' lang='lat' dir='ltr'>denuoque</span> 
     </span>
     <span class='ocr_line' id='line_1_29' title="bbox 553 4629 1962 4725; baseline 0 -26"><span class='ocrx_word' id='word_1_246' title='bbox 553 4629 734 4725; x_wconf 82' lang='lat' dir='ltr'>provideat</span> <span class='ocrx_word' id='word_1_247' title='bbox 758 4641 792 4704; x_wconf 93' lang='lat' dir='ltr'>et</span> <span class='ocrx_word' id='word_1_248' title='bbox 816 4632 952 4706; x_wconf 89' lang='lat' dir='ltr'>ordinet</span> <span class='ocrx_word' id='word_1_249' title='bbox 976 4635 1168 4708; x_wconf 91' lang='lat' dir='ltr'>secundum</span> <span class='ocrx_word' id='word_1_250' title='bbox 1193 4645 1319 4708; x_wconf 89' lang='lat' dir='ltr'>statum</span> <span class='ocrx_word' id='word_1_251' title='bbox 1344 4636 1575 4708; x_wconf 80' lang='lat' dir='ltr'>cisterciensis</span> <span class='ocrx_word' id='word_1_252' title='bbox 1592 4633 1723 4708; x_wconf 92' lang='lat' dir='ltr'>ordinis</span> <span class='ocrx_word' id='word_1_253' title='bbox 1748 4642 1787 4704; x_wconf 89' lang='lat' dir='ltr'>ut</span> <span class='ocrx_word' id='word_1_254' title='bbox 1809 4631 1855 4705; x_wconf 90' lang='lat' dir='ltr'>de</span> <span class='ocrx_word' id='word_1_255' title='bbox 1878 4649 1962 4702; x_wconf 69' lang='lat' dir='ltr'>unc:</span> 
     </span>
    </p>
   </div>
   <div class='ocr_carea' id='block_1_9' title="bbox 0 0 2173 5892">
    <p class='ocr_par' dir='ltr' id='par_1_9' title="bbox 0 0 2173 5892">
     <span class='ocr_line' id='line_1_30' title="bbox 0 0 2173 5892; baseline 0 0"><span class='ocrx_word' id='word_1_256' title='bbox 0 0 2173 5892; x_wconf 95' lang='lat' dir='ltr'> </span> 
     </span>
    </p>
   </div>
  </div>
 </body>
</html>
