4298 5898
537 545 598 607 480
887 581 891 588 -
1040 542 1252 606 rnlnsatct
1277 545 1449 608 scebant
1759 547 1840 630 [dn.
1860 549 1951 610 1225

538 687 717 775 gestorum
743 685 923 775 parentum
949 685 1159 770 nostrorum,
1186 683 1430 756 monasterinm
1457 682 1589 780 ipsum,
1616 683 1775 758 abbatem
1800 695 1837 758 at
1862 707 1952 758 con-

538 814 681 878 ventum
701 803 874 900 predictos
889 811 924 876 et
943 823 1159 876 successores
1181 826 1300 877 eorum
1321 829 1400 879 curu
1419 807 1581 880 omnibus
1597 807 1822 898 obedientiis,
1846 809 1952 880 obla-

539 929 692 1000 tionibus
710 937 745 1001 et
761 927 899 1014 oblatis,
918 927 1193 1023 possessionibus
1210 939 1245 1002 et
1262 931 1340 1003 aliis
1357 931 1457 1004 bonis
1477 931 1723 1028 omnibusque
1742 933 1778 1004 in
1798 933 1952 1028 presenti

536 1052 784 1127 rationabiliter
802 1053 978 1158 possident
995 1064 1055 1126 aut
1076 1053 1112 1126 in
1135 1055 1288 1128 laturum
1307 1057 1402 1149 justo
1424 1057 1522 1130 titulo
1548 1057 1694 1152 poterint
1710 1058 1855 1153 adipisci
1881 1057 1952 1129 snb

536 1179 747 1274 protectione
763 1187 878 1250 nostre
902 1178 1118 1251 celsitudinis
1136 1181 1323 1276 recipimus
1348 1181 1502 1278 speciali.
1525 1184 1575 1255 Do
1593 1181 1837 1255 abundantiori
1855 1203 1953 1277 quo-

535 1326 604 1398 que
633 1303 743 1398 gratia
777 1302 992 1376 celsitudinis
1024 1317 1139 1376 nostre
1168 1304 1410 1380 confirmamus
1438 1305 1550 1379 eidem
1581 1307 1785 1380 monasterio
1809 1307 1845 1378 in
1870 1328 1951 1400 per·

534 1439 679 1526 petuurn
701 1429 817 1501 omnia
841 1428 1022 1523 privilegia
1039 1439 1074 1500 et
1094 1423 1349 1524 possessiones*
1364 1432 1601 1504 concessiones
1622 1452 1754 1504 necnon
1772 1441 1809 1502 et
1826 1452 1950 1502 ornnes

534 1555 710 1630 libertates
741 1563 775 1626 et
806 1553 991 1626 lenimenta
1018 1555 1135 1627 omnia
1166 1577 1236 1650 que
1265 1555 1380 1650 ipsum
1411 1555 1655 1629 monasterium
1685 1577 1706 1627 a
1734 1555 1950 1648 temporibus

534 1681 626 1773 regis
646 1679 782 1774 Rogerii
805 1678 1040 1771 etGuglielmi
1058 1681 1124 1752 let
1142 1681 1184 1768 ll,
1202 1701 1323 1772 regum
1343 1681 1475 1772 Sicilie,
1497 1685 1571 1772 [et]
1596 1703 1618 1753 a
1638 1691 1789 1774 tempore
1809 1679 1948 1752 Heurici

535 1804 751 1900 imperatoris
775 1803 883 1875 felicis
910 1804 1074 1877 memorie
1100 1805 1263 1898 genitoris
1286 1806 1392 1878 nostri
1416 1807 1526 1878 tenuit
1548 1815 1582 1878 et
1607 1804 1760 1901 possidet
1784 1814 1845 1875 aut
1867 1825 1947 1898 pos·

536 1929 642 2018 sedit,
662 1927 826 2001 videlicet
848 1949 970 2001 omnes
992 1939 1100 2003 terras
1115 1953 1204 2027 quas
1227 1929 1341 2002 dictus
1361 1930 1537 2024 quondam
1556 1931 1666 2002 felicis
1688 1929 1850 2002 memorie
1870 1927 1948 1999 Gu-

537 2053 697 2148 glielmus
717 2074 780 2124 ren
798 2053 827 2124 ll
852 2055 886 2124 in
912 2053 986 2126 loco
1007 2055 1082 2128 sine
1098 2056 1167 2127 ulla
1184 2056 1366 2128 exactione
1388 2055 1535 2128 terratici
1552 2055 1606 2128 vel
1631 2053 1797 2126 berbatici
1822 2053 1947 2124 nostris

537 2177 663 2271 bajulis
689 2177 876 2271 aliquando
904 2179 1078 2252 tribuendi
1102 2180 1168 2275 ipsi
1198 2181 1404 2253 monasterio
1430 2179 1593 2270 donavit;
1624 2179 1804 2251 ecclesiam
1831 2177 1945 2250 Sancti

535 2302 652 2377 Jacobi
676 2302 771 2397 apud
789 2302 928 2396 Fogiam
949 2326 1030 2376 cum
1055 2307 1217 2377 omnibus
1235 2305 1371 2396 juribus
1396 2316 1431 2378 et
1449 2305 1663 2402 pertinentiis
1685 2304 1780 2394 suis,
1808 2324 1945 2374 monas·

535 2427 659 2501 terium
675 2427 790 2499 Sancti
808 2428 936 2500 Nicolai
957 2429 992 2498 in
1012 2429 1180 2502 territorio
1201 2428 1357 2522 ejusdem
1377 2439 1465 2502 terre
1481 2452 1560 2502 curn
1578 2429 1741 2502 omnibus
1757 2427 1896 2520 juribus
1911 2435 1946 2499 et

535 2553 749 2650 pertinentiis
760 2552 845 2643 suis,
862 2553 1107 2625 monasterium
1123 2556 1236 2625 Sancti
1251 2554 1338 2626 Petri
1353 2554 1399 2627 de
1410 2554 1597 2627 Uecellaria
1613 2555 1649 2625 in
1665 2552 1834 2626 territorio
1845 2551 1944 2624 castri

535 2677 674 2750 Calvelli
693 2699 772 2748 cunr
796 2678 958 2749 omnibus
978 2678 1145 2768 ecclesiis,
1159 2677 1295 2771 juribus
1311 2687 1345 2750 et
1359 2677 1572 2774 pertinentiis
1589 2678 1679 2766 suis,
1700 2677 1942 2749 monasterium

534 2803 650 2876 Sancti
662 2801 888 2874 Bartholomei
898 2802 943 2874 de
954 2801 1161 2874 Carbonaria
1172 2824 1252 2873 curn
1266 2803 1428 2874 ornnibus
1437 2802 1575 2894 juribus
1586 2810 1621 2874 et
1633 2801 1848 2897 pertinentiis
1857 2800 1939 2890 suis,

533 2927 778 2999 monasterium
793 2928 907 2999 Sancti
923 2925 1156 3023 Christophori
1171 2927 1267 3021 quod
1289 2927 1325 2997 in
1343 2927 1505 3000 Matinuta
1519 2925 1674 2999 consistit
1689 2947 1770 2998 curn
1785 2924 1942 2998 omnibus

531 3051 670 3143 juribus
684 3060 719 3121 et
737 3051 949 3145 pertinentiis
966 3051 1051 3140 suis,
1069 3052 1312 3123 monasterium
1330 3052 1442 3124 Sancti
1460 3052 1548 3124 Petri
1565 3051 1672 3124 Vallis
1685 3051 1780 3123 B0ne
1793 3051 1829 3122 in
1843 3050 1942 3121 terri-

536 3174 622 3247 torio
639 3175 833 3270 Moncipelli
854 3197 933 3246 cum
953 3176 1114 3247 omnibus
1128 3175 1294 3266 ecclesiis,
1310 3175 1449 3268 juribus
1467 3185 1502 3248 et
1523 3175 1738 3272 pertinentiis
1756 3175 1845 3266 suis,
1863 3195 1940 3246 nro-

536 3301 722 3374 nasterium
742 3302 856 3374 Sancti
875 3303 970 3374 Pauli
988 3302 1231 3398 Civitaten[sis]
1246 3325 1325 3374 curn
1343 3301 1506 3375 omnibus
1521 3301 1660 3396 juribus
1678 3310 1715 3375 et
1731 3299 1940 3397 pertinentiis

408 3417 411 3423 ’
533 3426 623 3519 suis,
639 3426 818 3499 ecclesiam
836 3427 949 3500 Sancti
969 3426 1134 3500 lobannis
1149 3427 1193 3501 de
1211 3429 1320 3501 Vento
1337 3427 1373 3499 in
1397 3427 1565 3500 territorio
1583 3427 1685 3500 castri
1704 3427 1820 3499 Plietri
1839 3447 1939 3522 quarn

531 3551 709 3648 quondam
724 3553 900 3624 Mastolius
914 3553 1108 3625 Troisii'llei
1123 3563 1157 3624 et
1171 3553 1262 3645 regis
1279 3553 1388 3645 gratia
1405 3552 1568 3625 dominus
1584 3552 1687 3624 castri
1699 3551 1817 3624 Plietri
1831 3550 1939 3624 eidem

532 3663 738 3749 monasterio
762 3676 923 3767 donavit,
955 3676 1199 3750 monasterium
1222 3679 1345 3749 Sancte
1369 3676 1493 3750 Cecilie
1518 3675 1718 3750 monialium
1747 3687 1847 3748 extra
1868 3697 1940 3747 ces·

532 3811 623 3873 trum
646 3799 751 3894 Fogie
771 3821 851 3872 curn
870 3799 1032 3872 omnibus
1048 3800 1185 3892 juribus
1207 3809 1242 3872 et
1267 3801 1480 3895 pertinentiis
1500 3801 1594 3889 suis,
1617 3798 1799 3872 ecclesiam
1821 3801 1940 3870 Sancte

531 3926 638 4000 Maris
652 3925 811 3998 Fnstileri
827 3947 907 3997 cunr
922 3925 1082 3998 omnibus
1092 3925 1230 4017 juribus
1251 3936 1286 3996 et
1299 3924 1512 4019 pertinentiis
1526 3923 1612 4012 suis,
1628 3923 1813 3997 ecclesiam
1830 3921 1939 3995 Sancti

530 4051 671 4125 loannis
696 4049 819 4123 Barani
846 4071 925 4122 cnm
947 4049 1109 4122 omnibus
1128 4050 1266 4141 iuribus
1290 4060 1325 4121 et
1347 4049 1559 4144 pertinentiis
1580 4049 1670 4132 suis,
1697 4047 1939 4120 monasterium

530 4175 645 4248 Sancti
671 4176 761 4248 Petri
786 4175 916 4270 Opinee
936 4174 1032 4246 Nove
1055 4175 1091 4245 in
1120 4174 1287 4248 lscbitella
1309 4147 1405 4270 quod
1428 4173 1605 4268 qnondam
1629 4172 1794 4246 dominus
1816 4172 1939 4244 Paulus

529 4301 591 4373 Dei
614 4311 649 4372 et
675 4301 766 4394 regis
792 4293 916 4392 gratia
933 4299 1095 4372 dominus
1124 4300 1225 4372 castri
1252 4300 1420 4373 lscbitella
1442 4299 1588 4373 donavit
1613 4297 1708 4370 dicto
1735 4295 1938 4370 monasterio

530 4447 611 4496 cnm
638 4425 807 4507 ecclesiis,
829 4423 944 4515 terris,
975 4424 1103 4516 vineis,
1131 4424 1253 4519 sylvis,
1279 4424 1475 4498 molendino
1496 4433 1531 4496 et
1553 4423 1717 4496 omnibns
1739 4420 1876 4515 iuribus
1897 4439 1936 4492 ee

531 4548 744 4642 pertinentiis
758 4549 847 4640 suis;
873 4559 978 4622 terras
1001 4571 1090 4644 quas
1113 4546 1274 4620 dominus
1295 4549 1365 4623 llao
1390 4549 1553 4622 dominus
1574 4549 1682 4620 Devie
1702 4568 1783 4618 cnm
1798 4543 1936 4617 flumine

532 4671 629 4744 tauri
646 4682 681 4744 et
697 4671 894 4746 molendino
910 4673 976 4746 sito
993 4673 1118 4769 inipso
1135 4671 1278 4746 flumine
1293 4683 1328 4746 et
1344 4674 1488 4746 flumine
1502 4673 1639 4746 Falonie
1656 4663 1772 4745 eidem
1796 4690 1934 4743 monas-
