4272 5886
168 569 270 630 lunrcr.
289 564 352 644 ld]
625 557 824 620 HISTORIA
847 555 1138 620 ntrnottarrca
1528 549 1588 612 55¹1

172 722 416 794 morum-cum
432 697 479 772 ab
492 716 535 770 eo
549 695 613 791 qui
629 696 769 790 largitor
781 703 835 768 est
848 695 1004 768 omnium
1022 717 1084 768 rex
1099 700 1248 767 statutus
1268 689 1342 763 vite
1361 685 1582 780 beneficium,

173 827 309 923 imperii
335 833 508 920 sceptrum
535 829 571 894 et
587 821 709 894 collata
727 819 828 894 nobis
849 820 953 892 etiam
977 829 1089 894 cetera
1110 837 1377 913 cognoscamus,
1406 814 1451 887 de
1471 813 1588 886 innate

173 952 276 1026 uobis
283 947 507 1043 benignitatis
517 945 626 1038 gratia
642 953 678 1019 et
690 945 833 1018 obtentu
845 943 1078 1018 retributionis
1087 953 1218 1032 eterne,
1231 940 1295 1016 sed
1308 947 1344 1014 et
1358 961 1420 1036 pro
1434 937 1588 1012 remedio

172 1075 366 1150 animarum
387 1070 539 1146 felicium
559 1080 786 1164 augustorum
810 1068 991 1164 quondam
1008 1069 1266 1166 progenitorum
1288 1074 1482 1138 nostrorum
1507 1063 1589 1137 dive

173 1198 439 1290 recordationis,
462 1198 509 1271 ud
529 1205 644 1269 nostra
662 1215 803 1290 quoque
820 1193 941 1267 salutis
958 1203 995 1268 et
1008 1193 1228 1268 exaltationis
1244 1198 1486 1284 augmentum,
1505 1209 1588 1261 mo-

172 1325 361 1402 nasterium
382 1322 511 1418 ipsum,
531 1318 745 1394 abbatemet
764 1330 974 1394 conventum
999 1318 1173 1415 predictos
1198 1339 1278 1392 cum
1301 1315 1463 1391 omnibns
1485 1314 1586 1386 bonis

171 1449 332 1543 suisque
352 1448 387 1520 in
408 1447 556 1541 presenti
571 1449 665 1540 juste
681 1454 774 1518 tenet
797 1454 832 1517 el
855 1443 1028 1540 possidet,
1051 1453 1086 1518 et
1107 1465 1177 1538 que
1195 1445 1231 1515 iu
1252 1449 1351 1516 antea
1368 1443 1462 1535 justo
1488 1441 1587 1512 titulo

173 1574 299 1670 poterit
321 1573 486 1668 adipisci,
513 1572 698 1644 clementer
723 1570 791 1642 sub
816 1580 932 1643 nosue
953 1570 1140 1662 majestatis
1168 1567 1378 1664 protectione
1399 1565 1586 1660 recipimus

172 1719 236 1793 per
253 1697 404 1792 potentie
429 1705 543 1769 nostre
565 1693 745 1768 brachium
768 1694 920 1788 benigno
940 1716 1076 1790 semper
1098 1693 1288 1790 patmcinio
1315 1691 1582 1765 confovendum.

176 1823 226 1894 lle
240 1820 510 1895 habundantiori
524 1840 664 1915 quoque
679 1817 790 1913 gratia
804 1817 1020 1890 celsitudinis
1036 1826 1150 1891 nostre
1168 1839 1238 1911 qua
1253 1817 1327 1890 loca
1347 1814 1506 1909 religiosa
1526 1817 1588 1889 be·

172 1946 279 2040 nigne
291 1966 427 2040 semper
440 1942 685 2017 consuevimus
703 1941 844 2029 intueri,·
856 1942 972 2014 omnia
986 1943 1090 2033 bona,
1104 1939 1337 2038 possessiones
1353 1951 1387 2012 et
1400 1939 1586 2012 tenimenta

171 2091 242 2164 que
270 2071 451 2164 largitione
478 2069 762 2164 predecessorum
790 2075 983 2140 nostrorum
1014 2067 1165 2140 felicium
1198 2073 1424 2160 augustorum
1455 2065 1585 2139 Roma·-

173 2216 295 2267 nomm
318 2195 564 2290 imperatorum
585 2216 649 2268 seu
677 2213 798 2288 regum
826 2193 883 2265 vel
909 2193 1054 2265 aliorum
1083 2212 1383 2287 quorumcumque
1409 2191 1584 2265 oblatione

172 2318 329 2392 fidelium
341 2319 456 2392 eidem
469 2317 675 2392 monasterio
689 2339 710 2390 a
722 2317 935 2390 fundationis
950 2339 1013 2391 sue
1028 2316 1315 2415 primordiosunt
1331 2317 1467 2409 collata,
1479 2328 1583 2413 prout

169 2465 212 2517 ea
232 2443 347 2517 omnia
363 2443 457 2518 idem
474 2443 720 2518 monasterium
738 2466 783 2517 ex
802 2453 885 2516 tunc
900 2443 1070 2539 usquead
1085 2443 1150 2516 hec
1165 2453 1280 2516 nostra
1299 2441 1412 2514 felicia
1429 2451 1582 2537 tempora

166 2569 261 2660 juste
276 2567 490 2661 dignoscitur
506 2567 697 2664 possidere,
713 2567 780 2664 ipsi
798 2569 1004 2642 monasterio
1022 2567 1245 2641 concedimus
1263 2577 1298 2640 et
1317 2577 1481 2664 perpetuo
1499 2589 1583 2640 con·

172 2689 361 2766 firmamus.
387 2695 581 2766 Statuentes
606 2705 640 2767 et
668 2693 835 2789 presentis
857 2693 1031 2790 privilegii
1057 2693 1258 2766 auctoritate
1288 2691 1430 2764 firmiter
1460 2692 1585 2784 injun-

170 2828 291 2912 gentes
308 2826 349 2888 ut
370 2818 465 2891 nulla
486 2819 627 2890 omnino
651 2839 794 2913 persona
812 2838 919 2914 parva
938 2818 994 2890 vel
1012 2817 1169 2910 humilis,
1188 2815 1418 2890 ecclesiastica
1444 2817 1497 2889 vel
1522 2838 1583 2888 se-

169 2943 314 3035 cularis,
340 2942 572 3036 jamdictum
598 2941 845 3017 monasterium
877 2943 923 3016 de
948 2942 1114 3039 predictis
1140 2943 1303 3015 omnibus
1331 2951 1449 3014 contra
1478 2943 1583 3037 hujus
1682 2946 1684 2950 ’

171 3068 411 3165 protectionis,
432 3068 664 3143 concessionis
676 3077 711 3142 et
726 3066 995 3143 confirmationis
1011 3078 1126 3141 nostre
1141 3077 1311 3160 tenorem,
1332 3066 1500 3163 impedire
1519 3089 1581 3142 seu

169 3192 352 3265 molestare
366 3204 554 3287 presumat.
572 3192 674 3280 Quod
693 3193 755 3288 qui
770 3193 1018 3290 presumpserit
1036 3192 1072 3265 in
1093 3215 1156 3266 sue
1175 3193 1376 3266 temeritatis
1391 3192 1582 3266 vindictam

170 3316 444 3414 indignationem
461 3329 614 3393 nostram
639 3327 674 3394 et
690 3339 815 3415 penam
829 3319 1083 3414 quinquaginta
1110 3320 1276 3392 librarum
1301 3317 1375 3391 auri
1393 3340 1431 3392 se
1448 3321 1582 3394 noverit

171 3442 406 3537 incursurum,
436 3445 655 3520 medietatem
678 3467 814 3520 camere
842 3455 959 3519 nostre
992 3453 1028 3518 et
1061 3445 1201 3520 alteram
1229 3445 1445 3518 medietatem
1471 3445 1584 3541 passis

171 3569 334 3662 injuriam
354 3569 629 3667 persolvendam.
648 3569 694 3644 Ut
708 3580 825 3645 autem
841 3569 907 3644 hec
931 3569 1048 3644 omnia
1069 3579 1143 3643 rata
1166 3591 1302 3665 semper
1323 3578 1359 3643 et
1381 3569 1584 3644 inconvulsa

170 3704 407 3791 permaneant,
422 3719 564 3794 presens
574 3697 797 3795 privilegium
810 3695 884 3770 fieri
902 3707 937 3772 et
952 3697 1065 3792 sigillo
1082 3694 1272 3790 maiestatis
1290 3704 1405 3769 nostre
1417 3696 1585 3789 jussimus

168 3819 389 3893 communiri.

217 3945 329 4037 Hujus
345 3955 460 4020 autem
476 3947 526 4021 rei
541 3955 645 4022 testes
658 3947 910 4022 snutAlbertns
920 3944 1230 4041 llagdeburgensis
1241 3945 1581 4043 archiepiscopus,...

168 4070 357 4167 episcopus
368 4070 529 4146 Curensis
541 4083 576 4147 et
588 4072 697 4148 abbas
711 4073 827 4179 Sancti
843 4070 945 4161 Galli,
959 4072 1003 4144 A.
1017 4069 1093 4144 dux
1108 4072 1272 4165 Saxonis,
1288 4073 1330 4145 li.
1348 4073 1424 4146 dux
1437 4073 1580 4167 Spoleti,

168 4216 285 4268 comes
303 4194 341 4267 C.
362 4195 409 4268 de
422 4198 660 4292 Wasselburc,
680 4219 795 4272 comes
812 4197 853 4271 G.
874 4196 921 4271 de
937 4196 1178 4289 Queurcberc,
1197 4217 1313 4270 comes
1328 4199 1364 4270 S.
1387 4198 1432 4271 de
1449 4197 1583 4271 Vienna

168 4327 205 4393 et
220 4321 279 4392 alii
292 4322 528 4417 quamplures.

221 4445 366 4542 Signum
389 4446 521 4520 domini
540 4447 703 4522 Friderici
729 4447 873 4522 emundi
891 4448 954 4521 Dei
977 4447 1086 4542 gratia
1112 4446 1330 4522 invictissimi
1353 4447 1584 4520 Romanorum

171 4569 407 4667 imperatoris,
428 4595 565 4669 semper
586 4573 746 4669 augusti,
764 4575 952 4648 Jerusalem
974 4583 1009 4647 et
1030 4572 1145 4646 Sicilie
1165 4571 1270 4668 regis.
1292 4570 1587 4672 (Monoprummo.)

220 4697 308 4771 Actu
323 4708 406 4772 sunt
422 4700 486 4773 hec
501 4721 594 4775 auno
614 4700 788 4775 dominice
805 4701 1049 4775 incarnationis
1067 4699 1249 4776 millesimo
1270 4700 1517 4775 ducentesimo·
1528 4700 1587 4772 vi-
