4292 5894
528 585 591 648 ast
1031 589 1244 656 varunnam
1269 592 1442 660 saeuum
1752 595 1833 679 [an.
1852 597 1936 660 rma

581 721 766 796 Fodericus
788 723 850 796 Dei
872 725 981 818 gratia
1005 727 1235 803 Romanorum
1252 733 1451 830 imperator,
1477 753 1614 828 semper
1635 743 1803 826 augustus
1826 744 1863 806 et
1879 756 1940 806 rex

533 845 659 920 Sicilie.
679 849 717 920 ln
734 849 898 923 eminenti
918 852 1086 948 imperiali
1105 855 1189 929 solio
1206 859 1380 931 constituti
1398 867 1492 931 tanto
1506 855 1718 952 propensiori
1732 879 1815 932 cura
1833 857 1940 931 inten-

533 971 617 1046 dere
633 972 803 1046 dabamus
826 973 871 1048 ad
890 978 1121 1071 protegendas
1136 979 1198 1054 Dei
1217 983 1379 1056 ecclesias
1396 993 1431 1056 et
1449 981 1616 1060 lavendas
1633 992 1669 1056 et
1684 981 1849 1078 precipue
1868 983 1940 1054 loca

532 1097 691 1192 religiosa
718 1098 754 1171 in
772 1099 903 1195 quibus
919 1101 982 1174 Dei
1001 1103 1150 1178 cultores
1172 1127 1235 1201 pro
1260 1117 1375 1182 nostra
1392 1107 1617 1202 omniumque
1639 1107 1749 1180 salute
1771 1104 1869 1201 apud
1887 1105 1939 1178 di·

532 1220 650 1294 vinam
664 1225 875 1317 majestatem
899 1225 1134 1323 interpellant,
1154 1243 1285 1325 quanto
1308 1251 1372 1306 nos
1390 1233 1454 1306 Dei
1472 1231 1651 1306 clementia
1668 1251 1730 1326 pre
1752 1230 1829 1302 aliis
1850 1229 1940 1302 orbis

531 1346 747 1444 principibus
767 1351 935 1424 exaltavit
955 1360 990 1425 et
1004 1353 1115 1448 ipsius
1132 1354 1298 1429 ineffabili
1318 1355 1538 1452 providentia
1558 1354 1665 1428 nostri
1681 1363 1791 1430 status
1808 1353 1939 1448 imperii

531 1471 755 1564 gubernatur.
776 1473 862 1548 luds
881 1483 935 1548 est
957 1475 1053 1571 quod
1074 1499 1138 1551 nos
1159 1480 1374 1554 attendentes
1394 1481 1606 1554 honestatem
1623 1489 1660 1552 et
1679 1479 1882 1572 religionem
1900 1499 1941 1552 ao

532 1601 825 1672 conversationem
844 1600 1056 1676 laudabilem
1078 1602 1263 1698 Margarita
1277 1605 1487 1678 venerabilis
1504 1604 1677 1678 abbab'sse
1694 1623 1736 1676 ao
1753 1611 1942 1676 conventus

531 1723 729 1796 monasterii
754 1734 872 1798 sancte
893 1726 956 1797 Dei
979 1726 1154 1820 genitricis
1171 1728 1296 1820 Maris,
1317 1729 1428 1802 sancti
1452 1727 1594 1803 Mattbei
1612 1727 1756 1822 apostoli
1778 1736 1814 1802 et
1834 1729 1941 1802 amori

531 1845 692 1939 Antonii,
709 1847 942 1922 cisterciensis
959 1849 1111 1941 ordinis,
1134 1851 1192 1926 siti
1214 1861 1315 1928 extra
1332 1853 1509 1928 civitatem
1526 1850 1645 1929 Asculi
1669 1849 1768 1946 apud
1792 1859 1940 1926 montem

533 1969 640 2062 Ulmi,
660 1972 706 2045 ob
723 1972 949 2048 reverentiam
961 1974 1072 2070 ipsius
1084 1977 1261 2068 genitricis
1275 1978 1339 2052 Dei
1353 1986 1387 2052 et
1401 1977 1581 2054 beatorum
1595 1975 1739 2050 manet
1751 1983 1787 2050 et
1803 1975 1940 2050 Antonii

532 2093 743 2194 adquorum
764 2097 928 2172 honorem
953 2103 1199 2174 monasterium
1225 2103 1340 2199 ipsum
1370 2102 1524 2176 noscitur
1549 2121 1627 2174 esse
1650 2098 1855 2193 tundalum,
1882 2119 1941 2195 pro

532 2229 649 2295 nostra
673 2223 784 2296 salute
798 2231 833 2296 et
850 2223 1004 2298 remedio
1022 2225 1216 2302 animarum
1232 2226 1394 2300 divorum
1411 2235 1640 2321 augustorum
1658 2233 1840 2319 parentum
1857 2244 1940 2297 nos-

532 2355 682 2440 trorum,
694 2347 902 2422 abbatissam
916 2358 952 2421 et
965 2359 1173 2423 conventum
1188 2351 1381 2448 predictum
1394 2372 1437 2425 ac
1448 2370 1569 2424 omnes
1583 2349 1636 2422 eis
1648 2347 1850 2443 regulariter
1860 2367 1941 2446 suc-

531 2471 693 2546 cedentes
705 2481 740 2546 et
755 2475 1002 2548 monasterium
1018 2475 1133 2570 ipsum
1151 2497 1231 2548 cum
1245 2475 1408 2550 omnibus
1420 2473 1696 2572 possessionibus
1709 2482 1745 2546 et
1760 2471 1942 2568 bonisque

530 2597 834 2693 inpresentiarum
855 2598 1103 2673 rationabiliter
1123 2600 1279 2695 possidet
1293 2609 1354 2675 aut
1369 2601 1406 2674 in
1421 2602 1577 2674 futurum
1593 2601 1688 2692 justo
1707 2597 1807 2670 titulo
1822 2596 1943 2692 putarit

531 2720 676 2816 adipisci
695 2723 761 2796 sub
777 2723 989 2819 protectione
1008 2731 1123 2796 nostra
1140 2723 1356 2798 celsitudinis
1373 2724 1562 2822 recipimus
1578 2723 1741 2820 speciali3
1760 2719 1940 2796 abundan-

531 2844 611 2918 tiori
632 2867 773 2942 quoque
785 2848 894 2942 gratia
911 2849 1099 2942 majestatis
1119 2859 1235 2923 nostre
1249 2849 1421 2924 donamus
1433 2859 1469 2924 et
1481 2847 1726 2924 confirmamus
1742 2845 1856 2920 eidem
1870 2867 1941 2918 mo-

534 2969 683 3044 nasterio
702 2971 738 3042 in
757 2981 964 3068 perpetuum
982 2973 1206 3046 tenimentum
1229 2973 1327 3070 quod
1344 2974 1449 3048 babet
1474 2974 1511 3046 in
1535 2972 1691 3048 dominio
1711 2981 1747 3044 at
1767 2970 1943 3066 grangiam

536 3097 645 3169 sancti
666 3096 852 3170 Salvatoris
871 3098 916 3172 de
938 3101 1057 3193 Sexto,
1081 3100 1258 3196 grangiam
1283 3100 1330 3174 de
1354 3101 1508 3174 Pautano
1527 3109 1564 3172 st
1581 3097 1744 3193 grangias
1757 3105 1793 3170 et
1807 3117 1943 3193 posses·

444 3323 448 3330 .
537 3221 652 3294 siones
667 3221 752 3295 alias
768 3243 859 3317 quas
877 3222 982 3296 babet
1001 3225 1039 3296 in
1061 3227 1153 3298 valle
1171 3225 1290 3298 Tronti
1306 3232 1341 3298 et
1358 3225 1427 3298 alia
1440 3223 1533 3298 bona
1549 3245 1629 3316 sna,
1651 3222 1743 3298 sicut
1762 3244 1806 3298 ea
1830 3221 1944 3296 omnm

538 3347 574 3420 in
590 3347 740 3443 presenti
755 3347 1001 3422 rationabiliter
1013 3348 1119 3423 babet
1136 3359 1170 3424 et
1186 3351 1222 3424 in
1245 3353 1399 3423 laturum
1412 3350 1509 3443 justo
1528 3349 1627 3422 titulo
1642 3347 1767 3444 poterit
1779 3347 1941 3444 adipisci,

538 3473 688 3570 presenti
711 3472 881 3569 imperiali
897 3473 1012 3548 edicto
1030 3473 1220 3549 districtius
1237 3475 1434 3550 inhibent&
1457 3484 1498 3548 ut
1522 3473 1619 3548 nulla
1638 3493 1786 3568 persona
1806 3469 1944 3546 humilis

537 3598 594 3671 val
612 3599 680 3672 alta
698 3597 735 3670 in
750 3599 996 3672 monasterium
1019 3600 1135 3698 ipsum
1156 3599 1323 3672 insultum
1345 3601 1458 3672 lacere
1473 3598 1531 3672 vel
1549 3595 1637 3670 illud
1657 3595 1778 3688 datiis,
1796 3593 1944 3670 oobectis

538 3731 600 3799 aut
618 3723 694 3798 aliis
719 3723 961 3798 exactionibus
983 3744 1189 3820 aggravare,
1209 3723 1299 3797 inira
1318 3723 1513 3796 clausuram
1534 3721 1646 3818 ipsine
1667 3719 1867 3794 monasterii
1888 3725 1945 3791 aut

540 3848 760 3944 grangiarum
773 3869 915 3920 suarum
929 3848 1085 3944 rapinam
1100 3871 1162 3922 seu
1176 3849 1306 3922 ludum
1323 3849 1435 3921 lacere
1450 3855 1511 3921 aut
1528 3847 1644 3940 iguem
1659 3865 1845 3942 apponere,
1865 3863 1946 3916 san·-

539 3973 680 4068 guinem
694 3971 889 4065 effundere,
903 3971 1080 4046 hominem
1093 3982 1221 4048 temere
1234 3993 1357 4069 capere
1368 3972 1424 4046 vel
1442 3967 1635 4043 interlicere
1647 3991 1708 4042 seu
1724 3967 1829 4040 etiam
1845 3987 1947 4040 exer·

539 4117 635 4190 cere,
659 4097 717 4170 vel
738 4094 948 4171 abbatissam
971 4104 1006 4170 et
1027 4095 1194 4170 moniales
1219 4095 1368 4194 prelatas
1389 4115 1453 4168 sen
1474 4113 1659 4168 conrasas
1676 4091 1786 4188 ipsius
1806 4111 1947 4164 monas-

539 4220 617 4294 terii
633 4220 669 4294 in
685 4221 788 4294 bouis
801 4220 859 4292 vel
879 4221 982 4294 rebus
1001 4220 1197 4293 monasterii
1212 4219 1369 4314 ejusdem
1386 4218 1539 4294 indebite
1560 4217 1741 4291 molestare
1760 4221 1944 4312 presumat.

540 4343 643 4428 Quod
670 4345 732 4440 qui
766 4345 1015 4442 presumpserit
1048 4344 1321 4440 indignationem
1356 4353 1473 4418 nostre
1503 4340 1718 4415 celsitudinis
1749 4361 1788 4413 sa
1817 4337 1950 4412 noverit

542 4467 783 4560 incursurum,
804 4478 839 4542 et
855 4469 892 4541 in
910 4491 974 4544 sue
993 4469 1273 4564 transgressionis
1292 4491 1416 4566 penam
1442 4477 1581 4542 eentum
1603 4463 1708 4538 libras
1728 4463 1806 4538 auri
1830 4459 1949 4558 optimi

542 4599 742 4688 componat,
759 4591 976 4666 medietatem
1001 4614 1135 4666 camere
1153 4602 1267 4667 nostre
1288 4601 1323 4667 et
1337 4593 1505 4687 reliquam
1525 4589 1744 4664 medietatem
1765 4588 1878 4684 passis
1898 4585 1950 4658 iu·

536 4714 667 4809 juriam
680 4716 956 4812 persolvendam.
973 4716 1029 4792 Ad
1046 4718 1151 4812 hujus
1168 4725 1284 4791 autem
1304 4716 1543 4813 protectionis,
1558 4713 1789 4788 concessionis
1810 4721 1846 4786 et
1865 4731 1950 4786 oon·
