4296 5898
560 553 622 614 neo
1059 555 1273 622 rnrnnnror
1299 557 1475 624 seconnr
1786 565 1868 648 [nn.
1885 567 1973 638 lam,

563 688 712 764 tineus
731 689 864 766 domini
880 695 1021 769 nonore
1036 715 1126 792 pape
1143 695 1188 768 111
1204 717 1296 770 anno
1311 698 1369 771 vr.
1392 697 1552 775 sonum
1572 721 1656 776 vem
1675 697 1733 775 do
1756 704 1971 798 permam-

561 815 679 888 vimus
696 824 730 890 et
747 817 994 894 benediximus
1008 821 1252 914 coemiterium‚
1270 831 1339 896 etc.
1370 877 1379 896 .
1412 879 1421 898 .
1450 878 1460 898 .
1482 823 1539 900 Ad
1554 823 1724 900 indicium
1739 837 1857 904 autem
1869 829 1970 925 buius
2124 811 2125 824 Ν

560 942 826 1016 consecrationis
842 953 877 1018 et
898 944 1114 1041 indulgentie
1129 965 1279 1041 presens
1301 947 1468 1046 scriptum
1483 947 1559 1024 fleri
1579 951 1746 1046 jussimus
1763 975 1827 1050 por
1849 978 1969 1032 munus

561 1062 746 1156 Guglielmi
765 1067 880 1142 clerici
904 1079 939 1144 et
965 1070 1094 1167 publici
1120 1071 1244 1146 notarii
1266 1070 1443 1167 Cossutio,
1468 1083 1584 1150 nostre
1609 1086 1645 1150 et
1666 1077 1899 1172 predictorum
1914 1103 1968 1156 ar·

560 1185 859 1288 chlepiscoporum
884 1204 920 1268 et
947 1194 1189 1292 episcoporum
1215 1196 1527 1294 subscriptionibus
1550 1209 1586 1272 et
1614 1200 1804 1296 sigidorum
1828 1203 1967 1301 impres·

558 1313 715 1388 sionibus
731 1322 994 1394 communitum.
1018 1322 1237 1417 [Sequuntur
1253 1320 1554 1419 subscriptiones]

374 1939 390 1970 ιι
450 1931 522 2027 aas,
607 1909 842 2017 Friderious,
869 1911 1129 2000 Romanorum
1155 1915 1378 2026 imperator,
1407 1916 1680 2002 monesterium
1710 1916 1962 2002 Wollrenrode

554 2041 810 2126 Cisteroiensis
832 2044 977 2128 ordinis
1004 2047 1054 2131 eb
1075 2049 1182 2131 omni
1199 2048 1287 2160 jure
1309 2050 1515 2134 exactionis
1540 2061 1577 2133 et
1602 2049 1781 2134 collectae
1811 2048 1958 2156 eximit,

550 2177 661 2286 eique
679 2175 780 2261 bona
797 2177 939 2261 civitati
952 2178 1179 2265 Milhausen
1194 2182 1405 2293 adjecentia
1422 2209 1521 2294 quae
1538 2183 1706 2293 possidet
1723 2167 1798 2266 scu¹
1810 2181 1960 2292 adipisci

549 2311 685 2422 poterit
702 2309 914 2397 confirmat.

630 2553 718 2633 (Edit.
735 2571 782 2634 ep.
798 2555 971 2629 Rnnonrn„
985 2553 1077 2618 Gotho
1089 2553 1253 2636 deponunt,
1265 2563 1287 2618 t.
1298 2557 1340 2637 11,
1351 2573 1380 2635 p.
1391 2565 1467 2646 πως
1477 2558 1638 2620 eomecdus
1650 2575 1722 2620 vero
1733 2556 1958 2638 mauepnpho

667 2678 716 2740 up.
732 2662 930 2725 Sanamem
943 2668 973 2724 et
986 2664 1137 2738 Knnrsro,
1164 2660 1386 2744 oporinum,
1402 2670 1426 2728 t.
1441 2664 1467 2738 Ι,
1481 2680 1513 2746 p.
1529 2673 1598 2726 757.
1613 2666 1767 2746 Integrum
1788 2673 1888 2728 nmen
1907 2664 1958 2726 di·

667 2767 766 2846 ploma
783 2784 880 2846 neque
893 2767 972 2846 apud
985 2769 1069 2831 illum
1082 2785 1180 2848 neque
1192 2768 1271 2847 apud
1280 2769 1335 2832 bos
1345 2769 1479 2848 prodiit.)
1946 2791 1949 2798 ⁴
1986 2765 1988 2768 ’

595 2981 789 3054 Fridericus
811 2981 874 3054 Dei
891 2983 1002 3077 gretie
1024 2985 1254 3058 Romanorum
1272 2983 1470 3081 imperator,
1494 3005 1630 3081 semper
1650 2993 1822 3080 augustus
1842 2997 1877 3058 et
1896 3007 1956 3060 rex

546 3103 683 3193 Sicilie,
701 3104 862 3179 omnibus
879 3107 916 3178 in
930 3115 1148 3204 perpetuum.
1166 3108 1252 3181 Cum
1268 3129 1315 3182 ex
1328 3109 1530 3184 auctoritato
1544 3109 1718 3183 commissi
1732 3109 1835 3184 nobis
1851 3133 1873 3185 a
1887 3111 1955 3184 Deo

545 3228 739 3324 regiminis,
758 3238 825 3302 etc.
845 3229 1010 3305 Noverint
1034 3233 1152 3328 itaque
1165 3235 1341 3334 presentes
1356 3243 1391 3308 et
1406 3233 1553 3332 posteris
1573 3233 1764 3307 innotescet
1780 3235 1879 3330 quod
1895 3255 1954 3310 nos

546 3351 817 3428 munificentiam
837 3364 871 3429 et
891 3358 1036 3448 gretiam
1060 3381 1149 3456 ques
1171 3361 1417 3434 monesterium
1440 3358 1477 3433 in
1494 3357 1705 3433 Volkenrotb
1730 3359 1866 3435 ordinis
1888 3361 1955 3434 Cis·

546 3479 724 3553 terciensis
754 3479 799 3552 ab
824 3481 1098 3555 antecessoribus
1124 3484 1249 3556 nostris
1273 3483 1435 3558 Romanis
1457 3482 1722 3578 imperatoribus
1753 3494 1789 3557 et
1816 3485 1954 3580 regibus

546 3625 651 3700 snper
680 3604 853 3677 concessis
884 3604 950 3678 sibi
977 3605 1193 3680 libertatibus
1221 3615 1273 3681 est
1303 3617 1498 3681 assecutum
1528 3607 1661 3680 irritare
1686 3605 1878 3702 nolentes,·
1895 3607 1954 3683 sed

544 3727 661 3824 potius
684 3737 907 3822 augmentare
929 3730 1125 3824 cupientes,
1145 3753 1191 3804 ex
1206 3740 1322 3804 nostre
1337 3730 1445 3825 regali
1468 3728 1704 3804 munificentie
1721 3739 1756 3804 et
1771 3733 1885 3826 gretia
1902 3731 1953 3806 ei·

544 3851 624 3925 dem
644 3851 850 3926 monasterio
868 3851 1090 3947 indulgemus
1104 3861 1143 3926 ut
1157 3853 1204 3927 ab
1224 3853 1318 3928 omni
1338 3855 1417 3947 jure
1434 3855 1625 3928 exactionis
1641 3864 1676 3928 et
1696 3855 1839 3930 collecte
1858 3853 1950 3952 quod

542 3975 651 4070 vulgo
676 3973 804 4048 dicitur
831 3977 959 4050 Geseoz
982 3973 1035 4072 (l)
1059 3976 1105 4049 sit
1130 3975 1346 4070 absolutum3
1373 3985 1415 4084 et
1434 3977 1463 4051 si
1487 3999 1557 4074 qua
1581 3978 1673 4053 bone
1697 3977 1832 4053 civitati
1855 3977 1950 4076 regni

542 4101 649 4173 nostri
662 4100 846 4174 Mulbusen
859 4099 1053 4195 adjecentia
1064 4123 1134 4198 que
1145 4092 1313 4200 imperiali
1323 4101 1554 4210 jurisdictioni
1568 4103 1713 4178 attinere
1726 4099 1950 4198 deberent,in

543 4223 763 4317 molendinis,
780 4223 816 4296 in
830 4225 929 4298 terris
947 4225 1048 4298 cultis
1062 4247 1124 4299 seu
1140 4226 1298 4316 incultis,
1315 4227 1506 4324 emptione,
1525 4225 1730 4320 donatione,
1750 4227 1950 4305 concambio

575 4578 608 4651 (tl
626 4579 712 4638 Hodie
722 4580 856 4640 decolora
871 4581 912 4641 Cl.
922 4581 1092 4658 privilegium
1101 4581 1394 4644 Hendcillomenorum
1404 4585 1483 4660 regis,
1493 4584 1587 4645 datum
1595 4585 1784 4660 Nordhuusen,
1795 4586 1948 4659 mustis,

538 4679 554 4730 3
567 4673 627 4734 idus
637 4676 805 4751 septembris,
820 4677 964 4738 indictione
972 4679 1022 4738 xl.
1533 4709 1535 4716 ¹
