4296 5898
560 555 621 618 220
1063 559 1278 624 FllllllllllCl
1303 559 1475 620 SECUNDl
1787 561 1868 640 [aas
1887 563 1969 626 1221.

643 691 815 765 (Memorat.
830 709 876 772 ap.
897 695 1066 772 boumont,
1086 699 1168 758 lator.
1185 696 1304 766 Pirene,
1324 697 1356 755 ln
1370 691 1455 754 Arcb
1475 691 1727 772 obticuitolicnc,
1742 702 1765 758 t.
1781 697 1836 773 Vl,
1850 715 1880 776 p.
1902 709 1969 762 4⁸⁹.

684 799 777 860 Adest
789 801 879 862 etlam
892 803 924 861 ln
938 802 1007 863 God.
1026 804 1165 886 Papini,
1182 805 1214 864 tn
1227 802 1305 864 areb
1322 800 1450 863 Florent.
1465 818 1535 864 cum
1550 801 1606 864 hnc
1617 809 1689 864 note
1704 821 1713 862 r
1731 811 1767 864 to
1778 805 1969 884 novembris.)

611 989 738 1060 Datrnm
755 988 932 1074 Panormi,
953 1010 1045 1063 anno
1063 989 1238 1064 dominice
1255 987 1499 1062 incamaticnis
1513 988 1694 1081 MCCXXI,
1720 989 1813 1061 XVII
1830 1012 1970 1064 novem-

560 1113 649 1203 bris,
669 1113 805 1187 decima
820 1115 1018 1191 indictione.
1743 1133 1745 1136 ‘

801 1449 1085 1459 —a-——n-—m———n—-u
1092 1449 1686 1459 -ι-α-ι-Ἣ
1697 1449 1719 1460 -n

351 1782 532 1881 1332?ng
613 1784 804 1866 Honorius
822 1808 920 1893 papa
938 1783 1126 1866 Friderico
1144 1783 1403 1867 Romanorum
1420 1783 1639 1893 imperatori
1656 1782 1845 1868 infelicem
1863 1811 1966 1868 exeo

560 1917 656 2000 citus
674 1916 870 1998 christiani
888 1942 1019 1999 casum
1038 1916 1254 2025 exprobrat,
1279 1943 1395 2027 quem
1423 1916 1494 1999 sibi
1517 1917 1630 2001 etiarn
1651 1917 1762 2000 multi
1779 1919 1965 2027 imputant

560 2077 681 2161 quum
699 2051 809 2134 toties
824 2051 1045 2134 dilationem
1062 2077 1261 2161 processus
1274 2051 1482 2161 postulanti
1500 2077 1647 2134 morem
1670 2053 1846 2162 gesserim
1865 2051 1962 2134 hor-

558 2195 661 2268 tatur
674 2186 723 2268 ad
741 2185 815 2268 hoo
832 2185 1060 2294 vituperium
1073 2184 1152 2269 Deo
1164 2193 1201 2268 et
1214 2185 1435 2270 hominibus
1449 2185 1713 2268 satisfaciendo
1726 2184 1962 2288 diluendum,

558 2345 718 2402 monens
736 2320 840 2428 quod
860 2319 891 2400 si
910 2318 1025 2401 nimis
1042 2319 1198 2402 remisse
1211 2319 1329 2430 egerit
1342 2319 1414 2429 ipsi
1423 2319 1581 2403 ulterius
1593 2345 1748 2428 parcere
1760 2345 1837 2401 non
1851 2331 1963 2428 pote-

555 2450 623 2556 rit,
635 2451 826 2560 mittitque
841 2452 891 2533 ad
909 2477 997 2535 eum
1015 2452 1213 2536 Nicolaum
1227 2452 1487 2536 Tusculanum
1505 2452 1723 2562 episcopum
1741 2451 1964 2562 apostolicae

555 2586 654 2668 sedis
680 2586 863 2696 legatum.

637 2834 769 2910 (Edidit,
777 2833 830 2896 sed
841 2835 959 2911 partlm,
976 2833 1061 2894 solito
1074 2850 1129 2895 suc
1141 2851 1223 2896 more
1236 2836 1411 2910 annnm,
1426 2831 1537 2896 Ausul.
1549 2832 1655 2912 corbe,
1669 2842 1690 2898 t
1707 2838 1722 2898 Ι
1734 2837 1774 2899 nd
1787 2852 1855 2900 eun.
1873 2845 1960 2910 12²1,

672 2937 819 3023 §xvlm
831 2957 847 3000 e
858 2941 976 3018 Regest.
988 2941 1111 3014 Honor,
1126 2941 1175 3002 llb.
1188 2942 1242 3021 Vl,
1251 2944 1335 3020 oplst.
1349 2941 1410 3022 ol.)

602 3165 793 3257 Honorius,
812 3175 902 3257 eto,
931 3165 1125 3258 Frederioo,
1154 3176 1220 3239 etc.
1253 3167 1385 3239 blerore
1416 3169 1536 3263 plenas
1567 3166 1629 3239 tibi
1659 3169 1816 3261 cogimur
1836 3168 1960 3241 litteras

553 3290 725 3365 destinare
733 3291 816 3384 quia
827 3301 977 3364 nostram
989 3292 1140 3364 animam
1150 3293 1265 3365 acerbi
1278 3292 1406 3365 doloris
1417 3292 1554 3386 gladius
1564 3291 1797 3389 pertransivit,
1808 3291 1961 3366 etadbuc

552 3417 762 3488 incessanter
783 3415 998 3490 concidimur
1019 3417 1164 3489 vulnere
1190 3439 1295 3513 super
1320 3419 1461 3491 vulnus.
1484 3417 1569 3490 Cum
1592 3417 1687 3489 euim
1716 3417 1841 3490 flebilis
1864 3437 1961 3490 casus

552 3540 726 3614 exercitus
753 3539 929 3612 christiani
953 3560 1017 3612 noe
1043 3539 1161 3614 dolore
1180 3541 1383 3615 intolerabili
1405 3540 1630 3630 sauciaverit,
1650 3541 1869 3637 deplorantes
1892 3561 1959 3614 non

550 3675 620 3738 tam
636 3665 770 3738 labores
788 3673 823 3738 et
838 3674 997 3761 sumptus
1013 3687 1101 3759 quos
1113 3669 1185 3760 jam
1204 3689 1266 3762 per
1281 3667 1438 3761 quinque
1459 3687 1568 3741 annos
1589 3665 1822 3739 indesinenter
1842 3675 1959 3761 pertu-

550 3789 653 3861 limus
666 3810 823 3883 quosque
837 3787 1043 3861 christianus
1058 3791 1209 3886 populus
1225 3791 1261 3862 in
1276 3792 1380 3864 rebus
1397 3803 1432 3865 et
1450 3791 1603 3887 personis
1619 3789 1725 3862 subiit
1736 3811 1813 3862 esse
1823 3809 1959 3886 prorsus

550 3916 694 3989 amissos
720 3937 826 4010 quam
853 3916 1090 3988 confusionem
1118 3915 1294 3988 christiani
1317 3915 1467 3988 nominis
1494 3895 1529 3987 ct
1555 3917 1664 4012 ipsius
1692 3914 1853 4006 injuriam
1880 3915 1958 3987 lesu

548 4041 671 4113 Christi
694 4041 755 4135 qui
780 4041 931 4138 peccatis
952 4041 1076 4114 nostris
1094 4040 1316 4135 exigentibus
1335 4040 1611 4136 blasphematur;
1630 4061 1711 4114 ecce
1734 4040 1818 4113 novi
1834 4036 1959 4113 doloris

551 4421 566 4458 n
581 4403 627 4476 qui
641 4402 710 4459 inter
723 4401 789 4460 alios
802 4399 973 4459 fidelissimus
985 4401 1103 4458 existens
1115 4401 1141 4458 ei
1159 4406 1199 4458 tot
1216 4416 1248 4458 ac
1266 4406 1341 4458 nuta
1359 4401 1468 4458 servitia
1482 4401 1632 4460 contulerat
1649 4401 1790 4458 inhoneste
1803 4417 1819 4458 a
1832 4400 1958 4474 guberna·

552 4518 566 4552 n
580 4499 653 4556 tione
661 4498 970 4571 civitatisSyracusanac
982 4498 1108 4572 privavit.
1118 4497 1265 4556 Guilelmus
1277 4497 1379 4555 Porcus
1387 4498 1490 4556 scilicet
1503 4499 1657 4570 admiratus,
1671 4513 1755 4572 quum
1764 4499 1854 4572 ipsum
1866 4511 1959 4571 capere

552 4616 566 4650 n
580 4597 668 4666 vellet,
683 4597 753 4653 sicut
764 4595 871 4654 divinae
880 4595 983 4670 placuit
994 4595 1132 4666 voluntati,
1146 4612 1241 4654 manin
1254 4598 1311 4670 ejus
1322 4596 1424 4670 aufugit
1437 4602 1465 4654 et
1481 4596 1617 4655 liminibus
1629 4597 1704 4670 regni
1715 4602 1826 4655 coactns
1837 4596 1899 4653 inde
1909 4591 1957 4669 [se]

552 4712 567 4749 n
581 4693 723 4768 separavit.
739 4711 751 4746 s
