<?xml version="1.0" encoding="UTF-8"?>
<!DOCTYPE html PUBLIC "-//W3C//DTD XHTML 1.0 Transitional//EN"
    "http://www.w3.org/TR/xhtml1/DTD/xhtml1-transitional.dtd">
<html xmlns="http://www.w3.org/1999/xhtml" xml:lang="en" lang="en">
 <head>
  <title>
</title>
<meta http-equiv="Content-Type" content="text/html;charset=utf-8" />
  <meta name='ocr-system' content='tesseract 3.04.00' />
  <meta name='ocr-capabilities' content='ocr_page ocr_carea ocr_par ocr_line ocrx_word'/>
</head>
<body>
  <div class='ocr_page' id='page_1' title='image "./historiadiploma08fredgoog_0348.png"; bbox 0 0 4292 5894; ppageno 0'>
   <div class='ocr_carea' id='block_1_1' title="bbox 553 532 1964 1636">
    <p class='ocr_par' dir='ltr' id='par_1_1' title="bbox 553 532 1962 619">
     <span class='ocr_line' id='line_1_1' title="bbox 553 532 1962 619; baseline -0.001 -23"><span class='ocrx_word' id='word_1_1' title='bbox 553 533 614 596; x_wconf 83' lang='grc'><strong>336</strong></span> <span class='ocrx_word' id='word_1_2' title='bbox 1022 552 1025 561; x_wconf 88' lang='grc'><strong>’</strong></span> <span class='ocrx_word' id='word_1_3' title='bbox 1053 537 1268 600; x_wconf 77' lang='lat' dir='ltr'><strong>Fltllllllllcl</strong></span> <span class='ocrx_word' id='word_1_4' title='bbox 1292 537 1466 600; x_wconf 72' lang='lat' dir='ltr'><strong>securam</strong></span> <span class='ocrx_word' id='word_1_5' title='bbox 1779 532 1857 619; x_wconf 77' lang='lat' dir='ltr'><strong>[Ans.</strong></span> <span class='ocrx_word' id='word_1_6' title='bbox 1875 533 1962 595; x_wconf 70' lang='lat' dir='ltr'><strong>laza</strong></span> 
     </span>
    </p>

    <p class='ocr_par' dir='ltr' id='par_1_2' title="bbox 553 667 1964 892">
     <span class='ocr_line' id='line_1_2' title="bbox 601 667 1964 766; baseline 0.001 -26"><span class='ocrx_word' id='word_1_7' title='bbox 601 669 747 762; x_wconf 75' lang='lat' dir='ltr'><strong>Signum</strong></span> <span class='ocrx_word' id='word_1_8' title='bbox 774 667 907 742; x_wconf 92' lang='lat' dir='ltr'><strong>domini</strong></span> <span class='ocrx_word' id='word_1_9' title='bbox 933 669 1095 746; x_wconf 88' lang='lat' dir='ltr'><strong>Friderici</strong></span> <span class='ocrx_word' id='word_1_10' title='bbox 1120 672 1264 746; x_wconf 89' lang='lat' dir='ltr'><strong>secundi</strong></span> <span class='ocrx_word' id='word_1_11' title='bbox 1284 672 1347 745; x_wconf 88' lang='lat' dir='ltr'><strong>Dei</strong></span> <span class='ocrx_word' id='word_1_12' title='bbox 1370 671 1481 766; x_wconf 78' lang='lat' dir='ltr'><strong>gretia</strong></span> <span class='ocrx_word' id='word_1_13' title='bbox 1498 669 1714 743; x_wconf 69' lang='lat' dir='ltr'><strong>invictissimi</strong></span> <span class='ocrx_word' id='word_1_14' title='bbox 1733 671 1964 742; x_wconf 81' lang='lat' dir='ltr'><strong>Romanorum</strong></span> 
     </span>
     <span class='ocr_line' id='line_1_3' title="bbox 553 791 1697 892; baseline 0.002 -28"><span class='ocrx_word' id='word_1_15' title='bbox 553 791 779 886; x_wconf 88' lang='lat' dir='ltr'><strong>imperatoris,</strong></span> <span class='ocrx_word' id='word_1_16' title='bbox 797 814 933 888; x_wconf 81' lang='lat' dir='ltr'><strong>semper</strong></span> <span class='ocrx_word' id='word_1_17' title='bbox 947 798 1086 890; x_wconf 77' lang='lat' dir='ltr'><strong>augusti</strong></span> <span class='ocrx_word' id='word_1_18' title='bbox 1102 807 1137 869; x_wconf 89' lang='lat' dir='ltr'><strong>et</strong></span> <span class='ocrx_word' id='word_1_19' title='bbox 1152 798 1243 892; x_wconf 79' lang='lat' dir='ltr'><strong>regie</strong></span> <span class='ocrx_word' id='word_1_20' title='bbox 1257 797 1383 870; x_wconf 81' lang='lat' dir='ltr'><strong>Sicilie.</strong></span> <span class='ocrx_word' id='word_1_21' title='bbox 1404 793 1697 889; x_wconf 73' lang='lat' dir='ltr'><strong>(Mouoprcmmc.)</strong></span> 
     </span>
    </p>

    <p class='ocr_par' dir='ltr' id='par_1_3' title="bbox 553 913 1963 1508">
     <span class='ocr_line' id='line_1_4' title="bbox 602 913 1961 994; baseline 0.001 -7"><span class='ocrx_word' id='word_1_22' title='bbox 602 913 688 987; x_wconf 85' lang='lat' dir='ltr'><strong>Acta</strong></span> <span class='ocrx_word' id='word_1_23' title='bbox 705 925 785 988; x_wconf 85' lang='lat' dir='ltr'><strong>sunt</strong></span> <span class='ocrx_word' id='word_1_24' title='bbox 806 915 870 990; x_wconf 91' lang='lat' dir='ltr'><strong>hec</strong></span> <span class='ocrx_word' id='word_1_25' title='bbox 888 941 978 992; x_wconf 89' lang='lat' dir='ltr'><strong>anno</strong></span> <span class='ocrx_word' id='word_1_26' title='bbox 997 919 1172 994; x_wconf 88' lang='lat' dir='ltr'><strong>dominice</strong></span> <span class='ocrx_word' id='word_1_27' title='bbox 1192 921 1435 994; x_wconf 78' lang='lat' dir='ltr'><strong>incarnationis</strong></span> <span class='ocrx_word' id='word_1_28' title='bbox 1453 921 1633 994; x_wconf 86' lang='lat' dir='ltr'><strong>millesimo</strong></span> <span class='ocrx_word' id='word_1_29' title='bbox 1653 916 1891 990; x_wconf 88' lang='lat' dir='ltr'><strong>ducentesimo</strong></span> <span class='ocrx_word' id='word_1_30' title='bbox 1908 917 1961 988; x_wconf 88' lang='lat' dir='ltr'><strong>vi·</strong></span> 
     </span>
     <span class='ocr_line' id='line_1_5' title="bbox 553 1041 1963 1140; baseline -0.001 -26"><span class='ocrx_word' id='word_1_31' title='bbox 553 1041 686 1134; x_wconf 77' lang='lat' dir='ltr'><strong>gesimo</strong></span> <span class='ocrx_word' id='word_1_32' title='bbox 704 1041 859 1115; x_wconf 92' lang='lat' dir='ltr'><strong>secundo</strong></span> <span class='ocrx_word' id='word_1_33' title='bbox 873 1043 939 1138; x_wconf 85' lang='lat' dir='ltr'><strong>(l),</strong></span> <span class='ocrx_word' id='word_1_34' title='bbox 960 1065 1080 1119; x_wconf 85' lang='lat' dir='ltr'><strong>mense</strong></span> <span class='ocrx_word' id='word_1_35' title='bbox 1094 1047 1220 1138; x_wconf 87' lang='lat' dir='ltr'><strong>martii,</strong></span> <span class='ocrx_word' id='word_1_36' title='bbox 1239 1045 1428 1120; x_wconf 81' lang='lat' dir='ltr'><strong>indictione</strong></span> <span class='ocrx_word' id='word_1_37' title='bbox 1443 1047 1508 1135; x_wconf 88' lang='lat' dir='ltr'><strong>lll,</strong></span> <span class='ocrx_word' id='word_1_38' title='bbox 1530 1047 1719 1140; x_wconf 87' lang='lat' dir='ltr'><strong>imperanto</strong></span> <span class='ocrx_word' id='word_1_39' title='bbox 1736 1042 1878 1115; x_wconf 92' lang='lat' dir='ltr'><strong>domino</strong></span> <span class='ocrx_word' id='word_1_40' title='bbox 1891 1041 1963 1112; x_wconf 87' lang='lat' dir='ltr'><strong>Fri-</strong></span> 
     </span>
     <span class='ocr_line' id='line_1_6' title="bbox 554 1162 1963 1264; baseline -0.001 -26"><span class='ocrx_word' id='word_1_41' title='bbox 554 1162 671 1238; x_wconf 88' lang='lat' dir='ltr'><strong>derioo</strong></span> <span class='ocrx_word' id='word_1_42' title='bbox 691 1166 846 1238; x_wconf 88' lang='lat' dir='ltr'><strong>secundo</strong></span> <span class='ocrx_word' id='word_1_43' title='bbox 867 1169 929 1241; x_wconf 88' lang='lat' dir='ltr'><strong>Dei</strong></span> <span class='ocrx_word' id='word_1_44' title='bbox 953 1171 1065 1260; x_wconf 80' lang='lat' dir='ltr'><strong>gratia</strong></span> <span class='ocrx_word' id='word_1_45' title='bbox 1086 1171 1312 1244; x_wconf 85' lang='lat' dir='ltr'><strong>invictissimo</strong></span> <span class='ocrx_word' id='word_1_46' title='bbox 1331 1172 1560 1244; x_wconf 83' lang='lat' dir='ltr'><strong>Romanorum</strong></span> <span class='ocrx_word' id='word_1_47' title='bbox 1581 1169 1803 1264; x_wconf 85' lang='lat' dir='ltr'><strong>imperatore,</strong></span> <span class='ocrx_word' id='word_1_48' title='bbox 1829 1187 1963 1258; x_wconf 85' lang='lat' dir='ltr'><strong>semper</strong></span> 
     </span>
     <span class='ocr_line' id='line_1_7' title="bbox 554 1289 1962 1390; baseline -0.002 -27"><span class='ocrx_word' id='word_1_49' title='bbox 554 1299 703 1382; x_wconf 78' lang='lat' dir='ltr'><strong>angusto</strong></span> <span class='ocrx_word' id='word_1_50' title='bbox 724 1302 758 1363; x_wconf 93' lang='lat' dir='ltr'><strong>et</strong></span> <span class='ocrx_word' id='word_1_51' title='bbox 781 1313 863 1385; x_wconf 79' lang='lat' dir='ltr'><strong>rege</strong></span> <span class='ocrx_word' id='word_1_52' title='bbox 885 1293 1018 1381; x_wconf 87' lang='lat' dir='ltr'><strong>Sicilie,</strong></span> <span class='ocrx_word' id='word_1_53' title='bbox 1042 1315 1134 1368; x_wconf 91' lang='lat' dir='ltr'><strong>anno</strong></span> <span class='ocrx_word' id='word_1_54' title='bbox 1149 1295 1292 1368; x_wconf 80' lang='lat' dir='ltr'><strong>Romani</strong></span> <span class='ocrx_word' id='word_1_55' title='bbox 1316 1295 1451 1390; x_wconf 90' lang='lat' dir='ltr'><strong>imperii</strong></span> <span class='ocrx_word' id='word_1_56' title='bbox 1468 1295 1544 1386; x_wconf 86' lang='lat' dir='ltr'><strong>ejus</strong></span> <span class='ocrx_word' id='word_1_57' title='bbox 1566 1292 1737 1378; x_wconf 87' lang='lat' dir='ltr'><strong>secundo,</strong></span> <span class='ocrx_word' id='word_1_58' title='bbox 1761 1289 1859 1383; x_wconf 79' lang='lat' dir='ltr'><strong>regni</strong></span> <span class='ocrx_word' id='word_1_59' title='bbox 1882 1309 1962 1360; x_wconf 83' lang='lat' dir='ltr'><strong>vero</strong></span> 
     </span>
     <span class='ocr_line' id='line_1_8' title="bbox 553 1411 1145 1508; baseline 0.007 -24"><span class='ocrx_word' id='word_1_60' title='bbox 553 1411 668 1484; x_wconf 89' lang='lat' dir='ltr'><strong>Sicilie</strong></span> <span class='ocrx_word' id='word_1_61' title='bbox 683 1414 748 1486; x_wconf 87' lang='lat' dir='ltr'><strong>Xll</strong></span> <span class='ocrx_word' id='word_1_62' title='bbox 766 1411 832 1508; x_wconf 83' lang='lat' dir='ltr'><strong>(a),</strong></span> <span class='ocrx_word' id='word_1_63' title='bbox 852 1415 1005 1488; x_wconf 81' lang='lat' dir='ltr'><strong>feliciter.</strong></span> <span class='ocrx_word' id='word_1_64' title='bbox 1021 1414 1145 1488; x_wconf 82' lang='lat' dir='ltr'><strong>Amen.</strong></span> 
     </span>
    </p>

    <p class='ocr_par' dir='ltr' id='par_1_4' title="bbox 601 1535 1718 1636">
     <span class='ocr_line' id='line_1_9' title="bbox 601 1535 1718 1636; baseline -0.002 -28"><span class='ocrx_word' id='word_1_65' title='bbox 601 1539 726 1610; x_wconf 88' lang='lat' dir='ltr'><strong>Datum</strong></span> <span class='ocrx_word' id='word_1_66' title='bbox 740 1539 911 1612; x_wconf 86' lang='lat' dir='ltr'><strong>Ferentini</strong></span> <span class='ocrx_word' id='word_1_67' title='bbox 927 1538 987 1636; x_wconf 84' lang='lat' dir='ltr'><strong>(o),</strong></span> <span class='ocrx_word' id='word_1_68' title='bbox 1004 1561 1108 1634; x_wconf 91' lang='lat' dir='ltr'><strong>anno,</strong></span> <span class='ocrx_word' id='word_1_69' title='bbox 1125 1561 1244 1614; x_wconf 88' lang='lat' dir='ltr'><strong>mense</strong></span> <span class='ocrx_word' id='word_1_70' title='bbox 1259 1551 1293 1612; x_wconf 87' lang='lat' dir='ltr'><strong>ct</strong></span> <span class='ocrx_word' id='word_1_71' title='bbox 1307 1537 1497 1612; x_wconf 87' lang='lat' dir='ltr'><strong>indictione</strong></span> <span class='ocrx_word' id='word_1_72' title='bbox 1510 1535 1718 1633; x_wconf 87' lang='lat' dir='ltr'><strong>prescriptis.</strong></span> 
     </span>
    </p>
   </div>
   <div class='ocr_carea' id='block_1_2' title="bbox 1355 1840 1748 1856">
    <p class='ocr_par' dir='ltr' id='par_1_5' title="bbox 1355 1840 1748 1856">
     <span class='ocr_line' id='line_1_10' title="bbox 1355 1840 1748 1856; baseline -0.013 0"><span class='ocrx_word' id='word_1_73' title='bbox 1355 1840 1748 1856; x_wconf 57' lang='lat' dir='ltr'><strong>namm-</strong></span> 
     </span>
    </p>
   </div>
   <div class='ocr_carea' id='block_1_3' title="bbox 471 2111 1965 2887">
    <p class='ocr_par' dir='ltr' id='par_1_6' title="bbox 471 2111 1965 2887">
     <span class='ocr_line' id='line_1_11' title="bbox 604 2111 1964 2227; baseline -0.004 -32"><span class='ocrx_word' id='word_1_74' title='bbox 604 2111 836 2220; x_wconf 77' lang='lat' dir='ltr'><strong>FridericnS,</strong></span> <span class='ocrx_word' id='word_1_75' title='bbox 869 2113 1130 2227; x_wconf 87' lang='lat' dir='ltr'><strong>Romanorum</strong></span> <span class='ocrx_word' id='word_1_76' title='bbox 1168 2115 1393 2226; x_wconf 86' lang='lat' dir='ltr'><strong>imperator,</strong></span> <span class='ocrx_word' id='word_1_77' title='bbox 1422 2114 1602 2224; x_wconf 87' lang='lat' dir='ltr'><strong>hospitali</strong></span> <span class='ocrx_word' id='word_1_78' title='bbox 1636 2113 1796 2196; x_wconf 78' lang='lat' dir='ltr'><strong>Sanctae</strong></span> <span class='ocrx_word' id='word_1_79' title='bbox 1825 2111 1964 2196; x_wconf 88' lang='lat' dir='ltr'><strong>Mariae</strong></span> 
     </span>
     <span class='ocr_line' id='line_1_12' title="bbox 471 2245 1962 2355; baseline -0.003 -25"><span class='ocrx_word' id='word_1_80' title='bbox 471 2271 478 2286; x_wconf 92' lang='lat'><strong>·</strong></span> <span class='ocrx_word' id='word_1_81' title='bbox 551 2245 873 2330; x_wconf 86' lang='lat' dir='ltr'><strong>Theutonicorum</strong></span> <span class='ocrx_word' id='word_1_82' title='bbox 894 2249 1068 2332; x_wconf 89' lang='lat' dir='ltr'><strong>concedit</strong></span> <span class='ocrx_word' id='word_1_83' title='bbox 1084 2260 1128 2331; x_wconf 88' lang='lat' dir='ltr'><strong>ut</strong></span> <span class='ocrx_word' id='word_1_84' title='bbox 1145 2249 1184 2330; x_wconf 87' lang='lat' dir='ltr'><strong>in</strong></span> <span class='ocrx_word' id='word_1_85' title='bbox 1202 2247 1381 2332; x_wconf 90' lang='lat' dir='ltr'><strong>omnibns</strong></span> <span class='ocrx_word' id='word_1_86' title='bbox 1399 2249 1564 2331; x_wconf 86' lang='lat' dir='ltr'><strong>ecclesiis</strong></span> <span class='ocrx_word' id='word_1_87' title='bbox 1582 2256 1663 2330; x_wconf 85' lang='lat' dir='ltr'><strong>tam</strong></span> <span class='ocrx_word' id='word_1_88' title='bbox 1681 2245 1829 2355; x_wconf 88' lang='lat' dir='ltr'><strong>imperii</strong></span> <span class='ocrx_word' id='word_1_89' title='bbox 1847 2267 1962 2352; x_wconf 87' lang='lat' dir='ltr'><strong>qnam</strong></span> 
     </span>
     <span class='ocr_line' id='line_1_13' title="bbox 551 2377 1965 2490; baseline -0.004 -27"><span class='ocrx_word' id='word_1_90' title='bbox 551 2380 769 2490; x_wconf 82' lang='lat' dir='ltr'><strong>patrimonii</strong></span> <span class='ocrx_word' id='word_1_91' title='bbox 788 2379 848 2463; x_wconf 86' lang='lat' dir='ltr'><strong>sui</strong></span> <span class='ocrx_word' id='word_1_92' title='bbox 866 2381 906 2462; x_wconf 93' lang='lat' dir='ltr'><strong>in</strong></span> <span class='ocrx_word' id='word_1_93' title='bbox 924 2381 1065 2490; x_wconf 86' lang='lat' dir='ltr'><strong>quibus</strong></span> <span class='ocrx_word' id='word_1_94' title='bbox 1074 2379 1140 2490; x_wconf 88' lang='lat' dir='ltr'><strong>jns</strong></span> <span class='ocrx_word' id='word_1_95' title='bbox 1155 2391 1377 2490; x_wconf 87' lang='lat' dir='ltr'><strong>patronatus</strong></span> <span class='ocrx_word' id='word_1_96' title='bbox 1394 2381 1512 2464; x_wconf 85' lang='lat' dir='ltr'><strong>hebet</strong></span> <span class='ocrx_word' id='word_1_97' title='bbox 1527 2381 1587 2465; x_wconf 83' lang='lat' dir='ltr'><strong>vel</strong></span> <span class='ocrx_word' id='word_1_98' title='bbox 1605 2379 1780 2485; x_wconf 86' lang='lat' dir='ltr'><strong>hebebit,</strong></span> <span class='ocrx_word' id='word_1_99' title='bbox 1797 2377 1965 2487; x_wconf 84' lang='lat' dir='ltr'><strong>quoties-</strong></span> 
     </span>
     <span class='ocr_line' id='line_1_14' title="bbox 553 2511 1965 2622; baseline -0.002 -28"><span class='ocrx_word' id='word_1_100' title='bbox 553 2536 704 2621; x_wconf 83' lang='lat' dir='ltr'><strong>cunque</strong></span> <span class='ocrx_word' id='word_1_101' title='bbox 718 2512 848 2622; x_wconf 87' lang='lat' dir='ltr'><strong>aliqua</strong></span> <span class='ocrx_word' id='word_1_102' title='bbox 865 2513 1026 2595; x_wconf 88' lang='lat' dir='ltr'><strong>istarum</strong></span> <span class='ocrx_word' id='word_1_103' title='bbox 1043 2513 1250 2620; x_wconf 84' lang='lat' dir='ltr'><strong>vacaverit,</strong></span> <span class='ocrx_word' id='word_1_104' title='bbox 1270 2513 1483 2622; x_wconf 86' lang='lat' dir='ltr'><strong>portionem</strong></span> <span class='ocrx_word' id='word_1_105' title='bbox 1500 2539 1629 2596; x_wconf 85' lang='lat' dir='ltr'><strong>rernm</strong></span> <span class='ocrx_word' id='word_1_106' title='bbox 1647 2511 1850 2596; x_wconf 90' lang='lat' dir='ltr'><strong>mobilium</strong></span> <span class='ocrx_word' id='word_1_107' title='bbox 1867 2534 1965 2619; x_wconf 89' lang='lat' dir='ltr'><strong>quae</strong></span> 
     </span>
     <span class='ocr_line' id='line_1_15' title="bbox 553 2644 1965 2754; baseline -0.002 -26"><span class='ocrx_word' id='word_1_108' title='bbox 553 2646 604 2728; x_wconf 87' lang='lat' dir='ltr'><strong>ud</strong></span> <span class='ocrx_word' id='word_1_109' title='bbox 621 2671 718 2754; x_wconf 87' lang='lat' dir='ltr'><strong>opus</strong></span> <span class='ocrx_word' id='word_1_110' title='bbox 739 2645 887 2754; x_wconf 87' lang='lat' dir='ltr'><strong>imperii</strong></span> <span class='ocrx_word' id='word_1_111' title='bbox 916 2647 1031 2754; x_wconf 88' lang='lat' dir='ltr'><strong>recipi</strong></span> <span class='ocrx_word' id='word_1_112' title='bbox 1052 2646 1248 2729; x_wconf 85' lang='lat' dir='ltr'><strong>consuevit</strong></span> <span class='ocrx_word' id='word_1_113' title='bbox 1269 2646 1407 2730; x_wconf 88' lang='lat' dir='ltr'><strong>domus</strong></span> <span class='ocrx_word' id='word_1_114' title='bbox 1433 2647 1500 2728; x_wconf 89' lang='lat' dir='ltr'><strong>ille</strong></span> <span class='ocrx_word' id='word_1_115' title='bbox 1522 2646 1572 2729; x_wconf 89' lang='lat' dir='ltr'><strong>ad</strong></span> <span class='ocrx_word' id='word_1_116' title='bbox 1594 2671 1687 2730; x_wconf 86' lang='lat' dir='ltr'><strong>usus</strong></span> <span class='ocrx_word' id='word_1_117' title='bbox 1714 2670 1805 2727; x_wconf 86' lang='lat' dir='ltr'><strong>suos</strong></span> <span class='ocrx_word' id='word_1_118' title='bbox 1834 2644 1965 2752; x_wconf 86' lang='lat' dir='ltr'><strong>perci-</strong></span> 
     </span>
     <span class='ocr_line' id='line_1_16' title="bbox 552 2776 1965 2887; baseline 0.001 -31"><span class='ocrx_word' id='word_1_119' title='bbox 552 2776 633 2886; x_wconf 87' lang='lat' dir='ltr'><strong>piat</strong></span> <span class='ocrx_word' id='word_1_120' title='bbox 650 2803 797 2860; x_wconf 90' lang='lat' dir='ltr'><strong>necnon</strong></span> <span class='ocrx_word' id='word_1_121' title='bbox 814 2789 851 2860; x_wconf 90' lang='lat' dir='ltr'><strong>et</strong></span> <span class='ocrx_word' id='word_1_122' title='bbox 867 2804 1000 2862; x_wconf 87' lang='lat' dir='ltr'><strong>omnes</strong></span> <span class='ocrx_word' id='word_1_123' title='bbox 1023 2789 1227 2887; x_wconf 86' lang='lat' dir='ltr'><strong>proventus</strong></span> <span class='ocrx_word' id='word_1_124' title='bbox 1246 2779 1489 2861; x_wconf 82' lang='lat' dir='ltr'><strong>ecclesiarum</strong></span> <span class='ocrx_word' id='word_1_125' title='bbox 1507 2779 1725 2862; x_wconf 85' lang='lat' dir='ltr'><strong>vacantium</strong></span> <span class='ocrx_word' id='word_1_126' title='bbox 1749 2802 1818 2886; x_wconf 90' lang='lat' dir='ltr'><strong>per</strong></span> <span class='ocrx_word' id='word_1_127' title='bbox 1842 2784 1965 2859; x_wconf 88' lang='lat' dir='ltr'><strong>totum</strong></span> 
     </span>
    </p>
   </div>
   <div class='ocr_carea' id='block_1_4' title="bbox 554 2909 759 2992">
    <p class='ocr_par' dir='ltr' id='par_1_7' title="bbox 554 2909 759 2992">
     <span class='ocr_line' id='line_1_17' title="bbox 554 2909 759 2992; baseline -0.01 0"><span class='ocrx_word' id='word_1_128' title='bbox 554 2934 713 2992; x_wconf 85' lang='lat' dir='ltr'><strong>annum.</strong></span> <span class='ocrx_word' id='word_1_129' title='bbox 751 2909 759 2922; x_wconf 90' lang='lat'>&#39;</span> 
     </span>
    </p>
   </div>
   <div class='ocr_carea' id='block_1_5' title="bbox 632 3147 1964 3446">
    <p class='ocr_par' dir='ltr' id='par_1_8' title="bbox 632 3147 1964 3446">
     <span class='ocr_line' id='line_1_18' title="bbox 632 3147 1963 3234; baseline -0.002 -24"><span class='ocrx_word' id='word_1_130' title='bbox 632 3147 721 3229; x_wconf 80' lang='lat' dir='ltr'><strong>(sut.</strong></span> <span class='ocrx_word' id='word_1_131' title='bbox 736 3166 784 3227; x_wconf 86' lang='lat' dir='ltr'><strong>ep.</strong></span> <span class='ocrx_word' id='word_1_132' title='bbox 800 3150 979 3226; x_wconf 83' lang='lat' dir='ltr'><strong>Donnnrnrr,</strong></span> <span class='ocrx_word' id='word_1_133' title='bbox 994 3151 1106 3213; x_wconf 77' lang='lat' dir='ltr'><strong>litator.</strong></span> <span class='ocrx_word' id='word_1_134' title='bbox 1128 3149 1189 3213; x_wconf 81' lang='lat' dir='ltr'><strong>ord</strong></span> <span class='ocrx_word' id='word_1_135' title='bbox 1212 3153 1301 3234; x_wconf 79' lang='lat' dir='ltr'><strong>equit.</strong></span> <span class='ocrx_word' id='word_1_136' title='bbox 1327 3149 1507 3226; x_wconf 69' lang='lat' dir='ltr'><strong>Tamania,</strong></span> <span class='ocrx_word' id='word_1_137' title='bbox 1526 3149 1655 3229; x_wconf 84' lang='lat' dir='ltr'><strong>append.</strong></span> <span class='ocrx_word' id='word_1_138' title='bbox 1675 3166 1708 3227; x_wconf 85' lang='lat' dir='ltr'><strong>p.</strong></span> <span class='ocrx_word' id='word_1_139' title='bbox 1730 3157 1784 3224; x_wconf 83' lang='lat' dir='ltr'><strong>to,</strong></span> <span class='ocrx_word' id='word_1_140' title='bbox 1805 3157 1839 3208; x_wconf 85' lang='lat' dir='ltr'><strong>n·</strong></span> <span class='ocrx_word' id='word_1_141' title='bbox 1863 3156 1911 3208; x_wconf 80' lang='lat'><strong>18.</strong></span> <span class='ocrx_word' id='word_1_142' title='bbox 1925 3177 1963 3190; x_wconf 89' lang='lat'><em>-</em></span> 
     </span>
     <span class='ocr_line' id='line_1_19' title="bbox 671 3253 1964 3338; baseline 0 -22"><span class='ocrx_word' id='word_1_143' title='bbox 671 3255 791 3331; x_wconf 78' lang='lat' dir='ltr'><strong>Fauna,</strong></span> <span class='ocrx_word' id='word_1_144' title='bbox 816 3254 993 3330; x_wconf 66' lang='lat' dir='ltr'><strong>domuc,</strong></span> <span class='ocrx_word' id='word_1_145' title='bbox 1015 3268 1049 3318; x_wconf 86' lang='lat' dir='ltr'><strong>n⁰</strong></span> <span class='ocrx_word' id='word_1_146' title='bbox 1069 3267 1103 3335; x_wconf 83' lang='lat' dir='ltr'><strong>o,</strong></span> <span class='ocrx_word' id='word_1_147' title='bbox 1123 3265 1154 3320; x_wconf 89' lang='lat' dir='ltr'><strong>et</strong></span> <span class='ocrx_word' id='word_1_148' title='bbox 1173 3261 1204 3320; x_wconf 94' lang='lat' dir='ltr'><strong>ln</strong></span> <span class='ocrx_word' id='word_1_149' title='bbox 1224 3257 1388 3320; x_wconf 81' lang='lat' dir='ltr'><strong>Brcudeub.</strong></span> <span class='ocrx_word' id='word_1_150' title='bbox 1409 3253 1701 3338; x_wconf 59' lang='lat' dir='ltr'><strong>ommiumque..</strong></span> <span class='ocrx_word' id='word_1_151' title='bbox 1716 3272 1749 3333; x_wconf 87' lang='lat' dir='ltr'><strong>p.</strong></span> <span class='ocrx_word' id='word_1_152' title='bbox 1765 3263 1816 3316; x_wconf 78' lang='lat' dir='ltr'><strong>oo.</strong></span> <span class='ocrx_word' id='word_1_153' title='bbox 1832 3255 1964 3332; x_wconf 76' lang='lat' dir='ltr'><strong>appense</strong></span> 
     </span>
     <span class='ocr_line' id='line_1_20' title="bbox 672 3361 1530 3446; baseline 0.005 -24"><span class='ocrx_word' id='word_1_154' title='bbox 672 3369 735 3423; x_wconf 88' lang='lat' dir='ltr'><strong>erat</strong></span> <span class='ocrx_word' id='word_1_155' title='bbox 746 3363 829 3423; x_wconf 80' lang='lat' dir='ltr'><strong>bulla</strong></span> <span class='ocrx_word' id='word_1_156' title='bbox 841 3380 944 3438; x_wconf 87' lang='lat' dir='ltr'><strong>aurea,</strong></span> <span class='ocrx_word' id='word_1_157' title='bbox 959 3366 1027 3426; x_wconf 83' lang='lat' dir='ltr'><strong>licet</strong></span> <span class='ocrx_word' id='word_1_158' title='bbox 1039 3367 1072 3426; x_wconf 94' lang='lat' dir='ltr'><strong>in</strong></span> <span class='ocrx_word' id='word_1_159' title='bbox 1085 3366 1239 3446; x_wconf 76' lang='lat' dir='ltr'><strong>prlvllsglo</strong></span> <span class='ocrx_word' id='word_1_160' title='bbox 1252 3383 1313 3426; x_wconf 92' lang='lat' dir='ltr'><strong>non</strong></span> <span class='ocrx_word' id='word_1_161' title='bbox 1325 3361 1530 3444; x_wconf 86' lang='lat' dir='ltr'><strong>memoretur.)</strong></span> 
     </span>
    </p>
   </div>
   <div class='ocr_carea' id='block_1_6' title="bbox 553 3569 1962 4042">
    <p class='ocr_par' dir='ltr' id='par_1_9' title="bbox 553 3569 1962 4042">
     <span class='ocr_line' id='line_1_21' title="bbox 601 3569 1962 3650; baseline -0.004 -6"><span class='ocrx_word' id='word_1_162' title='bbox 601 3575 640 3646; x_wconf 92' lang='lat' dir='ltr'><strong>ln</strong></span> <span class='ocrx_word' id='word_1_163' title='bbox 660 3575 799 3647; x_wconf 87' lang='lat' dir='ltr'><strong>nomine</strong></span> <span class='ocrx_word' id='word_1_164' title='bbox 823 3585 941 3648; x_wconf 89' lang='lat' dir='ltr'><strong>sancte</strong></span> <span class='ocrx_word' id='word_1_165' title='bbox 964 3584 998 3648; x_wconf 89' lang='lat' dir='ltr'><strong>et</strong></span> <span class='ocrx_word' id='word_1_166' title='bbox 1020 3575 1205 3650; x_wconf 88' lang='lat' dir='ltr'><strong>individue</strong></span> <span class='ocrx_word' id='word_1_167' title='bbox 1226 3577 1412 3649; x_wconf 81' lang='lat' dir='ltr'><strong>Trinitatis.</strong></span> <span class='ocrx_word' id='word_1_168' title='bbox 1434 3577 1630 3650; x_wconf 88' lang='lat' dir='ltr'><strong>Frideriens</strong></span> <span class='ocrx_word' id='word_1_169' title='bbox 1654 3570 1832 3646; x_wconf 87' lang='lat' dir='ltr'><strong>secundus</strong></span> <span class='ocrx_word' id='word_1_170' title='bbox 1849 3569 1962 3643; x_wconf 90' lang='lat' dir='ltr'><strong>divina</strong></span> 
     </span>
     <span class='ocr_line' id='line_1_22' title="bbox 553 3693 1959 3797; baseline -0.005 -29"><span class='ocrx_word' id='word_1_171' title='bbox 553 3698 691 3769; x_wconf 78' lang='lat' dir='ltr'><strong>favente</strong></span> <span class='ocrx_word' id='word_1_172' title='bbox 707 3697 886 3770; x_wconf 87' lang='lat' dir='ltr'><strong>clementia</strong></span> <span class='ocrx_word' id='word_1_173' title='bbox 906 3700 1134 3772; x_wconf 84' lang='lat' dir='ltr'><strong>Romanorum</strong></span> <span class='ocrx_word' id='word_1_174' title='bbox 1154 3699 1350 3794; x_wconf 88' lang='lat' dir='ltr'><strong>imperator,</strong></span> <span class='ocrx_word' id='word_1_175' title='bbox 1368 3722 1504 3797; x_wconf 90' lang='lat' dir='ltr'><strong>semper</strong></span> <span class='ocrx_word' id='word_1_176' title='bbox 1520 3708 1691 3792; x_wconf 78' lang='lat' dir='ltr'><strong>augustus</strong></span> <span class='ocrx_word' id='word_1_177' title='bbox 1706 3706 1741 3771; x_wconf 94' lang='lat' dir='ltr'><strong>et</strong></span> <span class='ocrx_word' id='word_1_178' title='bbox 1757 3719 1823 3768; x_wconf 82' lang='lat' dir='ltr'><strong>rex</strong></span> <span class='ocrx_word' id='word_1_179' title='bbox 1839 3693 1959 3767; x_wconf 90' lang='lat' dir='ltr'><strong>Sicilie.</strong></span> 
     </span>
     <span class='ocr_line' id='line_1_23' title="bbox 553 3820 1960 3919; baseline -0.004 -27"><span class='ocrx_word' id='word_1_180' title='bbox 553 3820 593 3892; x_wconf 98' lang='lat' dir='ltr'><strong>ln</strong></span> <span class='ocrx_word' id='word_1_181' title='bbox 610 3823 747 3893; x_wconf 89' lang='lat' dir='ltr'><strong>excelso</strong></span> <span class='ocrx_word' id='word_1_182' title='bbox 768 3823 876 3916; x_wconf 81' lang='lat' dir='ltr'><strong>glorie</strong></span> <span class='ocrx_word' id='word_1_183' title='bbox 894 3823 980 3894; x_wconf 89' lang='lat' dir='ltr'><strong>solio</strong></span> <span class='ocrx_word' id='word_1_184' title='bbox 1000 3823 1194 3916; x_wconf 89' lang='lat' dir='ltr'><strong>constituti,</strong></span> <span class='ocrx_word' id='word_1_185' title='bbox 1214 3833 1297 3897; x_wconf 90' lang='lat' dir='ltr'><strong>tnnc</strong></span> <span class='ocrx_word' id='word_1_186' title='bbox 1316 3825 1430 3919; x_wconf 90' lang='lat' dir='ltr'><strong>potius</strong></span> <span class='ocrx_word' id='word_1_187' title='bbox 1450 3825 1486 3896; x_wconf 94' lang='lat' dir='ltr'><strong>in</strong></span> <span class='ocrx_word' id='word_1_188' title='bbox 1509 3823 1657 3898; x_wconf 90' lang='lat' dir='ltr'><strong>Domino</strong></span> <span class='ocrx_word' id='word_1_189' title='bbox 1679 3821 1869 3912; x_wconf 85' lang='lat' dir='ltr'><strong>gloriamur</strong></span> <span class='ocrx_word' id='word_1_190' title='bbox 1889 3837 1960 3888; x_wconf 90' lang='lat' dir='ltr'><strong>cum</strong></span> 
     </span>
     <span class='ocr_line' id='line_1_24' title="bbox 555 3940 1962 4042; baseline -0.001 -24"><span class='ocrx_word' id='word_1_191' title='bbox 555 3943 677 4019; x_wconf 91' lang='lat' dir='ltr'><strong>domos</strong></span> <span class='ocrx_word' id='word_1_192' title='bbox 700 3956 734 4017; x_wconf 90' lang='lat' dir='ltr'><strong>et</strong></span> <span class='ocrx_word' id='word_1_193' title='bbox 753 3946 830 4018; x_wconf 93' lang='lat' dir='ltr'><strong>loca</strong></span> <span class='ocrx_word' id='word_1_194' title='bbox 853 3947 1012 4040; x_wconf 81' lang='lat' dir='ltr'><strong>religiosa</strong></span> <span class='ocrx_word' id='word_1_195' title='bbox 1031 3947 1261 4042; x_wconf 88' lang='lat' dir='ltr'><strong>prospicimus</strong></span> <span class='ocrx_word' id='word_1_196' title='bbox 1285 3957 1319 4020; x_wconf 87' lang='lat' dir='ltr'><strong>et</strong></span> <span class='ocrx_word' id='word_1_197' title='bbox 1338 3949 1552 4022; x_wconf 87' lang='lat' dir='ltr'><strong>multimodis</strong></span> <span class='ocrx_word' id='word_1_198' title='bbox 1574 3945 1825 4021; x_wconf 86' lang='lat' dir='ltr'><strong>beneficiorum</strong></span> <span class='ocrx_word' id='word_1_199' title='bbox 1847 3940 1962 4034; x_wconf 79' lang='lat' dir='ltr'><strong>elargi-</strong></span> 
     </span>
    </p>
   </div>
   <div class='ocr_carea' id='block_1_7' title="bbox 594 4137 1239 4326">
    <p class='ocr_par' dir='ltr' id='par_1_10' title="bbox 594 4137 1239 4326">
     <span class='ocr_line' id='line_1_25' title="bbox 595 4137 961 4221; baseline 0.005 -21"><span class='ocrx_word' id='word_1_200' title='bbox 595 4137 632 4221; x_wconf 84' lang='lat' dir='ltr'><strong>(a)</strong></span> <span class='ocrx_word' id='word_1_201' title='bbox 651 4141 742 4201; x_wconf 82' lang='lat' dir='ltr'><strong>Recte</strong></span> <span class='ocrx_word' id='word_1_202' title='bbox 754 4147 854 4202; x_wconf 76' lang='lat' dir='ltr'><strong>umen</strong></span> <span class='ocrx_word' id='word_1_203' title='bbox 866 4141 961 4203; x_wconf 84' lang='lat' dir='ltr'><strong>XXV.</strong></span> 
     </span>
     <span class='ocr_line' id='line_1_26' title="bbox 594 4243 1239 4326; baseline 0.006 -19"><span class='ocrx_word' id='word_1_204' title='bbox 594 4243 634 4326; x_wconf 84' lang='lat' dir='ltr'><strong>(o)</strong></span> <span class='ocrx_word' id='word_1_205' title='bbox 656 4249 691 4307; x_wconf 94' lang='lat' dir='ltr'><strong>In</strong></span> <span class='ocrx_word' id='word_1_206' title='bbox 707 4250 848 4324; x_wconf 85' lang='lat' dir='ltr'><strong>impresso</strong></span> <span class='ocrx_word' id='word_1_207' title='bbox 870 4248 1033 4324; x_wconf 76' lang='lat' dir='ltr'><strong>Terentiei,</strong></span> <span class='ocrx_word' id='word_1_208' title='bbox 1049 4250 1133 4310; x_wconf 81' lang='lat' dir='ltr'><strong>male.</strong></span> <span class='ocrx_word' id='word_1_209' title='bbox 1235 4246 1239 4254; x_wconf 88' lang='lat'>&#39;</span> 
     </span>
    </p>
   </div>
   <div class='ocr_carea' id='block_1_8' title="bbox 557 4420 1959 4443">
    <p class='ocr_par' dir='ltr' id='par_1_11' title="bbox 557 4420 1959 4443">
     <span class='ocr_line' id='line_1_27' title="bbox 557 4420 1959 4443; baseline 0.004 -4"><span class='ocrx_word' id='word_1_210' title='bbox 557 4431 764 4440; x_wconf 52' lang='lat' dir='ltr'><strong>—a--w—--nm</strong></span> <span class='ocrx_word' id='word_1_211' title='bbox 1222 4434 1258 4443; x_wconf 78' lang='lat'>—</span> <span class='ocrx_word' id='word_1_212' title='bbox 1593 4420 1959 4442; x_wconf 41' lang='lat' dir='ltr'><strong>——u--u-—U--fi</strong></span> 
     </span>
    </p>
   </div>
   <div class='ocr_carea' id='block_1_9' title="bbox 553 4526 1964 4702">
    <p class='ocr_par' dir='ltr' id='par_1_12' title="bbox 553 4526 1964 4702">
     <span class='ocr_line' id='line_1_28' title="bbox 591 4526 1964 4611; baseline -0.001 -25"><span class='ocrx_word' id='word_1_213' title='bbox 591 4533 627 4606; x_wconf 75' lang='lat' dir='ltr'><strong>(t)</strong></span> <span class='ocrx_word' id='word_1_214' title='bbox 646 4533 704 4589; x_wconf 86' lang='lat' dir='ltr'><strong>Nisi</strong></span> <span class='ocrx_word' id='word_1_215' title='bbox 717 4534 850 4606; x_wconf 84' lang='lat' dir='ltr'><strong>quoddam</strong></span> <span class='ocrx_word' id='word_1_216' title='bbox 865 4535 893 4590; x_wconf 90' lang='lat' dir='ltr'><strong>in</strong></span> <span class='ocrx_word' id='word_1_217' title='bbox 906 4535 1109 4610; x_wconf 85' lang='lat' dir='ltr'><strong>transcriptione</strong></span> <span class='ocrx_word' id='word_1_218' title='bbox 1127 4537 1254 4594; x_wconf 90' lang='lat' dir='ltr'><strong>mendum</strong></span> <span class='ocrx_word' id='word_1_219' title='bbox 1274 4537 1427 4610; x_wconf 86' lang='lat' dir='ltr'><strong>irrepserit,</strong></span> <span class='ocrx_word' id='word_1_220' title='bbox 1446 4538 1520 4611; x_wconf 87' lang='lat' dir='ltr'><strong>justo</strong></span> <span class='ocrx_word' id='word_1_221' title='bbox 1539 4535 1732 4594; x_wconf 88' lang='lat' dir='ltr'><strong>iucarnationis</strong></span> <span class='ocrx_word' id='word_1_222' title='bbox 1750 4548 1821 4592; x_wconf 88' lang='lat' dir='ltr'><strong>anuo</strong></span> <span class='ocrx_word' id='word_1_223' title='bbox 1839 4548 1857 4589; x_wconf 93' lang='lat' dir='ltr'><strong>a</strong></span> <span class='ocrx_word' id='word_1_224' title='bbox 1875 4530 1917 4588; x_wconf 87' lang='lat' dir='ltr'><strong>die</strong></span> <span class='ocrx_word' id='word_1_225' title='bbox 1931 4526 1964 4583; x_wconf 77' lang='lat'><strong>25</strong></span> 
     </span>
     <span class='ocr_line' id='line_1_29' title="bbox 553 4629 1448 4702; baseline 0.008 -19"><span class='ocrx_word' id='word_1_226' title='bbox 553 4629 641 4684; x_wconf 89' lang='lat' dir='ltr'><strong>martii</strong></span> <span class='ocrx_word' id='word_1_227' title='bbox 654 4630 799 4702; x_wconf 87' lang='lat' dir='ltr'><strong>incipiente</strong></span> <span class='ocrx_word' id='word_1_228' title='bbox 810 4630 929 4688; x_wconf 67' lang='lat' dir='ltr'><strong>nummus</strong></span> <span class='ocrx_word' id='word_1_229' title='bbox 943 4638 1036 4690; x_wconf 87' lang='lat' dir='ltr'><strong>contra</strong></span> <span class='ocrx_word' id='word_1_230' title='bbox 1046 4649 1149 4691; x_wconf 77' lang='lat' dir='ltr'><strong>morem</strong></span> <span class='ocrx_word' id='word_1_231' title='bbox 1160 4650 1226 4692; x_wconf 89' lang='lat' dir='ltr'><strong>usus</strong></span> <span class='ocrx_word' id='word_1_232' title='bbox 1239 4634 1321 4692; x_wconf 82' lang='lat' dir='ltr'><strong>luisse</strong></span> <span class='ocrx_word' id='word_1_233' title='bbox 1332 4635 1448 4692; x_wconf 90' lang='lat' dir='ltr'><strong>videtur.</strong></span> 
     </span>
    </p>
   </div>
   <div class='ocr_carea' id='block_1_10' title="bbox 0 0 2152 5892">
    <p class='ocr_par' dir='ltr' id='par_1_13' title="bbox 0 0 2152 5892">
     <span class='ocr_line' id='line_1_30' title="bbox 0 0 2152 5892; baseline 0 0"><span class='ocrx_word' id='word_1_234' title='bbox 0 0 2152 5892; x_wconf 95' lang='lat' dir='ltr'><strong> </strong></span> 
     </span>
    </p>
   </div>
  </div>
 </body>
</html>
