4292 5894
205 583 306 644 lmrcr.
323 577 386 656 ll.]
663 562 862 630 lllS'l'Ol'tlll
885 552 1178 622 blrtottartcn
1563 545 1622 606 357

208 715 353 799 tionem
375 707 514 792 melius
535 701 808 786 instituendam
829 699 1121 791 restauraretur,
1141 683 1454 795 compositionem
1472 705 1561 762 cum
1579 706 1624 762 eo

210 846 366 950 iecisse,
387 867 465 953 qua
483 838 545 922 isti
563 835 711 942 comiti,
731 830 929 943 Raynaldo
951 827 999 910 de
1017 823 1162 907 Aversa
1183 830 1221 903 et
1246 815 1425 902 omnibus
1447 814 1514 926 qui
1538 837 1626 896 cum

210 981 265 1063 cis
283 977 439 1060 fuerunt
458 971 640 1055 securitas
658 967 706 1050 de
723 961 896 1078 personis
914 969 952 1044 et
968 957 1084 1041 rebus
1101 951 1309 1037 mobilibus
1326 951 1455 1055 datur,
1475 973 1521 1029 ea
1537 971 1628 1029 oon-

210 1111 354 1195 ditione
375 1105 482 1219 quod
507 1104 610 1187 idem
633 1125 760 1184 comes
781 1097 883 1179 inira
902 1116 1074 1176 mensem
1092 1094 1300 1199 augustum
1318 1083 1367 1166 de
1384 1106 1503 1191 regino
1520 1105 1629 1162 rece-

211 1244 299 1349 det3
327 1265 398 1352 pro
424 1247 531 1349 parte
558 1261 629 1317 sua
661 1259 701 1316 se
726 1229 920 1343 praedicta
947 1233 1185 1308 seruaturum
1202 1217 1391 1303 Ecclesiae
1416 1212 1626 1326 promittit,

212 1385 399 1486 mgatque
424 1381 469 1454 ut
485 1367 654 1453 Ecclesia
670 1365 711 1447 in
738 1391 778 1447 se
796 1362 930 1447 eadem
947 1357 1113 1469 recipere
1127 1353 1231 1456 velit,
1252 1349 1428 1435 nuntium
1453 1373 1541 1431 cum
1559 1371 1629 1455 po-

211 1518 347 1592 testate
361 1504 575 1616 delegando
593 1501 660 1612 qni
678 1497 857 1582 comitem
875 1493 1024 1577 salvum
1042 1490 1171 1574 ducat.

295 1723 467 1803 (llemcret.
487 1736 536 1798 ap.
554 1717 723 1789 nomm,
738 1714 851 1796 Reque.
865 1711 983 1792 terem,
997 1725 1036 1770 ex
1053 1707 1139 1785 copta
1159 1719 1251 1786 quam
1262 1703 1349 1766 Pertz
1361 1699 1525 1781 lnregmtls
1538 1696 1629 1760 vnu-

333 1824 637 1906 mmmmm.)

264 2020 390 2092 batum
403 2013 500 2115 apud
515 2013 715 2105 Piscariam,
731 2009 842 2084 XXIV
856 2005 989 2105 aprilis,
1008 1999 1209 2076 indictionis
1222 1999 1282 2072 Xl.

1224 2315 1402 2328 u—-n-fl

269 2611 503 2721 Fridericus,
526 2613 789 2698 Romanorum
815 2609 1035 2720 imperator,
1061 2632 1183 2720 papae
1203 2607 1321 2691 mittit
1346 2606 1513 2692 formam
1538 2632 1631 2691 con-
1678 2606 1809 2711 ὣ,

215 2746 367 2831 cordiae
384 2744 610 2858 quemfecit
630 2771 719 2830 cum
737 2745 875 2828 comite
891 2742 1096 2827 Thomasic
1113 2741 1162 2825 de
1182 2741 1342 2849 Celanc,
1361 2741 1402 2824 in
1425 2768 1504 2852 qua
1520 2765 1631 2826 ecm-
1681 2719 1710 2761 ²⁵
1722 2715 1806 2770 '⁹⁸¹⁸'

216 2879 505 2990 prehenduntur
522 2878 744 2992 Raynaldus
763 2878 811 2962 de
834 2877 976 2962 Aversa
993 2885 1030 2961 ct
1051 2902 1185 2960 omnes
1207 2875 1274 2988 qui
1292 2887 1425 2962 contra
1446 2902 1486 2960 se
1508 2874 1629 2959 eidem

216 3014 346 3098 comiti
361 3013 629 3098 adhaeserunt.

257 3249 261 3257 ·
299 3237 398 3319 (mu.
411 3237 527 3313 Punrz,
541 3235 670 3298 Murum
683 3235 783 3297 Germ.
798 3235 1034 3314 constan.
1048 3233 1354 3315 ssc,e11{oncr.111
1371 3242 1491 3315 regest,
1502 3235 1562 3299 rot.
1576 3233 1633 3314 lV,

336 3345 389 3408 tol.
406 3353 517 3421 75-11,
532 3361 605 3410 ann.
621 3345 690 3421 vn,
703 3355 739 3407 n·
752 3341 836 3424 2³0.)

267 3549 467 3626 Beatissimo
489 3549 579 3648 petri
598 3549 740 3624 dominc
762 3549 935 3642 Honorio,
956 3549 1020 3624 Dei
1036 3551 1148 3645 gratia
1167 3560 1383 3626 sacrosancte
1399 3551 1552 3626 llcmanc
1566 3553 1631 3626 Ec·

217 3673 324 3750 clesie
338 3695 474 3750 summo
490 3673 664 3771 pontifici,
689 3672 904 3765 Fridericus,
924 3682 992 3748 etc.
1014 3673 1105 3759 Quia
1125 3684 1249 3750 cuncta
1267 3674 1405 3770 negotia
1424 3686 1539 3751 nostra
1563 3699 1632 3773 qne

217 3807 334 3876 actem
352 3799 502 3873 Domino
520 3799 743 3874 terminamus
763 3797 810 3872 ad
833 3798 1045 3872 audientiam
1064 3807 1100 3871 et
1120 3799 1276 3873 notitiam
1298 3809 1449 3874 vestram
1470 3803 1631 3874 volumus

218 3923 414 4021 pervenire,
435 3943 517 3998 cccc
533 3921 630 4019 quod
652 3923 797 3998 formam
819 3922 1003 3998 concordie
1018 3943 1124 4019 quam
1144 3945 1225 3996 cum
1242 3924 1367 3998 comite
1383 3924 1565 3998 Thomasic
1587 3926 1633 3999 de

218 4047 345 4121 Celano
358 4047 523 4139 lecimus,
542 4048 714 4122 sanctitati
727 4057 841 4122 vestre
858 4047 1026 4146 presentis
1043 4047 1162 4144 scripti
1180 4048 1269 4121 serie
1283 4048 1517 4138 declaramus,
1533 4051 1634 4143 cujus

218 4171 429 4246 mutuenda
450 4172 529 4244 talis
550 4180 603 4246 est
627 4197 636 4244 ε
657 4211 708 4226 -
728 4172 896 4248 Dominus
918 4171 1104 4269 imperator
1123 4171 1273 4246 restituit
1292 4172 1410 4246 comiti
1433 4174 1631 4263 Thomasic,

220 4293 302 4370 liliis
318 4296 411 4389 suis,
429 4295 610 4393 Raynaldc
632 4295 678 4370 de
694 4294 827 4372 Aversa
850 4303 885 4370 et
899 4296 1062 4371 omnibus
1077 4297 1138 4392 qui
1159 4319 1239 4372 cum
1260 4298 1312 4372 eis
1328 4305 1410 4371 sunt
1422 4297 1479 4370 vel
1495 4299 1634 4370 luerunt

219 4420 389 4495 hactenus
410 4420 556 4516 gratiam
575 4442 692 4512 suam,
709 4421 886 4496 remittens
905 4420 957 4495 eis
975 4443 1096 4496 omnes
1115 4422 1313 4519 questiones
1330 4431 1365 4495 et
1380 4443 1500 4498 omnes
1520 4422 1636 4516 objec-

220 4543 334 4622 tiones
358 4567 430 4641 que
456 4545 509 4620 eis
529 4545 575 4620 ab
598 4545 774 4644 aliquibus
796 4543 899 4638 oinci
924 4553 1063 4642 possent
1087 4555 1155 4619 mm
1180 4567 1244 4644 pro
1268 4546 1409 4621 domine
1432 4547 1635 4644 imperatore

220 4690 329 4764 quam
339 4691 403 4768 pro
413 4669 530 4766 aliquo
541 4671 610 4746 alio
618 4670 771 4764 homine,
784 4668 832 4746 de
841 4669 1081 4766 omnibusque
1092 4671 1337 4748 commiserunt
1347 4672 1546 4768 hucusque;
1556 4695 1637 4748 con·
