4292 5894
203 554 302 616 herm.
320 553 383 632 11.]
657 549 855 614 HISTORIA
878 547 1170 612 nlrtottnrlen.
1560 544 1622 608 319
1755 539 1756 544 ’

259 1131 497 1240 Fridericus,
526 1132 785 1216 Romanorum
814 1129 1042 1240 imperator,
1072 1130 1123 1212 ad
1153 1129 1439 1240 requisitionem
1469 1124 1623 1210 Dietrioi
1648 1127 1831 1226 mappam,

207 1266 432 1350 Beronensis
464 1264 642 1350 ecclesiae
668 1262 890 1373 praepositi,
911 1263 1168 1346 Wemherum
1190 1273 1229 1346 et
1249 1261 1529 1345 Hartmannum
1547 1287 1622 1346 co-
1662 1235 1817 1334 diffie.

208 1400 318 1483 mites
340 1401 389 1483 de
406 1397 552 1508 Kiburg
576 1396 848 1480 sententialiter
868 1396 1098 1506 proscriptos
1120 1396 1319 1480 denuntiat
1341 1406 1494 1504 propter
1510 1394 1622 1505 mju-

208 1533 284 1616 rius
306 1531 429 1616 eidem
452 1529 630 1616 ecclesiae
647 1529 697 1614 ab
718 1529 811 1638 ipsis
833 1530 1106 1614 contumaciter
1127 1529 1273 1636 illatas,
1293 1555 1381 1612 cum
1399 1553 1626 1612 excommu-

209 1664 436 1749 nicationem
464 1663 514 1748 ab
538 1663 714 1773 episcopo
738 1663 1018 1746 Constantiensi
1045 1663 1085 1745 in
1108 1663 1211 1772 ipsos
1235 1665 1354 1747 latam
1380 1675 1419 1747 et
1444 1675 1575 1772 postea
1601 1689 1626 1746 a

211 1824 361 1882 summo
387 1797 564 1909 pontifice
590 1797 855 1882 confirmatum
882 1798 999 1881 iidem
1021 1797 1177 1882 comites
1203 1821 1271 1907 per
1293 1796 1499 1880 triennium
1521 1820 1624 1881 con-

210 1932 443 2042 tempserint.

291 2149 382 2230 (Edlt.
398 2166 444 2226 ap.
461 2149 668 2224 omanorum,
681 2146 859 2231 Hominum,
874 2147 927 2212 lib.
943 2148 997 2223 vl,
1012 2167 1041 2229 p.
1060 2158 1178 2211 tce-
1189 2149 1355 2225 Gomasr„
1371 2149 1492 2214 Goartit
1505 2151 1623 2232 impetu,

331 2261 405 2316 tom.
421 2255 452 2330 1,
465 2271 496 2333 p.
514 2263 584 2317 ²95.
594 2257 761 2331 -Lnuro,
780 2253 851 2318 Cod.
869 2255 966 2319 Gom.
985 2253 1120 2336 dipem,
1134 2263 1207 2319 tom.
1222 2257 1254 2331 1,
1269 2274 1302 2336 p.
1316 2266 1384 2320 361.
1396 2258 1622 2334 -llnaaoorr,

331 2355 483 2454 Genealoq.
497 2357 620 2435 Haut..
635 2368 659 2423 t.
673 2363 718 2437 ll,
732 2380 763 2441 p.
780 2365 863 2437 Ἀθ.)

259 2548 454 2622 Fridericus
473 2549 536 2622 Dei
561 2549 671 2644 gratia
693 2549 923 2622 Romanorum
947 2551 1144 2645 imperator,
1165 2569 1301 2645 semper
1320 2559 1489 2645 augustus
1504 2561 1539 2623 et
1560 2573 1624 2626 rex

212 2673 342 2766 Sicilie,
371 2673 545 2748 universis
571 2673 786 2770 principibus
811 2673 1016 2747 Alamannie
1038 2683 1109 2746 tem
1129 2674 1370 2748 ecclesiasticis
1393 2697 1498 2770 quam
1523 2699 1624 2751 secu·

213 2799 342 2873 laribus
364 2807 398 2871 et
420 2799 497 2872 aliis
519 2798 656 2894 imperii
676 2797 838 2871 fidelibus
855 2797 900 2871 ad
916 2818 1005 2892 quos
1024 2798 1134 2872 littere
1155 2797 1221 2870 iste
1241 2799 1461 2894 pervenerint
1478 2801 1625 2894 gratiam

213 2946 310 2997 suam
325 2933 360 2996 et
373 2944 475 2997 omne
491 2924 634 2998 bonum.
653 2923 876 2997 Universitati
889 2930 1004 2996 vestro
1018 2937 1135 2996 tenore
1149 2922 1361 3020 presentiam
1378 2923 1538 2998 volumus
1550 2947 1626 2999 esse

213 3057 332 3122 notum
343 3047 440 3143 quod
459 3049 603 3122 veniens
619 3046 666 3121 ad
681 3046 890 3142 presentiam
910 3053 1061 3120 nostram
1077 3047 1247 3120 Dietricuo
1266 3047 1472 3121 &canensis
1484 3050 1627 3123 ecclesie

211 3175 425 3270 prepositus,
444 3172 557 3246 fidelis
571 3181 699 3265 noster,
715 3193 778 3251 sna
793 3170 992 3246 celsitudini
1018 3181 1133 3246 noetm
1154 3175 1401 3268 conquestione
1424 3175 1628 3248 monstravit

212 3298 360 3392 qualiter
382 3297 594 3371 Wemherns
621 3307 656 3372 et
684 3299 917 3371 Hartmannns
945 3298 1089 3371 comites
1114 3296 1159 3372 de
1186 3299 1322 3392 Kiburg
1344 3298 1460 3372 eidem
1482 3299 1627 3372 ecclesie

213 3444 276 3495 sue
296 3421 424 3497 damna
441 3423 595 3497 enormia
619 3424 809 3518 irrogantes
825 3445 907 3496 enm
925 3431 961 3496 et
975 3423 1060 3497 alios
1075 3424 1259 3498 canonicos
1278 3445 1360 3497 suos
1378 3425 1415 3496 in
1429 3425 1553 3499 eadem
1568 3447 1627 3499 ec·

213 3546 317 3620 clesia
332 3547 479 3621 Domino
493 3547 697 3620 famulantes
718 3544 764 3620 do
786 3545 917 3642 gremio
945 3547 1055 3644 ipsius
1081 3547 1226 3620 ecclesie
1258 3548 1403 3644 turpiter
1429 3549 1624 3642 eJeoerunt3

213 3669 310 3766 quod
337 3693 401 3744 neo
428 3671 503 3766 ipse
527 3691 592 3743 neo
619 3670 746 3766 aliquis
771 3671 1015 3744 canonicorum
1038 3669 1102 3744 soa
1120 3674 1194 3766 jam
1218 3672 1318 3745 annis
1338 3672 1464 3769 elapsis
1487 3671 1533 3745 ad
1554 3695 1628 3746 ser·

216 3793 384 3868 viendam
409 3795 482 3867 Deo
505 3794 634 3872 ibidem
656 3793 785 3869 audeat
801 3817 981 3892 apparere.
1007 3795 1049 3867 llt
1074 3793 1154 3868 licet
1177 3817 1239 3892 per
1255 3795 1546 3870 Comtantiensem
1568 3797 1629 3870 vi·

216 3918 341 3992 delicet
368 3919 590 3994 diocesanum
610 3918 810 4017 episcopum
837 3921 1207 3994 excommunicationis
1232 3921 1400 3994 sententia
1421 3931 1539 3994 contra
1567 3913 1628 3994 eos

216 4049 355 4140 'propter
375 4041 443 4115 hoc
468 4043 571 4116 inerit
591 4042 807 4139 promulgata
830 4053 865 4116 ot
892 4052 981 4117 terra
1004 4063 1125 4118 eorum
1143 4046 1321 4140 supposita
1337 4043 1536 4130 interdicto,
1562 4045 1628 4142 ipsi

217 4165 440 4240 nihilominus
458 4167 494 4239 in
512 4175 745 4265 contemptum
760 4168 823 4270 Dei
844 4177 880 4241 et
901 4169 1047 4243 ecclesie
1068 4168 1237 4269 adversus
1258 4168 1374 4265 ipsum
1395 4178 1431 4242 et
1449 4171 1630 4246 ecclesiam

217 4312 316 4366 suam
329 4291 366 4363 in
382 4292 477 4364 nullo
486 4291 683 4366 satisfacere
695 4301 936 4388 procurarunt,
947 4290 1041 4394 [sed]
1054 4295 1089 4366 in
1098 4293 1221 4367 eadem
1229 4294 1445 4368 contumacia
1455 4305 1631 4371 contuma-

218 4412 302 4486 citer
312 4424 587 4509 pcrmanseront,
596 4417 646 4489 sic
655 4415 751 4510 quod
763 4415 887 4490 eadem
897 4416 1266 4491 excommunicationis
1280 4419 1449 4492 sententia
1464 4443 1525 4516 per
1535 4442 1631 4494 sum·

217 4559 315 4610 mum
333 4537 530 4635 pontificem
549 4541 663 4612 extitit
678 4539 896 4627 confirmata;
918 4551 1060 4639 propter
1081 4540 1179 4637 quod
1196 4544 1348 4638 prelatus
1373 4545 1567 4641 prepositos
1593 4547 1630 4619 in

219 4662 391 4756 presentia
404 4664 654 4740 venerabilium
669 4664 834 4759 cicensis,
848 4665 1042 4740 Tridentini
1059 4674 1094 4740 et
1109 4663 1324 4741 Brixinensis
1341 4667 1580 4768 episcoporum
1597 4679 1635 4744 et
