4436 5870
512 559 555 620 rr
1013 560 1228 625 arrrnnsrcr
1253 563 1425 626 sacurnr
1735 563 1815 642 [aas.
1833 563 1921 626 raso.

514 705 666 788 tempore
688 693 840 788 obligare
863 695 918 768 vel
934 697 1003 769 ullo
1019 697 1124 770 modo
1142 697 1292 773 alienare
1311 699 1388 772 sina
1406 697 1631 794 permissione
1642 697 1835 772 vulterrani
1849 698 1923 795 epi-

513 819 622 914 scopi,
638 817 703 890 nisi
716 821 879 914 episcopo
895 829 930 892 et
949 821 1151 894 vulterrano
1169 823 1327 896 ecclesie.
1341 823 1497 896 Pretcrea
1510 831 1661 896 cubum
1673 823 1829 896 llonterii
1842 843 1924 917 pro-

516 943 692 1018 nominato
702 943 865 1040 episcopo
881 953 916 1017 et
929 945 1072 1019 eccloeis
1090 945 1347 1036 confirmemus,
1368 954 1404 1018 et
1419 945 1551 1040 argenti
1566 945 1702 1020 fodinas
1714 967 1783 1039 qne
1795 945 1924 1019 ibidem

514 1075 597 1140 sunt
608 1087 688 1138 cum
701 1066 914 1162 pertinentiis
927 1067 1001 1140 snis
1013 1068 1180 1164 imperiali
1193 1069 1396 1142 liberalitate
1407 1068 1640 1143 concedimus.
1655 1070 1783 1155 Detoto
1793 1069 1924 1164 episco-

514 1201 597 1287 patu
606 1200 642 1264 st
650 1191 815 1264 comitatu
824 1190 1027 1264 vulterrano
1035 1211 1173 1264 omnem
1184 1191 1459 1285 jurisdictionem
1470 1203 1505 1266 et
1516 1193 1924 1287 quacumqnersgeliaad

510 1318 569 1408 jus
581 1325 737 1388 nostrum
748 1317 920 1410 pertinent
930 1324 965 1387 et
977 1325 1157 1411 propterea
1171 1315 1261 1390 iodri
1274 1315 1506 1388 collectionem
1518 1315 1754 1411 prenominato
1765 1314 1924 1410 episcopo

511 1451 546 1514 ct
561 1439 705 1514 ecclesie
721 1440 924 1512 vulterrane
939 1439 1082 1534 suisque
1096 1439 1353 1512 successoribus
1372 1437 1607 1512 munificentia
1621 1447 1737 1511 nostra
1757 1437 1924 1510 concedi-

512 1587 602 1636 mus.
619 1563 809 1636 Statuimus
821 1563 925 1636 etianr
938 1571 977 1634 ut
989 1562 1023 1634 in
1039 1561 1179 1635 civitate
1188 1562 1390 1635 Vulterrana
1401 1570 1437 1636 st
1448 1563 1484 1634 in
1497 1563 1621 1636 Sancto
1630 1559 1831 1634 Geminiano
1844 1561 1923 1634 etin

510 1687 775 1778 Montevultrajo
788 1697 823 1758 et
837 1687 872 1759 in
883 1685 1006 1758 Casula
1018 1686 1176 1758 consules
1189 1687 1245 1758 vel
1258 1686 1384 1780 aliquis
1395 1695 1506 1760 rector
1515 1706 1583 1759 non
1595 1687 1767 1777 eligantur
1778 1707 1842 1758 nec
1856 1685 1924 1758 ullo

512 1810 617 1886 modo
630 1811 714 1883 liant
723 1811 856 1903 absque
868 1809 1088 1882 concessione
1098 1819 1133 1882 et
1143 1810 1516 1883 voluntarsllulrarrani
1528 1809 1923 1904 episcopi.Decernimns
2053 1907 2056 1912 Ι

512 1938 614 2011 etiarn
627 1945 666 2008 ut
678 1936 723 2008 de
736 1933 1009 2030 possessionibus
1022 1935 1224 2008 Vultcrrane
1237 1934 1382 2008 ecclesie
1392 1935 1519 2024 injuste
1531 1932 1679 2008 detentis
1690 1935 1747 2006 rel
1759 1953 1923 2027 quoquo-

514 2059 619 2134 modo
633 2058 797 2154 possessis
818 2058 935 2149 injusti
952 2079 1165 2152 possessores
1177 2058 1345 2131 adversus
1365 2057 1494 2130 dictam
1509 2059 1688 2132 ecclesiam
1705 2077 1776 2130 non
1794 2057 1924 2152 possint

514 2183 608 2279 longi
619 2182 782 2277 temporis
791 2181 1037 2276 prescriptione
1051 2181 1154 2272 tueri,
1164 2180 1228 2253 nisi
1245 2182 1331 2254 forte
1346 2191 1484 2254 centnm
1496 2202 1665 2255 annorum
1680 2181 1923 2276 prescriptione

515 2307 638 2380 muniti
659 2307 798 2379 luerint.
822 2303 1051 2378 Concedimus
1066 2305 1170 2377 etiam
1192 2303 1365 2399 sepedicto
1392 2305 1552 2400 episcopo
1573 2315 1609 2378 ct
1624 2305 1769 2378 ecclesie
1789 2304 1923 2377 Vulter·

513 2453 596 2504 rane
618 2441 729 2504 csstm
745 2429 790 2503 de
807 2428 1029 2522 blontegabro
1049 2437 1085 2500 et
1101 2437 1232 2500 curtam
1245 2428 1377 2500 Gableti
1391 2451 1471 2500 cnm
1493 2429 1707 2524 pertinentiis
1723 2429 1797 2500 suis
1814 2437 1850 2500 et
1861 2448 1921 2522 po·

512 2556 609 2629 dium
633 2553 679 2628 de
700 2553 786 2649 Ripa
803 2553 927 2624 blanca
942 2559 976 2624 et
997 2551 1293 2646 Ripamaruncianr
1307 2551 1347 2647 [et
1366 2553 1569 2646 generaliter
1587 2560 1627 2623 ut
1643 2552 1743 2624 liceat
1763 2551 1923 2646 episcopo

512 2683 577 2754 bec
595 2689 630 2752 ct
645 2678 762 2750 omnia
778 2677 845 2748 alia
859 2696 930 2768 qus
944 2684 1026 2747 sunt
1041 2674 1077 2746 in
1093 2674 1294 2769 episcopatu
1313 2682 1347 2746 et
1361 2675 1522 2748 comitatu
1542 2695 1606 2746 suo
1620 2670 1784 2748 edificare
1797 2681 1832 2744 et
1846 2692 1924 2744 con·

513 2816 645 2876 struere
662 2801 698 2872 in
716 2800 768 2872 eis
785 2808 895 2871 castra
917 2807 952 2870 et
976 2808 1097 2870 turres.
1116 2798 1271 2869 Castrum
1292 2817 1432 2892 quoqne
1450 2799 1495 2872 de
1510 2798 1703 2871 Mirandulu
1719 2805 1754 2869 st
1775 2804 1923 2870 casuum

512 2929 557 3002 de
570 2926 713 2998 libiano
729 2921 949 2994 concedimus
965 2921 1067 2993 etiam
1087 2921 1155 3016 ipsi
1173 2921 1376 2994 vulterrano
1390 2922 1551 3016 episcopo
1576 2930 1612 2994 et
1625 2921 1768 2993 ecclesie
1792 2939 1857 2992 sus
1885 2926 1922 2990 ut

512 3049 602 3122 sicut
620 3047 657 3118 in
675 3045 874 3140 episcopatu
895 3064 958 3116 sno
980 3043 1014 3117 ei
1037 3043 1268 3116 concessimus
1286 3043 1406 3118 civiles
1426 3053 1461 3116 et
1480 3043 1673 3116 criminales
1690 3063 1813 3116 causas
1833 3063 1922 3136 cog-

517 3189 658 3244 noscere
677 3175 713 3240 et
728 3169 790 3240 uni
808 3167 864 3238 rel
887 3166 1044 3261 pluribus
1062 3187 1124 3260 pro
1146 3166 1324 3240 voluntate
1342 3189 1408 3240 sus
1425 3165 1659 3240 terminandas
1674 3165 1852 3259 delegare,
1877 3165 1923 3236 ita

515 3303 550 3366 et
567 3293 666 3365 liceat
684 3291 717 3364 ei
735 3289 813 3362 vice
833 3299 949 3362 nostra
966 3311 1029 3384 per
1046 3298 1151 3362 totsm
1168 3290 1326 3362 Tusciam
1345 3299 1510 3382 abasque
1527 3309 1651 3362 cnums
1668 3296 1704 3361 et
1719 3308 1925 3382 cognoscere

513 3424 548 3488 et
565 3415 739 3508 delegere.
755 3413 956 3486 Potestatem
975 3413 1078 3484 etiam
1093 3413 1126 3483 ei
1141 3411 1362 3486 concedimus
1372 3411 1509 3505 judices
1525 3423 1561 3486 et
1577 3412 1730 3485 notarios
1748 3411 1920 3498 ordinare,

516 3548 645 3610 tutores
662 3545 698 3608 et
714 3543 887 3608 curatores
903 3544 938 3606 ct
956 3534 1185 3607 mundoaldos
1198 3534 1282 3608 dare
1296 3545 1331 3607 et
1352 3536 1525 3610 naturales
1545 3533 1633 3608 lilios
1651 3535 1822 3626 legitimos
1842 3554 1922 3606 oon·

514 3659 655 3732 stituere
669 3666 704 3730 et
718 3657 891 3730 libertates
905 3656 1035 3730 donare
1051 3666 1086 3730 et
1103 3657 1348 3752 appellationes
1364 3657 1401 3728 in
1423 3665 1495 3730 teta
1514 3657 1691 3751 provincia
1709 3679 1774 3730 sua
1786 3677 1858 3750 qus
1878 3656 1923 3728 ad

514 3791 666 3854 noscam
682 3779 898 3852 serenitatem
916 3779 1093 3853 referende
1109 3788 1190 3852 sunt
1207 3779 1378 3874 recipere3
1395 3779 1444 3853 ita
1456 3788 1497 3853 ut
1512 3779 1578 3852 bec
1591 3780 1707 3852 omnis
1719 3779 1798 3851 vice
1810 3789 1923 3852 nostra

515 3904 622 3976 libere
647 3911 879 3995 exequantur.
907 3901 962 3974 Ad
991 3899 1057 3973 bec
1082 3911 1284 3996 potestatem
1307 3903 1340 3975 ei
1366 3902 1588 3976 concedimus
1611 3914 1651 3976 nt
1678 3904 1779 3976 liceat
1805 3903 1839 3976 ei
1861 3921 1925 3974 sne

516 4023 716 4098 eucwritate
738 4021 873 4116 ingredi
898 4022 1130 4118 possessiones
1151 4023 1306 4096 omnium
1332 4045 1451 4096 eorum
1473 4045 1545 4118 qus
1565 4023 1640 4119 ipse
1663 4025 1721 4096 vel
1744 4023 1925 4119 predeces-

516 4168 610 4219 sores
632 4147 685 4218 sui
709 4146 836 4239 injuste
858 4145 1107 4236 alienaverunt,
1127 4153 1307 4239 postquam
1321 4167 1532 4241 possessores
1555 4149 1601 4220 ab
1623 4169 1666 4220 eo
1693 4147 1847 4239 legitime
1871 4167 1925 4218 rs·

517 4268 634 4361 quiriti
654 4269 821 4358 justitiam
839 4268 870 4340 ei
895 4268 1008 4340 lacere
1030 4267 1282 4357 recusaverint,
1301 4269 1588 4342 nonobstantibus
1604 4270 1722 4364 aliqua
1734 4270 1824 4362 lege,
1843 4289 1925 4341 con·

519 4390 693 4462 stitutione
721 4390 780 4460 vel
805 4389 999 4463 interdicto.
1031 4388 1088 4464 Ad
1114 4391 1179 4474 heo
1210 4392 1380 4484 augustali
1410 4401 1526 4466 nostra
1557 4393 1760 4466 auctoritate
1785 4390 1927 4464 firmiter

520 4512 692 4582 sancimus
706 4518 745 4582 ut
759 4512 876 4582 nnllns
894 4532 1047 4603 unquam
1069 4511 1145 4586 dux
1165 4512 1220 4584 vel
1244 4514 1395 4596 marchio
1410 4523 1471 4588 aut
1490 4515 1790 4612 archiepiscopus,
1811 4535 1925 4588 comes

521 4643 581 4706 eut
605 4632 815 4723 vicecomes,
833 4633 927 4702 nulla
944 4654 1083 4726 prorsus
1096 4636 1321 4708 ecclesiastica
1339 4639 1547 4710 secularisve
1569 4659 1717 4735 persona
1731 4637 1925 4733 predictum
