4296 5898
515 613 579 675 250
1017 609 1233 674 ralutalcl
1259 609 1435 674 sucttttut
1744 608 1825 696 [An.
1843 609 1927 674 1222

517 746 741 822 ecclesianam
759 755 795 822 ct
806 747 960 822 locorum
975 746 1228 822 uenerabilium
1246 747 1327 844 paci
1341 745 1553 824 intendimus
1567 743 1602 820 et
1617 746 1726 841 quieti
1740 757 1781 821 nt
1795 768 1928 843 ευμε-

517 873 596 946 talis
612 873 772 970 potencie
790 873 1003 946 communita
1019 872 1173 971 presidio
1193 883 1262 946 tam
1281 873 1318 946 in
1337 895 1376 948 sc
1392 891 1499 969 quam
1516 873 1553 946 iu
1569 871 1674 944 rubus
1688 879 1723 946 ct
1739 871 1932 946 tenimentis

516 1019 636 1072 eorum
660 1005 695 1072 et
709 996 827 1094 quiete
845 993 913 1096 [iu]
934 997 1183 1094 presentiarum
1199 1007 1234 1072 et
1251 999 1435 1072 securitate
1451 997 1488 1071 in
1505 1005 1679 1094 posterum
1698 997 1926 1092 pertruantur.

516 1122 604 1196 lude
620 1120 781 1218 estquod
799 1130 856 1214 tu,
872 1123 987 1214 Patre,
1009 1122 1224 1196 uenerabilis
1248 1122 1471 1196 Massiliensis
1488 1121 1666 1219 episcope,
1681 1119 1807 1195 dilecte
1821 1116 1929 1193 fidelis

516 1257 651 1339 noster,
678 1246 727 1322 ad
753 1257 904 1321 nostram
934 1247 1143 1343 presentiam
1169 1248 1315 1320 veniens
1342 1247 1565 1344 privilegium
1591 1244 1771 1342 quoddam
1799 1242 1927 1318 domini

517 1371 682 1446 Friderici
704 1371 925 1446 illustrissimi
940 1372 1172 1445 Romanorum
1194 1371 1408 1469 imperatoris
1430 1392 1568 1466 semper
1590 1369 1748 1465 augusti,
1765 1365 1927 1442 carissimi

517 1495 576 1571 avi
596 1496 704 1568 nostri
723 1496 841 1573 inclite
855 1495 1123 1582 recordationis,
1141 1494 1238 1590 quod
1257 1495 1402 1570 ecclesie
1422 1503 1482 1568 tue
1501 1492 1703 1568 Massiliensi
1720 1499 1929 1566 concesserat

517 1629 552 1693 et
575 1619 767 1693 indulserat
789 1629 905 1694 nostre
929 1619 1026 1692 curie
1052 1619 1251 1712 ostendisti,
1278 1619 1478 1716 supplicans
1498 1618 1673 1692 humiliter
1693 1625 1728 1691 et
1746 1616 1873 1690 devote
1894 1623 1930 1688 ut

517 1744 601 1839 quia
617 1745 841 1841 privilegium
858 1744 974 1841 ipsum
986 1745 1058 1840 jam
1076 1743 1259 1818 videbatur
1275 1754 1446 1818 vetustate
1461 1751 1702 1839 consumptum
1716 1761 1883 1815 renovare
1897 1747 1929 1813 et

517 1867 722 1943 confirmare
739 1869 802 1943 tibi
818 1878 853 1942 et
867 1870 1011 1943 ecclesie
1032 1879 1090 1942 tue
1104 1869 1142 1940 in
1158 1878 1366 1966 perpetuum
1384 1868 1619 1964 dignaremur.
1638 1867 1707 1940 Nos
1723 1865 1830 1962 igitur
1844 1887 1929 1961 sup-

516 1992 721 2088 plicationes
739 2003 817 2067 tuas
834 2007 1001 2091 tanquam
1020 1994 1230 2068 favorabiles
1254 1994 1343 2067 inira
1360 1991 1598 2067 exauditionis
1616 2001 1731 2065 nostre
1746 1989 1928 2092 thalamum

516 2115 713 2211 benigniter
731 2116 971 2210 admittentes,
989 2118 1248 2192 considerantes
1269 2119 1373 2192 etiam
1391 2115 1496 2191 fidem
1517 2139 1641 2214 puram
1661 2123 1698 2188 et
1715 2114 1930 2190 devotionem

517 2239 686 2314 sinceram
708 2264 814 2335 quam
841 2265 924 2338 erga
947 2243 1160 2337 majestatem
1180 2253 1331 2318 nostram
1353 2241 1482 2317 babere
1503 2240 1694 2315 dinosceris
1716 2239 1933 2314 laudabiliter

517 2373 552 2436 et
561 2361 718 2458 honeste,
733 2365 955 2462 privilegium
967 2368 1082 2464 ipsum
1095 2367 1141 2442 de
1153 2367 1262 2441 uerbo
1277 2366 1323 2440 ad
1338 2366 1485 2440 verbum
1498 2361 1738 2440 renovandum
1749 2362 1928 2452 duximus,

517 2499 553 2561 et
567 2488 656 2562 sicut
674 2499 828 2588 tempore
845 2491 904 2565 uvi
922 2492 1030 2566 nostri
1047 2513 1088 2566 ae
1102 2490 1323 2589 postmodum
1340 2501 1492 2587 tempore
1508 2489 1642 2566 domini
1659 2489 1800 2564 Henrici
1819 2489 1931 2584 impe-

517 2612 639 2685 ratoris
657 2615 764 2710 patris
786 2615 893 2688 nostri
912 2615 964 2688 uti
987 2625 1048 2690 tua
1066 2617 1211 2690 ecclesia
1231 2616 1428 2704 consuevit,
1449 2615 1514 2690 tibi
1533 2625 1568 2688 ct
1585 2611 1847 2688 successoribus
1867 2612 1932 2686 tuis

517 2744 552 2809 et
571 2738 718 2812 ecclesie
735 2739 941 2814 Massiliensi
961 2741 1222 2838 inperpetuum
1242 2738 1503 2830 confirmamus;
1526 2740 1626 2833 cujus
1643 2747 1741 2812 tenor
1760 2737 1841 2812 talis
1854 2745 1928 2810 est:

565 2862 605 2932 ln
632 2863 772 2936 nomine
796 2873 914 2938 sancte
940 2875 976 2939 et
1001 2865 1187 2941 individue
1211 2867 1398 2940 Trinitatis.
1422 2863 1625 2938 Fredericus
1654 2862 1777 2938 diuina
1800 2862 1932 2936 lavante

518 2985 700 3060 clementia
714 2988 948 3063 Romanorum
964 2989 1148 3087 imperator
1164 3003 1347 3087 augustus.
1369 2989 1555 3085 Maiestatis
1573 2995 1688 3062 nostre
1706 3007 1784 3060 mos
1802 2995 1838 3059 et
1854 3005 1932 3058 auc·

520 3109 642 3186 toritas
668 3113 869 3208 etantiqua
897 3113 1121 3189 institutionis
1148 3126 1245 3190 tenor
1265 3115 1424 3214 exposcit
1449 3122 1490 3188 ut
1515 3113 1669 3188 ecclesiis
1693 3112 1762 3186 sub
1784 3113 1933 3186 llomano

520 3233 667 3329 imperio
698 3235 892 3308 constitutis
915 3238 1030 3311 solerti
1055 3239 1257 3312 studeamus
1285 3238 1484 3337 provisione
1501 3239 1682 3312 consulere
1703 3245 1738 3310 et
1756 3245 1797 3308 ut
1819 3255 1933 3309 earum

517 3359 597 3449 jura
617 3359 693 3433 sive
720 3361 955 3456 possessiones
974 3363 1049 3436 sine
1067 3365 1197 3438 lesione
1213 3373 1392 3439 serventur
1413 3363 1600 3461 imperialis
1618 3361 1792 3457 privilegii
1816 3358 1933 3432 muni·

521 3484 615 3556 mine
632 3483 832 3558 subvenire.
853 3485 991 3558 Cunctis
1010 3486 1117 3582 igitur
1130 3489 1239 3560 nostri
1256 3489 1390 3584 imperii
1408 3487 1571 3562 fidelibus
1584 3487 1747 3560 uolumus
1760 3505 1839 3557 esse
1853 3503 1935 3575 cog-

521 3609 634 3679 nitum
652 3607 747 3703 quod
761 3628 825 3681 nos
847 3607 926 3696 tibi,
946 3609 1057 3704 Patre,
1074 3611 1273 3686 uenerande
1291 3613 1514 3686 Massiliensis
1527 3612 1706 3710 episcope,
1724 3619 1851 3681 concta
1861 3610 1936 3702 jura

522 3740 733 3826 cunctasque
755 3735 988 3830 possessiones
1010 3734 1057 3809 ad
1079 3744 1114 3808 te
1136 3737 1192 3809 vel
1219 3735 1265 3810 ad
1295 3745 1391 3810 tuam
1417 3736 1598 3812 ecclesiam
1619 3721 1833 3832 pertinentes
1853 3751 1938 3827 quas

522 3876 618 3928 nunc
639 3855 887 3931 rationabiliter
909 3861 1067 3956 possides
1091 3869 1153 3934 aut
1175 3859 1353 3958 possidere
1376 3858 1504 3953 debes,
1530 3859 1709 3954 antiquam
1731 3864 1769 3930 et
1787 3855 1939 3929 rationa-

523 3979 629 4055 bilem
641 3983 923 4077 predecessorum
936 3993 1130 4058 nostrorum
1144 3985 1400 4060 concessionem
1413 3991 1603 4072 servantes,
1617 3983 1681 4057 tibi
1697 3979 1939 4055 confirmamus

525 4114 560 4178 et
575 4105 724 4200 presenti
741 4107 926 4204 privilegio
941 4109 1215 4203 communimus;
1236 4131 1283 4183 ex
1300 4110 1431 4206 quibus
1446 4109 1511 4182 hec
1527 4107 1676 4206 propriis
1691 4105 1866 4180 duximus
1879 4124 1939 4177 ox·

525 4230 707 4324 primenda
722 4231 926 4334 vocabulis:
948 4233 1112 4308 uidelicet
1126 4235 1302 4310 civitatem
1320 4235 1551 4332 episcopalem
1569 4233 1616 4308 de
1633 4230 1787 4308 Massilia
1801 4239 1838 4304 et
1855 4229 1939 4303 lloc·

526 4373 602 4426 cam
621 4355 808 4429 Barbarum
829 4365 865 4430 et
882 4358 971 4432 sicut
984 4361 1097 4434 Rooca
1113 4361 1262 4434 Barbara
1278 4361 1392 4434 cincta
1405 4369 1457 4434 est
1470 4359 1573 4434 vallis
1586 4366 1624 4432 et
1644 4378 1724 4431 cum
1743 4355 1823 4428 aliis
1843 4351 1939 4427 ratis

527 4484 561 4547 et
574 4478 683 4549 muris
693 4479 852 4553 eamdem
875 4483 1049 4557 civitatem
1065 4483 1370 4575 circumeuntibus,
1387 4505 1469 4556 cum
1483 4481 1647 4556 omnibus
1661 4479 1840 4553 territoriis
1853 4477 1935 4562 suis,

528 4597 618 4670 siout
634 4599 679 4673 de
696 4601 920 4698 Plumberiis,
946 4603 991 4680 de
1012 4607 1113 4681 Prato
1134 4605 1256 4702 longo,
1274 4607 1320 4682 de
1338 4607 1455 4682 Monte
1472 4607 1630 4701 judaieo,
1649 4603 1695 4680 de
1712 4603 1805 4678 ualle
1828 4599 1937 4676 Sancti

529 4721 636 4812 lusti,
653 4722 698 4796 de
718 4723 804 4804 Casa
818 4727 900 4822 altu,
924 4728 970 4804 de
987 4729 1200 4821 Gnarberiis,
1222 4732 1268 4808 de
1291 4733 1381 4810 valle
1396 4733 1513 4808 Sancti
1535 4729 1696 4822 Bansilii,
1713 4727 1761 4804 de
1782 4727 1876 4803 ualle
1896 4721 1938 4798 de

2118 565 2120 592 l

2119 639 2120 666 l
