4298 5898
225 586 323 648 lenter.
342 579 404 661 12]
675 571 872 637 fllsronrn
895 568 1185 634 nlrtottnrlcn.

1169 871 1400 884 onum-nod

285 1165 417 1246 Simon
444 1172 482 1246 et
502 1161 687 1245 Henricus
714 1162 762 1245 de
785 1161 906 1244 Tocco
933 1169 970 1242 et
987 1157 1190 1242 Rollredns
1217 1159 1265 1241 ‹le
1293 1159 1432 1242 Sancto
1457 1158 1646 1243 Germano
1730 1176 1796 1232 rpus

231 1322 395 1409 magnae
407 1295 614 1406 imperialis
628 1292 909 1406 curiaejndices
922 1292 1117 1376 declarant
1131 1292 1377 1378 Guillelmum
1386 1292 1647 1376 marchionem

232 1428 499 1516 Montislerrati
517 1427 788 1539 inpraesentia
811 1452 881 1510 sua
903 1436 941 1510 et
961 1427 1116 1510 testium
1134 1453 1158 1510 a
1177 1426 1365 1511 Friderico
1386 1425 1649 1512 Romanorum

234 1565 461 1676 imperatore
482 1590 619 1648 novem
638 1561 760 1645 millia
776 1587 994 1644 marcarum
1014 1561 1161 1672 argenti
1184 1561 1224 1644 in
1244 1570 1424 1644 mutuum
1441 1560 1649 1672 accepisse,

234 1723 305 1807 pro
322 1723 488 1810 querum
506 1697 695 1784 solutione
708 1696 839 1780 omnia
855 1694 976 1806 ipsius
989 1694 1092 1780 bona
1104 1694 1317 1780 immobilia
1333 1693 1529 1806 obligarit.

1698 1232 1828 1279 canutam.

1721 1284 1810 1332 mullo.

318 1942 409 2018 (Edit.
423 1958 442 2002 a
455 1943 640 2004 Bsnrsnnro
658 1959 698 2002 ns
713 1941 744 2005 S.
761 1941 901 2004 esoncro
918 1939 997 2020 apud
1010 1939 1197 2022 Muniam,
1214 1940 1335 2022 Script,
1358 1946 1382 2002 t.
1404 1939 1525 2017 xxm,
1544 1956 1576 2019 p.
1596 1948 1653 2002 eto

358 2046 502 2130 ersaqq.)

288 2267 327 2338 ln
346 2263 484 2338 nomine
504 2263 641 2336 Domini
661 2263 768 2337 nostri
787 2266 868 2337 Iesu
885 2263 1020 2337 Christi.
1041 2262 1165 2336 Amen.
1188 2263 1289 2336 Anno
1309 2261 1483 2335 salutifere
1499 2262 1656 2335 incarna-

241 2389 345 2463 tionis
364 2387 522 2483 ejusdem
545 2387 728 2461 millesimo
751 2387 989 2462 ducentesimo
1011 2386 1181 2482 vigesimo
1200 2396 1345 2482 quarto,
1372 2386 1502 2458 mensis
1522 2385 1656 2477 martii,

243 2513 449 2588 duodecime
472 2511 685 2604 indictionis,
704 2515 897 2610 imperante
911 2511 1053 2586 domino
1072 2522 1189 2586 nostro
1206 2511 1371 2586 Federico
1389 2511 1453 2584 Dei
1474 2511 1584 2606 gratia
1602 2511 1661 2582 in·

242 2638 433 2713 victissimo
461 2629 694 2712 Romanorum
720 2637 945 2734 imperatore,
972 2658 1109 2732 semper
1130 2647 1279 2733 angusto
1298 2646 1331 2710 et
1351 2659 1434 2731 rege
1450 2635 1566 2709 Sicilie
1589 2637 1662 2731 glo·

244 2764 448 2856 riosissimo,
468 2763 613 2836 Romani
634 2761 770 2858 imperii
784 2765 861 2856 ejus
877 2783 969 2835 anno
982 2772 1123 2856 quarto,
1141 2763 1240 2855 regni
1259 2783 1344 2835 vero
1361 2761 1476 2834 Sicilie
1491 2760 1662 2855 vigesimo

244 2897 358 2979 sexto,
377 2888 534 2960 feliciter.
556 2888 684 2961 Amen.
708 2887 779 2960 Nos
803 2888 919 2961 Simon
941 2886 986 2960 de
1004 2885 1138 2978 Toch0,
1159 2909 1285 2982 magne
1309 2887 1493 2982 imperialis
1513 2887 1609 2959 curie
1629 2896 1665 2958 et

245 3013 361 3109 Capne
379 3014 543 3108 magister
560 3011 694 3107 judex,
711 3022 746 3086 et
764 3034 830 3085 nos
846 3011 1014 3085 Henricus
1033 3012 1078 3084 de
1098 3009 1213 3084 Tocho
1236 3023 1270 3084 et
1292 3011 1454 3087 Rolridus
1475 3011 1520 3084 de
1541 3013 1665 3084 Sancto

245 3138 428 3228 German0,
444 3136 601 3230 ejusdem
616 3159 745 3233 magne
757 3139 854 3210 curie
869 3137 1017 3232 jndices,
1034 3136 1202 3231 presentis
1216 3137 1334 3234 scripti
1346 3138 1435 3210 serie
1450 3138 1665 3211 declaramus

246 3263 342 3359 quod
360 3263 397 3337 in
416 3263 588 3360 presentia
610 3273 727 3336 nostra
747 3274 782 3335 et
804 3262 945 3335 illustris
962 3263 1029 3334 viri
1053 3261 1184 3335 domini
1208 3262 1379 3359 Raynaldi
1401 3262 1501 3335 ducis
1519 3261 1661 3359 Spoleti,

247 3390 380 3462 comitis
397 3388 534 3461 Hernici
551 3387 596 3462 de
613 3389 731 3482 Malta,
752 3387 885 3461 domini
898 3387 1071 3461 Lamberti
1093 3387 1138 3461 de
1156 3387 1356 3479 lllonialino,
1376 3387 1605 3460 Bartholomei
1620 3385 1666 3460 de

248 3513 418 3586 Arrichito
439 3513 574 3606 justitie
594 3512 735 3586 Catanie
757 3512 929 3609 magistri,
955 3511 1126 3610 Raynaldi
1144 3511 1306 3586 Ottoboni
1327 3513 1516 3608 campsoris
1534 3511 1666 3585 domini

251 3638 479 3734 imperatoris,
495 3638 678 3733 Gnglielmi
693 3636 739 3711 de
751 3638 936 3734 Rodulpho
952 3637 1148 3726 Januensis,
1166 3637 1266 3709 Fusci
1280 3637 1451 3711 Miseraile
1464 3636 1528 3734 (a),
1545 3638 1669 3711 Leonis

251 3762 298 3835 de
315 3761 435 3835 Pando
455 3771 491 3836 et
511 3763 658 3836 aliorum
684 3763 824 3836 testium
850 3763 1139 3858 subscriptorum,
1168 3761 1311 3834 illustris
1331 3763 1387 3835 vir
1410 3763 1572 3836 dominus
1597 3766 1667 3836 Gn·

250 3888 387 3960 lielmus
409 3887 563 3961 marchio
584 3887 827 3962 Montislerrati
843 3889 1020 3960 confessus
1033 3896 1084 3960 est
1098 3908 1136 3960 se
1154 3887 1325 3983 recepisse
1344 3898 1467 3961 mutuo
1486 3911 1507 3962 a
1525 3888 1666 3962 domino

251 4021 368 4085 nostro
388 4011 551 4086 Federico
568 4014 631 4084 Dei
652 4013 762 4108 gratia
784 4013 1004 4088 serenissimo
1027 4013 1260 4086 Romanorum
1285 4013 1506 4108 imperatore,
1532 4036 1667 4110 semper

250 4146 401 4232 angusto
421 4149 455 4210 et
478 4157 560 4229 rege
584 4138 719 4230 Sicilie,
743 4159 869 4213 novem
893 4138 1001 4211 millia
1023 4159 1217 4212 marcarum
1244 4138 1376 4232 argenti
1403 4137 1596 4211 mercatalis
1620 4139 1666 4212 ad

250 4261 389 4357 pondus
407 4262 559 4356 Colonia,
580 4285 729 4358 quarum
748 4263 904 4359 quelibet
923 4263 1065 4336 marcha
1081 4262 1220 4336 tenebat
1239 4260 1391 4335 mediam
1405 4263 1562 4356 unciam,
1578 4287 1667 4359 quas

251 4387 407 4482 promisit
417 4409 455 4461 se
468 4390 662 4461 soluturum
670 4389 738 4484 ipsi
754 4387 894 4462 domino
908 4388 1106 4484 imperatori
1121 4389 1179 4460 vel
1194 4387 1270 4480 ejus
1283 4398 1375 4462 certo
1387 4389 1510 4464 nuntio
1524 4389 1667 4486 stipula·

251 4513 346 4585 tione
356 4513 513 4606 solemni,
524 4513 601 4586 sine
608 4513 703 4586 omni
714 4514 895 4608 questione
905 4522 940 4587 et
949 4513 1275 4587 controversiancti
1285 4514 1340 4586 vel
1349 4513 1450 4608 juris.
1461 4515 1526 4588 Pro
1538 4515 1667 4610 quibus

296 4703 337 4784 (c)
360 4706 563 4769 verialmlllter
576 4709 732 4788 legendum
746 4707 1010 4790 blesillmcifilii.
1024 4709 1095 4776 Vltl.
1109 4709 1188 4772 lnlra
1201 4712 1278 4774 lntcr
1290 4713 1413 4774 nomina
1424 4713 1556 4776 testium

354 4811 395 4872 11.
507 4805 514 4815 '
1495 4825 1535 4880 st
