4368 5876
252 581 349 642 ltutcr.
365 577 408 657 9.]
697 576 894 640 lllS'l'OlllA
918 572 1211 639 btrtottttulctt
1603 570 1661 632 105

251 715 377 788 minice
395 712 637 788 incarnationis
655 713 836 790 millesimo
849 713 1085 790 ducentesimo
1098 714 1276 806 vicesimo,
1294 731 1413 785 mense
1422 708 1589 803 januarii,
1608 708 1661 782 in·

251 839 403 914 dictione
417 860 521 912 nona.

311 1413 508 1498 Conradus
528 1417 702 1502 Metensis
724 1428 762 1502 et
779 1419 966 1530 Spirensis
989 1419 1202 1529 episcopus,
1218 1417 1424 1528 imperialis
1436 1416 1476 1497 in
1491 1415 1599 1498 Italia
1611 1413 1667 1498 le-

256 1558 384 1658 gatus,
407 1550 593 1660 promittit
609 1552 803 1636 communi
821 1552 977 1636 Senensi
995 1579 1036 1636 se
1056 1553 1097 1634 in
1117 1552 1246 1637 futuro
1267 1553 1429 1634 transitu
1452 1576 1523 1633 suo
1547 1548 1667 1632 ultra-

256 1684 405 1767 marino
422 1685 456 1768 ei
478 1686 659 1770 daturum
676 1686 830 1798 plenam
848 1687 1151 1798 jurisdictionem
1172 1688 1213 1768 in
1231 1685 1406 1770 homines
1425 1684 1529 1768 illius
1544 1693 1667 1768 terrae

257 1825 295 1899 et
306 1819 512 1929 pedagium
525 1829 722 1930 portarum
740 1847 811 1905 nec
823 1848 901 1904 non
914 1821 1134 1905 facultatem
1147 1821 1310 1905 cudendi
1323 1827 1530 1903 monetam.

337 2053 456 2127 (incdit.
468 2071 518 2132 tp.
530 2055 611 2118 ureb.
623 2072 731 2118 comm.
741 2055 890 2132 Senensis,
902 2074 940 2118 ex
950 2059 1055 2138 origin.
1066 2058 1143 2118 inter
1153 2057 1311 2134 scripturas
1323 2051 1399 2114 della
1408 2049 1552 2128 Buteone,
1567 2061 1602 2114 n·
1619 2061 1667 2131 rt,

378 2160 458 2221 unde
476 2161 585 2240 pendet
606 2161 736 2242 sigillum
758 2165 886 2240 episcopi
908 2166 940 2223 tn
961 2179 1028 2225 cero
1050 2163 1151 2224 nubre.
1173 2161 1431 2224 confirmationem
1449 2162 1670 2240 privilegiorum

383 2267 559 2329 senensium
572 2267 611 2328 ab
624 2267 727 2330 eodem
745 2267 878 2330 Conrado
893 2269 994 2329 datam
1007 2268 1087 2346 apud
1099 2269 1312 2343 Fueercbium,
1328 2275 1364 2328 10
1378 2267 1449 2346 (non
1461 2265 1508 2344 ta)
1522 2269 1668 2346 januarii,

258 2405 261 2412 ·
378 2382 523 2435 memorat
544 2375 707 2450 Tonansr,
723 2373 801 2436 Hirt
822 2371 855 2435 di
874 2375 971 2450 sona,
990 2391 1019 2453 p.
1039 2385 1108 2437 209.
1121 2377 1206 2436 Hono
1219 2381 1318 2436 autem
1332 2375 1411 2453 apud
1426 2375 1517 2438 Senes
1536 2377 1670 2436 invenire

378 2499 438 2542 non
447 2485 609 2560 potuimus,
619 2483 812 2562 eamdemque
821 2499 874 2561 per
883 2485 983 2544 omnin
995 2499 1059 2544 essa
1073 2499 1110 2544 ec
1122 2481 1352 2550 neemanim
1369 2481 1579 2562 responso.)

308 2698 346 2769 ln
365 2697 487 2770 Chn'sti
507 2698 657 2772 nomine.
677 2699 747 2771 Nos
765 2699 971 2774 chunradus
988 2699 1205 2771 miseratione
1223 2697 1343 2770 divina
1358 2697 1519 2771 Metensis
1544 2707 1578 2770 et
1595 2698 1671 2795 Spi-

260 2821 587 2918 rensisepiscopus‚
606 2823 793 2919 imperialis
811 2823 1147 2914 subcancellarius,
1169 2822 1273 2894 totins
1287 2822 1400 2895 Ytalie
1420 2823 1573 2916 legatus,
1595 2845 1672 2920 pro·

260 2946 366 3018 sentis
376 2947 493 3042 scripti
508 2948 713 3039 testimonio,
726 2947 838 3042 sigillo
853 2957 969 3021 nostro
980 2947 1027 3021 ad
1043 2948 1227 3042 pleniorem
1241 2945 1486 3020 firmitudinem
1496 2949 1668 3045 apposito,

259 3070 492 3164 promittimus
503 3081 538 3145 et
551 3071 746 3166 obligamus
760 3093 825 3145 nos
841 3072 1109 3146 irrevocabiliter
1129 3072 1269 3144 comuni
1285 3073 1428 3144 Senensi
1440 3071 1537 3167 quod
1552 3095 1616 3146 nos
1632 3074 1669 3146 in

261 3195 419 3288 proximo
439 3209 556 3270 nostro
575 3173 729 3272 adventu
748 3197 785 3272 in
807 3196 1134 3300 Tusciampscilicet
1152 3197 1189 3269 in
1210 3197 1355 3270 transitu
1375 3207 1490 3271 nostre
1511 3199 1671 3294 peregri-

262 3320 411 3394 nationis
431 3321 669 3415 ottramarine,
695 3322 897 3396 auctoritate
921 3321 1101 3417 legationis
1125 3331 1240 3396 nostre
1261 3321 1440 3411 dabimus,
1464 3322 1671 3400 donabimus

262 3455 366 3540 atque
383 3448 613 3520 concedemus
626 3457 661 3538 et
676 3445 956 3522 confirmabimus
973 3457 1009 3522 et
1025 3469 1046 3522 a
1065 3447 1280 3521 serenissimo
1295 3447 1435 3520 domino
1455 3457 1570 3522 nostro
1586 3451 1673 3524 Fre·

264 3569 380 3644 derico
403 3571 607 3668 imperatore
629 3572 825 3647 confirmari
846 3571 1028 3647 bonafide
1054 3572 1220 3645 iaciemus
1236 3572 1343 3645 nobili
1370 3573 1507 3646 comuni
1529 3575 1672 3649 Senensi

265 3697 401 3790 plenam
415 3697 690 3790 jurisdictionem
705 3699 936 3773 voluntariam
952 3701 1046 3791 [seu]
1060 3699 1309 3772 contensiosem
1327 3707 1361 3770 et
1374 3699 1673 3774 animadvertendi

265 3821 302 3892 in
324 3821 531 3896 facinorosos
550 3823 585 3895 in
608 3823 746 3897 civitate
766 3823 909 3897 Senensi
929 3833 964 3897 et
983 3823 1018 3896 in
1037 3824 1200 3897 omnibus
1223 3821 1423 3895 hominibus
1446 3829 1481 3896 et
1503 3824 1601 3898 terris
1624 3824 1673 3897 ibi

265 3944 530 4020 inhabitantium
549 3957 679 4042 quanto
698 3956 735 4021 et
750 3957 922 4044 quatenus
944 3970 1037 4022 nunc
1052 3949 1180 4024 habent
1201 3949 1296 4022 cives
1316 3950 1484 4022 senenses
1503 3958 1538 4021 et
1558 3958 1676 4023 tenent

264 4079 300 4142 et
316 4079 417 4143 antea
439 4073 679 4161 accostabunt‚
701 4095 836 4147 necnon
861 4083 896 4147 et
917 4074 1094 4149 collectam
1116 4073 1254 4171 pedagii
1278 4082 1453 4169 portarum
1471 4076 1674 4147 Senensinm

266 4203 301 4266 et
315 4193 351 4266 in
370 4193 472 4268 dictis
489 4197 589 4270 terris
608 4206 644 4271 et
659 4197 744 4271 locis
759 4221 822 4271 sen
841 4197 1039 4271 hominibus
1062 4219 1194 4272 eorum.
1216 4197 1383 4271 Dabimus
1399 4197 1503 4271 etiam
1525 4199 1576 4272 cis
1589 4199 1675 4273 libe·

264 4341 339 4392 rem
361 4329 563 4414 potestatem
584 4320 737 4395 cudendi
756 4331 929 4397 monetam
949 4323 1134 4396 Senensem
1150 4333 1255 4417 atque
1277 4323 1512 4396 auctoritatem
1536 4325 1675 4419 plenam

264 4443 362 4539 quod
377 4465 440 4540 per
458 4454 568 4519 totum
590 4447 790 4520 comitatum
808 4449 993 4522 Senemem
1007 4471 1026 4520 a
1040 4448 1134 4520 nullo
1150 4448 1228 4520 cive
1248 4447 1389 4521 Senensi
1406 4446 1595 4543 pedagium
1613 4451 1677 4524 ali·

267 4569 461 4664 quomodo
481 4571 526 4644 ab
548 4571 665 4667 aliqua
690 4593 836 4670 persona
857 4573 1053 4669 requiratur
1069 4573 1126 4646 vel
1145 4582 1299 4668 cogatur.
1316 4573 1484 4647 Volumus
1506 4585 1677 4649 autemut

266 4693 384 4766 omnia
399 4703 622 4791 suprataxata
636 4697 672 4769 in
686 4717 729 4772 eo
744 4706 919 4796 statuque
937 4721 1031 4774 nunc
1043 4707 1124 4774 sunt
1137 4706 1358 4796 permaneant
1373 4709 1444 4772 tam
1458 4720 1521 4796 pro
1538 4702 1677 4774 comuni

367 4817 410 4880 Π.
1480 4831 1516 4884 rr

1749 1429 1812 1484 Apud

1700 1483 1859 1532 eumenen,

1713 1537 1849 1592 laternam.
