4368 5876
509 569 568 631 148
1007 569 1220 631 Fllllllllllcl
1244 569 1416 632 sttcbtttlt
1729 569 1809 647 [duat.
1829 569 1916 630 1221.

508 725 588 776 cum
617 704 779 776 omnibus
802 705 903 777 bonis
928 705 1002 777 suis
1028 705 1210 777 stabilibus
1227 715 1261 778 et
1287 703 1473 777 mobilibus
1496 703 1563 775 sub
1588 703 1722 799 imperii
1744 715 1779 777 et
1803 713 1917 776 nostra

508 829 719 922 protectione
744 849 786 901 nc
810 827 1010 902 defensione
1036 829 1245 925 suscipimus
1270 829 1410 926 speciali
1432 838 1466 903 et
1483 829 1653 926 presentis
1675 828 1793 925 scripti
1810 829 1918 924 privi-

509 953 600 1048 legio
613 953 879 1045 communimus,
893 953 1121 1026 comedentes
1135 953 1247 1028 eidem
1256 952 1446 1026 marchioni
1457 955 1601 1049 suisque
1612 952 1797 1026 heredibus
1809 954 1917 1026 etim-

508 1077 629 1172 periali
648 1078 850 1150 auctoritate
868 1099 915 1150 ex
934 1077 1179 1150 certascientia
1194 1087 1360 1174 perpetuo
1372 1075 1917 1171 confirmantcseaquecertisvo

507 1201 640 1274 cabulis
653 1201 796 1275 inferius
807 1201 977 1274 duximus
991 1200 1223 1273 nominanda:
1239 1201 1399 1274 videlicet
1410 1201 1544 1292 Estnm,
1559 1202 1759 1287 Calaonum,
1777 1200 1913 1290 Corum,

504 1325 673 1416 Baonum,
689 1325 901 1420 Solcginnm,
918 1325 1040 1398 Villam
1064 1347 1144 1397 cnm
1161 1327 1237 1418 ejus
1251 1335 1365 1417 curte,
1382 1327 1667 1420 blontagnanam,
1686 1324 1913 1413 bleradinam,

505 1448 697 1538 Urbanam,
716 1449 930 1536 lllerlariam,
955 1447 1074 1520 villam
1095 1469 1165 1542 que
1185 1457 1328 1520 vocatur
1347 1449 1534 1542 Plagenza,
1553 1448 1728 1520 Coloniam
1744 1470 1825 1520 cum
1841 1451 1916 1542 ejus

505 1583 617 1664 curte,
638 1573 754 1646 villam
776 1573 892 1664 Saleti,
910 1571 1062 1646 casalem
1085 1582 1119 1644 ct
1143 1572 1362 1667 Viguzolum.
1382 1575 1524 1668 Insuper
1542 1572 1784 1660 concedimus,
1807 1570 1916 1646 dona·

506 1717 585 1769 mus
603 1707 638 1769 et
653 1699 818 1790 largimur
838 1707 873 1770 et
893 1697 1060 1792 imperiali
1077 1698 1280 1770 auctoritate
1306 1707 1472 1794 perpetuo
1494 1693 1737 1769 confirmamus
1762 1697 1916 1792 predicto

505 1820 694 1893 marchioni
716 1828 750 1894 11
769 1821 844 1893 suis
866 1820 1054 1894 heredibus
1072 1823 1271 1894 comitatum
1287 1821 1411 1917 Rodigi
1430 1843 1510 1894 cum
1531 1822 1692 1894 omnibus
1715 1821 1916 1914 adjacentiis

505 1955 540 2017 et
556 1945 770 2039 pertinentiis
783 1946 858 2018 suis
875 1945 912 2017 in
926 1946 1111 2039 integrum.
1130 1944 1186 2019 dd
1203 1947 1268 2020 bec
1280 1946 1384 2018 ctiam
1403 1946 1624 2020 concedimus
1642 1957 1677 2019 et
1692 1945 1861 2020 donamus
1881 1957 1916 2018 et

506 2070 749 2143 confirmamus
769 2069 883 2143 eidem
909 2069 1100 2143 marchioni
1126 2071 1269 2164 suisque
1290 2071 1476 2144 heredibus
1494 2069 1704 2164 integraliter
1718 2068 1860 2143 Adriani
1881 2081 1916 2142 11

506 2191 699 2266 Adriannm
715 2215 795 2266 cnm
808 2195 972 2266 omnibus
989 2193 1190 2286 adjacentiis
1207 2204 1242 2266 11
1257 2194 1474 2288 pertinentiis
1489 2195 1703 2268 eorumdem.
1718 2196 1789 2268 Hoc
1799 2204 1913 2269 autem

507 2317 621 2390 omnia
643 2319 687 2390 de
708 2327 799 2391 certa
823 2317 964 2390 scientia
982 2327 1018 2389 et
1042 2317 1193 2414 plenaria
1215 2317 1390 2392 voluntate
1410 2319 1633 2392 concedimus
1653 2319 1807 2414 predicto
1825 2340 1916 2392 mar·

507 2441 621 2514 chioni
638 2452 673 2513 et
690 2441 878 2515 heredibus
894 2441 983 2532 suis,
1004 2441 1174 2514 donamus
1189 2453 1224 2513 et
1243 2442 1412 2537 imperiali
1429 2443 1630 2515 anctoritate
1647 2453 1813 2538 perpetuo
1832 2465 1915 2515 con·

505 2562 682 2637 firmamus
700 2586 780 2636 cum
796 2565 1035 2658 jurisdictione
1054 2565 1224 2659 plenaria,
1244 2587 1324 2638 cum
1346 2566 1441 2638 omni
1459 2567 1605 2648 bonore.
1624 2565 1779 2639 districtu
1797 2576 1832 2639 et
1848 2567 1916 2640 dc-

506 2689 638 2763 minatu
663 2700 698 2762 et
723 2690 885 2762 omnibus
908 2689 1057 2785 publicis
1076 2690 1329 2782 functionibus,
1354 2712 1434 2764 cnm
1456 2691 1607 2786 angariis
1626 2701 1662 2763 11
1680 2692 1912 2786 perangariis,

505 2835 584 2885 cum
598 2813 677 2905 jure
692 2813 852 2904 mercati,
876 2813 1034 2907 pedagiis
1050 2825 1085 2886 et
1105 2814 1247 2887 teloneis
1265 2825 1335 2886 tam
1354 2816 1390 2887 in
1408 2837 1499 2909 aqna
1519 2837 1623 2910 quam
1640 2815 1676 2888 in
1700 2827 1808 2907 terra,
1834 2839 1915 2889 cum

504 2947 671 3033 potestate
684 2937 983 3011 animadvertendi
1004 2939 1040 3010 in
1058 2938 1283 3030 facinorosos,
1309 2962 1388 3012 cum
1403 2940 1521 3036 pratis,
1542 2941 1655 3032 silvis,
1674 2940 1831 3036 pascuis,
1851 2961 1915 3014 vve·

505 3061 720 3152 nationibus,
749 3062 1015 3158 piscationibus,
1042 3061 1270 3153 molendinis,
1299 3063 1397 3135 terris
1423 3064 1524 3135 cultis
1547 3073 1581 3134 et
1610 3063 1766 3155 incultis,
1793 3063 1911 3156 aquis,

390 3291 392 3296 ,
504 3185 725 3280 aquimolliis,
743 3187 878 3259 salectis
893 3208 1133 3282 aquarumque
1154 3187 1378 3277 decursibus,
1398 3188 1585 3282 paludibus
1600 3197 1635 3259 et
1653 3209 1732 3260 cnm
1753 3188 1915 3261 omnibus

504 3331 574 3404 que
601 3308 648 3384 ad
671 3311 838 3404 integram
864 3319 899 3383 et
925 3310 1112 3406 plenariam
1132 3309 1408 3403 jurisdictionem
1426 3311 1596 3405 pertinent
1617 3320 1652 3384 et
1674 3311 1845 3406 pertinere
1860 3311 1915 3381 vi·

505 3437 645 3524 dentnr,
662 3433 752 3506 sicut
766 3455 808 3506 ea
824 3435 940 3507 omnia
958 3434 1048 3507 Azao
1065 3444 1161 3530 pater
1180 3435 1388 3507 marchionis
1408 3434 1552 3530 predicti
1570 3443 1605 3508 et
1624 3434 1749 3507 Obizzo
1762 3435 1915 3508 marchio

504 3581 593 3632 avus
623 3559 848 3654 prenominati
881 3559 1026 3632 Azncnis
1055 3559 1137 3631 olim
1171 3559 1383 3654 temporibus
1410 3569 1603 3632 nostrornm
1633 3558 1915 3654 predecessorum

505 3685 750 3778 imperatorum
771 3684 828 3756 vel
853 3705 974 3778 regum
995 3683 1157 3756 divorum
1175 3693 1401 3777 augustorum
1414 3684 1508 3777 juste
1529 3682 1692 3757 babuisse
1708 3693 1743 3755 c't
1763 3684 1916 3758 tenuisse

504 3829 546 3880 11
561 3807 756 3902 possedisse
771 3817 961 3880 noscuntur
975 3807 1031 3880 vel
1049 3806 1108 3880 alii
1130 3807 1269 3880 nomine
1282 3809 1499 3898 eorumdem,
1517 3816 1552 3880 et
1572 3808 1774 3902 generaliter
1794 3829 1916 3882 omnes

505 3941 632 4021 terras,
657 3931 889 4027 possessiones
911 3941 945 4005 11
963 3933 1056 4004 1111
1078 3931 1280 4025 omniaque
1300 3953 1394 4004 nnnc
1415 3932 1508 4005 idem
1530 3931 1682 4005 marchio
1697 3934 1754 4004 vel
1769 3932 1828 4003 alii
1850 3953 1915 4004 no·

504 4053 598 4127 mine
618 4076 683 4128 suo
706 4062 822 4127 tenent
835 4053 929 4146 juste
945 4064 979 4126 et
999 4054 1177 4149 possident
1192 4055 1323 4149 ubique
1341 4054 1562 4128 concedimus
1584 4055 1650 4152 ipsi
1670 4055 1859 4128 marchioni
1881 4065 1916 4128 et

505 4179 579 4251 auis
598 4179 785 4252 heredibus
800 4179 837 4250 in
855 4187 1060 4274 perpetuum
1083 4187 1116 4250 et
1139 4179 1303 4274 imperiali
1324 4179 1524 4252 auctoritate
1541 4179 1764 4252 concedimus
1781 4188 1816 4252 11
1831 4199 1915 4252 con·

507 4301 700 4392 firmamus,
723 4309 910 4373 statuentes
924 4309 959 4372 et
974 4300 1143 4396 imperiali
1159 4299 1273 4372 edicto
1289 4301 1431 4372 firmiter
1448 4300 1672 4396 precipientes
1685 4309 1724 4371 ut
1743 4300 1788 4373 de
1802 4311 1915 4373 cetero

508 4424 603 4496 nulla
624 4423 762 4510 civitas,
786 4421 919 4493 nullum
942 4443 1143 4515 commune,
1167 4424 1284 4494 nullus
1300 4422 1396 4514 dux,
1418 4422 1535 4494 nullus
1550 4445 1682 4514 comes,
1699 4423 1911 4515 vicecomes,

506 4546 602 4619 nulla
618 4554 778 4642 potestas,
796 4546 891 4618 nnlla
910 4568 1063 4640 unquam
1083 4567 1229 4642 persona
1246 4568 1372 4640 magna
1390 4547 1447 4620 vel
1465 4567 1593 4642 parva,
1611 4547 1840 4620 ecclesiastica
1857 4549 1914 4620 vel

504 4669 683 4760 secularis,
700 4670 806 4762 hujus
824 4670 930 4742 nostri
947 4670 1120 4765 privilegii
1142 4671 1304 4767 paginam
1323 4669 1450 4745 audeat
1467 4671 1652 4765 infringere
1670 4673 1725 4744 vel
1742 4672 1776 4744 ei
1796 4672 1914 4768 aliquo
