4368 5876
559 612 617 674 168
1013 657 1016 664 .
1058 611 1273 674 Fblbnltlcl
1297 614 1471 675 securint
1785 615 1865 694 [An.
1884 615 1972 679 1221.

555 749 737 822 stabilibus
766 755 801 820 et
829 747 1111 842 mobilibusque
1136 748 1171 820 in
1201 769 1311 842 regno
1337 761 1455 822 nostro
1485 747 1731 822 rationabiliter
1756 749 1911 846 possidet
1937 751 1973 822 in

554 871 706 967 presenti
721 879 756 942 et
773 891 843 964 que
874 871 911 942 in
936 880 1037 944 antea
1062 871 1166 965 justis
1191 871 1304 945 modis
1321 873 1446 968 poterit
1471 872 1633 969 adipisci,
1658 894 1793 948 necnon
1816 873 1974 948 subditos

554 997 657 1069 etiam
674 993 831 1086 ejusdem
853 997 1048 1068 monasterii
1069 997 1227 1091 largitate
1248 997 1404 1092 ipsorum
1426 997 1571 1092 negocia
1588 1009 1790 1072 exercentes
1808 999 1876 1070 sub
1895 1019 1972 1092 spe

553 1121 675 1194 cialem
700 1119 944 1216 protectionem
971 1143 1012 1194 ac
1039 1121 1277 1194 defensionem
1301 1124 1488 1216 majestatis
1511 1133 1627 1196 nostre
1653 1125 1867 1218 recepimus,
1897 1122 1974 1196 exi·

552 1255 685 1319 mentes
701 1267 760 1318 eos
777 1245 822 1318 ab
840 1246 934 1318 omui
959 1267 1064 1319 onere
1090 1256 1125 1318 et
1147 1247 1264 1343 specie
1288 1248 1472 1339 cujuslibet
1488 1247 1686 1334 servitutis;
1707 1257 1742 1319 et
1758 1246 1874 1320 eidem
1892 1268 1973 1318 mo-

550 1372 698 1444 nasterio
713 1371 748 1442 in
765 1380 970 1466 perpetuum
985 1369 1231 1444 confirmamus
1243 1373 1359 1444 omnia
1376 1373 1575 1468 privilegia,
1591 1372 1816 1444 instrumenta
1834 1381 1869 1444 et
1881 1371 1972 1444 bona

549 1497 703 1591 quelibet
725 1505 795 1568 tam
819 1518 840 1567 a
862 1495 962 1568 nobis
984 1495 1050 1568 sibi
1081 1496 1137 1590 pia
1165 1495 1369 1570 liberalitate
1393 1517 1557 1569 concessa
1585 1517 1692 1590 quam
1715 1517 1762 1568 ex
1787 1495 1975 1569 donatione

550 1643 673 1715 regum
692 1620 975 1716 predecessorum
993 1629 1186 1692 nostrorum
1200 1629 1235 1692 et
1251 1621 1425 1694 oblatione
1451 1619 1605 1694 fidelium
1628 1621 1705 1692 sive
1725 1621 1883 1714 quolibet
1906 1619 1974 1693 alio

550 1749 645 1837 justo
663 1745 762 1815 titulo
779 1765 841 1838 per
857 1766 1002 1838 regnum
1023 1754 1179 1817 nostrum
1202 1755 1254 1817 est
1271 1745 1435 1842 adeptum
1456 1755 1492 1816 et
1510 1767 1581 1839 que
1606 1744 1643 1816 in
1671 1747 1827 1816 futurum
1852 1744 1976 1839 poterit

553 1868 716 1966 adipisci,
736 1869 781 1941 de
801 1868 930 1962 quibus
944 1869 1009 1942 bec
1025 1870 1110 1966 ipsis
1129 1870 1310 1945 vocabulis
1329 1871 1498 1943 duximus
1516 1868 1746 1964 exprimenda
1767 1897 1776 1940 ε
1799 1870 1974 1965 inprimis

555 2015 779 2082 renovamus,
802 1993 1025 2067 concedimus
1049 2005 1084 2067 et
1107 1996 1143 2066 in
1167 2005 1373 2092 perpetuum
1398 1993 1642 2068 confirmamus
1666 1993 1821 2089 predicto
1851 2015 1976 2067 mona-

554 2119 658 2190 sterio
676 2117 792 2190 Sancti
812 2117 979 2190 Iohannis
999 2117 1035 2188 in
1057 2118 1163 2192 Plano
1186 2119 1391 2192 territorium
1415 2125 1450 2190 et
1471 2118 1584 2190 casale
1605 2117 1720 2189 Sancti
1744 2116 1872 2190 Triioni
1893 2138 1975 2188 cum

556 2242 769 2338 pertinentiis
792 2241 884 2332 suis,
911 2242 1003 2315 bona
1029 2251 1064 2313 et
1087 2243 1319 2337 possessiones
1337 2241 1525 2316 existentes
1543 2242 1632 2314 intra
1650 2239 1737 2314 fines
1760 2241 1797 2312 in
1820 2241 1975 2334 quodam

555 2367 737 2463 privilegio
752 2367 895 2460 antiquo
905 2367 1041 2461 plenius
1053 2365 1249 2460 designatas
1263 2367 1431 2461 majestati
1447 2375 1562 2439 nostre
1575 2375 1714 2438 ostenso
1728 2387 1774 2437 ex
1788 2365 1976 2439 donatione

555 2489 644 2561 iacta
666 2488 779 2561 eidem
809 2487 1015 2560 monasterio
1036 2509 1098 2583 per
1122 2487 1300 2582 quondam
1323 2489 1520 2562 Petronium
1550 2489 1710 2562 comitem
1740 2489 1892 2562 Alexine
1913 2489 1975 2582 qui

555 2613 748 2708 predictum
772 2611 1019 2684 monasterium
1046 2612 1082 2682 in
1106 2613 1245 2707 proprio
1280 2614 1449 2686 territorio
1469 2613 1704 2707 demanioque
1730 2633 1794 2686 sue
1826 2611 1976 2686 civitatis

555 2736 703 2810 Alexine
720 2736 909 2826 edificavit,
935 2743 1082 2830 excepta
1101 2736 1182 2808 villa
1204 2747 1319 2810 nostra
1341 2739 1482 2812 Precine
1502 2760 1572 2833 que
1589 2740 1669 2811 licet
1692 2739 1782 2810 inira
1800 2736 1890 2810 fines
1912 2739 1977 2812 dc-

556 2863 709 2957 signutas
721 2863 756 2932 in
772 2863 998 2933 instrumento
1017 2861 1172 2954 predicte
1190 2862 1386 2935 donationis
1405 2874 1440 2936 et
1460 2863 1644 2937 dotationis
1660 2861 1818 2955 ejusdem
1840 2862 1977 2936 comitis

555 2990 621 3060 sita
635 3011 711 3061 esse
738 2998 910 3077 noscatur,
932 2997 1046 3059 tamen
1071 2987 1116 3060 de
1138 2991 1315 3063 voluntate
1341 3001 1377 3064 et
1391 3013 1562 3064 consensu
1584 2991 1817 3086 predictorum
1839 2989 1977 3062 abbatis

557 3122 591 3184 et
610 3120 802 3183 conventus
826 3110 981 3204 ejusdem
1009 3113 1202 3186 monasterii
1228 3115 1264 3185 in
1290 3125 1405 3188 nostro
1427 3116 1589 3189 demanio
1611 3137 1722 3209 usque
1749 3113 1795 3188 ad
1818 3126 1976 3187 nostrum

557 3237 813 3333 beneplacitum
828 3258 1062 3327 reservamus3
1079 3260 1214 3312 necnon
1228 3241 1451 3313 concedimus
1464 3250 1499 3312 et
1510 3239 1754 3312 confirmamus
1772 3241 1840 3335 ipsi
1856 3261 1977 3312 mona·

556 3363 660 3435 sterio
686 3361 908 3435 donationem
934 3363 1059 3436 iactam
1084 3364 1197 3437 eidem
1216 3387 1236 3436 a
1257 3365 1413 3460 predicto
1435 3367 1593 3438 Petronio
1612 3364 1736 3436 comite
1757 3364 1911 3436 Alexine
1929 3365 1977 3436 de

555 3487 699 3558 ccclesia
716 3486 832 3559 Sancti
851 3486 984 3559 Nazarii
998 3486 1043 3560 de
1058 3488 1210 3562 Caldulis
1225 3511 1303 3562 cum
1317 3490 1390 3562 suis
1404 3490 1678 3584 possessionibus
1689 3511 1731 3562 ac
1744 3498 1817 3563 toto
1831 3489 1977 3562 llumine

554 3611 615 3704 qui
633 3611 742 3682 oritur
758 3632 865 3705 prope
880 3611 1008 3683 dictam
1027 3613 1204 3686 ecclesiam
1223 3623 1258 3686 et
1274 3616 1386 3709 pergit
1405 3637 1517 3709 usque
1535 3617 1580 3689 ud
1602 3617 1812 3702 Pontianum,
1831 3615 1923 3688 sicut
1939 3614 1976 3686 in

552 3736 704 3829 quodam
731 3737 799 3808 alio
822 3735 1048 3809 instrumento
1065 3737 1208 3831 antiquo
1224 3739 1356 3812 exinde
1374 3739 1418 3812 ab
1437 3739 1562 3814 codem
1579 3741 1705 3813 comite
1723 3738 1839 3812 eidem
1856 3760 1977 3812 mona·

553 3861 659 3934 sterio
678 3863 767 3934 iacto
784 3861 952 3954 majestati
969 3871 1084 3936 nostre
1098 3872 1233 3936 ostenso
1246 3863 1382 3959 plenius
1403 3865 1598 3936 continetur
1611 3865 1641 3960 (l
1652 3865 1677 3959 ).
1697 3867 1747 3937 lle
1766 3863 1977 3936 habundan-

552 3987 630 4060 tiori
652 4007 793 4080 quoque
811 3985 919 4080 gratia
939 3995 1055 4058 nostra
1070 3987 1295 4060 concedimus
1311 3988 1425 4061 eidem
1439 3989 1649 4062 monasterio
1666 3998 1701 4062 et
1720 3987 1884 4060 iratribus
1903 3988 1977 4060 suis

554 4111 590 4181 in
601 4121 807 4207 perpetuum
819 4111 1011 4184 libertatem
1022 4133 1205 4204 aquarum,
1217 4113 1403 4186 herbarum
1418 4123 1453 4186 et
1464 4113 1638 4206 lignorum
1652 4113 1784 4208 ubique
1793 4133 1858 4208 per
1868 4123 1977 4184 terras

553 4236 776 4308 consistentes
794 4243 829 4309 et
846 4235 1105 4308 circumstantes
1123 4234 1175 4331 (2²)
1198 4257 1309 4330 usqne
1328 4235 1376 4310 ad
1397 4237 1544 4310 miliaria
1567 4238 1701 4328 decem,
1727 4246 1763 4310 et
1785 4249 1825 4308 ut
1847 4235 1977 4309 dehinc

589 4541 624 4612 (l)
644 4541 779 4599 Hactenus
797 4543 909 4600 zazzera
929 4542 963 4598 ab
978 4542 1020 4600 bis
1034 4502 1125 4601 verbis
1139 4543 1285 4618 incipiens,
1298 4545 1401 4602 scilicet
1413 4549 1446 4604 ln
1458 4549 1557 4620 primis
1574 4561 1748 4614 renovamus,
1761 4543 1895 4616 additque
1906 4542 1978 4599 banc

554 4638 671 4694 Petronii
684 4639 854 4696 donationem
874 4639 1002 4697 ullaueo
1017 4640 1115 4696 Gentili
1135 4642 1222 4715 primo
1239 4643 1320 4714 bajus
1341 4643 1428 4716 gentis
1447 4643 1574 4700 Alexinae
1594 4643 1694 4701 comite
1712 4643 1768 4716 jam
1789 4640 1977 4699 confirmatam

556 4735 941 4808 luisse,quituncseintitulut
951 4739 1085 4811 pecualis
1096 4743 1607 4816 cupitumoactmuptalcrjtutitioriao
1617 4741 1716 4816 Apulis
1726 4745 1753 4798 ct
1769 4745 1839 4798 terre
1850 4737 1975 4796 tubaria
