4368 5876
279 605 376 666 lrmcr.
392 603 439 682 9.]
728 595 926 660 HISTORIA
951 595 1244 660 olrnoltnrlca
1649 591 1686 653 91

280 763 377 829 mus,
398 747 465 812 etc.
487 737 501 834 i
523 736 573 833 ⁶).
596 734 652 808 Ad
678 734 781 827 hujus
803 755 886 828 orgo
907 733 1143 829 protectionis,
1166 732 1411 820 concessionis,
1438 727 1632 803 donationis
1653 739 1688 798 et

280 862 547 938 confirmationis
562 870 676 934 nostro
691 859 889 932 memoriam
904 868 939 930 cl
954 859 1060 931 robur
1073 865 1239 954 perpetuo
1255 857 1442 930 valiturum
1461 875 1602 950 presens
1616 852 1689 947 pri·

280 989 446 1082 vilegium
469 1010 532 1083 per
554 1007 677 1058 manns
695 983 814 1058 Jsoobi
830 983 876 1056 de
901 981 1040 1056 Catania
1065 982 1189 1056 notarii
1207 990 1243 1054 et
1259 979 1373 1053 fidelis
1395 976 1500 1050 nostri
1527 975 1629 1048 scribi
1655 984 1690 1048 ct

281 1113 391 1206 sigillo
420 1111 607 1204 majestatis
632 1120 747 1182 nostro
765 1107 932 1201 jussimus
957 1105 1181 1195 communiri,
1202 1126 1310 1196 anno,
1337 1124 1471 1192 mense,
1501 1099 1690 1172 indictione

281 1236 493 1332 subscriptis.

328 1363 453 1434 Datum
463 1354 1236 1457 upudSanctumGermanum,annodominice
1244 1348 1687 1434 inramationisld.CC.XX,

280 1507 398 1558 mense
412 1483 617 1573 decembris,
637 1481 825 1556 indictione
842 1503 947 1572 nona,
965 1489 1130 1574 regnante
1148 1479 1288 1552 domino
1310 1487 1425 1550 nostro
1438 1474 1609 1550 Friderico
1627 1475 1688 1548 Ilei

280 1611 390 1706 gratia
404 1610 622 1704 imperatore,
639 1627 776 1703 semper
787 1612 935 1700 augusto
951 1613 985 1677 44
1001 1625 1082 1698 rege
1096 1604 1221 1696 Sicilie,
1236 1603 1370 1699 imperii
1384 1606 1459 1697 ejus
1474 1622 1566 1675 anno
1579 1601 1689 1697 primo

281 1743 315 1807 et
327 1733 425 1828 regni
438 1733 551 1806 Sicilie
563 1753 656 1807 anno
670 1730 763 1804 XXll
780 1726 843 1825 (a),
860 1727 1015 1802 feliciter.
1032 1728 1156 1800 Amen.

333 2328 542 2439 Imperator
563 2353 603 2410 sc
626 2335 728 2410 recto
747 2327 898 2409 tremite
922 2325 1092 2436 Capuam
1115 2326 1313 2410 conferens
1335 2337 1373 2411 et
1394 2355 1529 2440 regens
1551 2329 1603 2413 ibi
1623 2357 1690 2412 cu-
1807 2374 1821 2405 r

281 2463 378 2546 riam
407 2460 624 2573 generalem
646 2487 717 2572 pro
739 2459 841 2544 bono
874 2468 974 2543 matu
1001 2460 1110 2570 regni
1141 2487 1230 2543 suas
1258 2461 1411 2544 ussisias
1433 2463 1691 2574 promulgavit

282 2622 380 2708 quae
407 2595 480 2680 sub
501 2595 636 2707 uiginti
649 2595 824 2706 capitulis
837 2594 1078 2679 continentur
1092 2593 1168 2706 (l).
1185 2595 1284 2678 14444.
1302 2623 1347 2678 ou
1362 2595 1402 2680 S.
1421 2597 1559 2706 Grau,
1576 2599 1691 2682 Ciro-

281 2729 353 2812 444.
371 2733 421 2812 od
436 2759 523 2812 ann.

322 2918 359 3000 (a)
376 2923 467 2984 Recta
485 2927 584 2982 aurem
601 2921 711 2983 rrrrr.

1593 3093 1686 3104 ι--ι-

317 3177 351 3250 (tl
369 3178 442 3234 11444
457 3175 573 3250 capitula
585 3176 695 3234 omnino
709 3176 859 3250 perierunt.
871 3177 942 3236 Nihil
953 3185 1043 3236 autem
1058 3178 1134 3236 dubii
1147 3183 1190 3234 cst
1202 3178 1266 3248 quin
1280 3183 1408 3234 renovata
1422 3183 1451 3236 et
1460 3178 1551 3235 denuo
1561 3177 1694 3252 publicata

280 3275 336 3331 1444
347 3273 398 3332 sub
412 3273 514 3331 41444444
535 3273 625 3330 verbis
639 3271 750 3344 luerint,
765 3289 849 3346 quum
863 3274 1008 3348 imperator
1019 3279 1124 3331 veteres
1139 3269 1343 3329 constitutiones
1359 3271 1386 3327 in
1402 3287 1501 3344 corpus
1516 3287 1601 3329 unum
1617 3273 1695 3330 novis

281 3371 378 3428 additis
393 3371 477 3445 redigi
491 3375 521 3429 44
539 3372 612 3445 apud
628 3369 742 3430 lllelliam
756 3387 850 3430 mense
862 3372 1010 3447 septembri
1022 3375 1089 3432 4244
1107 3370 1271 3446 promulgari
1294 3369 1395 3428 lecerit.
1409 3370 1604 3444 Argumentum
1621 3371 1693 3429 enim

280 3471 339 3528 lucc
350 3469 450 3528 elanus
461 3469 624 3542 invenimus,
639 3469 705 3528 dum
716 3472 837 3545 quinque
848 3487 884 3529 ex
893 3472 1129 3531 constitutionibus
1142 3469 1215 3545 apud
1226 3469 1345 3543 Cupmm
1354 3469 1434 3528 editis
1443 3485 1538 3528 rursus
1549 3471 1620 3528 inter
1630 3469 1696 3530 4144-

282 3567 379 3626 denses
391 3573 584 3626 mnascantur:

317 3671 346 3722 t⁰
358 3667 398 3724 lis
408 3666 568 3740 pricilspiis
579 3667 760 3739 rssipnundis.
773 3665 812 3726 Cf.
825 3667 926 3742 passim
937 3668 1077 3742 sequeutia
1087 3666 1246 3725 documenta
1261 3670 1290 3723 et
1301 3666 1443 3740 praecipuo
1456 3666 1595 3741 epistolem
1605 3667 1694 3725 Hono·

281 3761 322 3819 rio
333 3777 419 3835 papas
429 3761 549 3832 missam,
563 3760 619 3819 dat.
632 3761 704 3835 opud
715 3763 842 3834 Trsnum,
856 3767 873 3820 4
886 3763 975 3821 martii
989 3765 1071 3823 4224.
1082 3763 1168 3821 Adest
1176 3764 1247 3820 inter
1258 3762 1463 3820 constitutiones
1475 3762 1549 3837 regui
1563 3763 1693 3838 (Neapoli,

283 3859 377 3930 4486),
390 3859 438 3916 lib.
453 3859 487 3930 ll,
501 3860 545 3916 tit.
559 3859 662 3916 XXlX.

315 3959 347 4016 2ο
360 3957 398 4014 44
410 3959 490 4014 nocis
500 3957 636 4032 csdifisis's
648 3956 802 4016 diruendis.
814 3958 854 4017 (il.
865 3960 941 4017 mcc.
951 3975 988 4016 444
1000 3957 1029 4016 S.
1041 3957 1144 4030 (44444,
1157 3957 1192 4014 ad
1206 3973 1270 4016 aun.
1284 3961 1349 4018 4224
1366 3965 1396 4016 44
1408 3961 1488 4031 4224,
1504 3959 1550 4016 ubi
1562 3959 1649 4032 agitur
1659 3959 1695 4018 de
1729 4011 1735 4026 ,

281 4053 418 4112 diruendis
435 4062 489 4112 tam
507 4055 595 4114 lloccn
613 4054 706 4113 lanula
723 4071 805 4130 quam
819 4055 942 4130 pluribus
954 4057 1069 4116 castellis
1083 4057 1110 4113 in
1124 4056 1254 4116 comitutu
1271 4057 1368 4116 41411411
1386 4057 1507 4117 indebite
1520 4060 1693 4116 4444444414.

280 4151 364 4210 Adest
375 4149 484 4224 ibidem,
495 4151 543 4210 lib.
559 4153 603 4225 lll,
620 4153 661 4210 tit.
678 4153 794 4212 XXXll.

317 4254 347 4306 ³⁰
358 4250 435 4319 Quod
448 4249 542 4308 44444444
556 4249 711 4326 praemiss,
727 4257 788 4321 444.,
803 4251 925 4328 officinm
934 4253 1090 4328 justitiarii
1105 4258 1193 4326 94444.
1208 4251 1276 4312 vids
1287 4267 1369 4327 supra
1382 4251 1424 4327 (p.
1439 4252 1487 4328 43)
1499 4255 1545 4328 jus
1558 4255 1695 4328 sanguinis

279 4348 314 4406 ab
325 4347 425 4406 abbate
437 4347 590 4408 Cassinomi
604 4349 759 4424 imperatori
772 4351 943 4424 restitutum,
954 4357 983 4410 et
993 4351 1104 4427 passim.
1118 4351 1203 4409 Adest
1213 4350 1328 4421 ibidem,
1348 4350 1394 4410 lib.
1410 4353 1436 4425 l,
1450 4352 1493 4410 tit.
1506 4353 1603 4410 xulx.

316 4445 396 4502 44144
409 4445 499 4518 [4444414
517 4446 686 4520 inteprnlitsr
699 4446 866 4520 revocandis,
880 4456 906 4504 ct
919 4447 990 4523 pncd
1003 4447 1196 4506 boricstobilio
1207 4465 1254 4523 psr
1266 4449 1374 4524 sliquos
1387 4449 1504 4507 scclmiis
1516 4457 1543 4508 44
1554 4451 1693 4526 rslipiosis

281 4542 347 4598 locis
361 4541 452 4599 obluta
463 4541 547 4598 vendi
558 4549 609 4600 ont
621 4542 744 4601 alienari
760 4544 868 4602 debeam
889 4546 966 4620 irrfro
980 4563 1094 4603 onnam.
1108 4545 1148 4604 Cl.
1162 4546 1332 4621 privilegium
1348 4564 1397 4622 pro
1415 4549 1576 4607 monasterio
1594 4550 1694 4608 montis

280 4638 408 4714 Virginis,
424 4639 481 4697 (144.
498 4639 602 4698 4141444
614 4640 656 4715 li),
675 4655 768 4699 menso
779 4641 913 4700 februario
926 4643 1007 4701 4224.
1021 4643 1107 4700 Adest
1119 4641 1228 4715 ibidem,
1243 4643 1291 4701 lib.
1307 4645 1350 4716 lll,
1366 4646 1408 4702 114.
1420 4645 1445 4705 V
1458 4650 1486 4703 ct
1499 4647 1541 4703 tit.
1552 4647 1656 4704 XXIX.

319 4741 350 4795 5⁰
364 4737 403 4795 os
420 4739 610 4796 instrumentis
627 4737 811 4813 conficiendis.
825 4739 857 4798 lu
871 4739 988 4814 quodem
1002 4739 1254 4799 inslnrmentosnui
1266 4745 1336 4802 4224
1352 4741 1449 4817 legion
1462 4743 1491 4802 14
1508 4743 1582 4802 cruia
1600 4743 1696 4803 144441-
