4436 5870
224 579 226 584 Α
275 500 372 560 nuri.
387 497 431 582 9.]
726 497 923 559 lllSTORlll
948 499 1240 564 nlrnotlarlce.
1648 501 1689 566 87

273 636 397 733 polerit
418 633 559 730 reperiri
585 654 693 729 quam
709 633 807 706 unde
832 635 933 708 nobis
956 635 1049 710 bona
1071 639 1298 734 perveniunt,
1322 639 1379 714 illa
1398 647 1514 714 nostre
1536 639 1686 714 liberali·

274 761 354 834 tatis
373 781 518 833 munera
539 761 771 832 conferantur.
790 760 863 834 Hac
881 761 910 832 si
928 761 1080 855 quidem>
1091 761 1187 838 ducti
1207 763 1483 838 consideratione
1500 764 1684 854 laudabili,

274 884 474 980 diligentius
502 883 717 958 attendentes
735 883 939 980 religionem
962 895 997 958 et
1014 886 1226 961 honestatem
1242 887 1377 961 domiui
1395 889 1560 964 Iohannis
1580 909 1688 962 vene·

274 1008 391 1082 rabilis
409 1008 546 1082 abbatis
564 1017 599 1082 et
618 1009 765 1082 aliorum
786 1009 1033 1083 monachorum
1050 1011 1139 1083 sauri
1158 1013 1353 1085 monasterii
1373 1013 1521 1107 gloriose
1536 1012 1689 1104 Virginis

274 1135 382 1208 Maria
413 1134 458 1208 de
485 1133 601 1208 bloute
628 1132 802 1228 Virginis,
829 1133 972 1207 obtentu
999 1133 1122 1206 divine
1148 1134 1283 1230 pietatis
1308 1146 1343 1209 et
1366 1159 1428 1233 spe
1453 1137 1691 1210 retributionis

272 1271 402 1352 eterne,
422 1281 487 1333 neo
507 1281 578 1332 uon
594 1259 641 1334 ad
656 1260 795 1333 laudem
811 1267 845 1333 et
861 1258 1010 1353 gloriam·
1027 1259 1138 1356 ipsius
1154 1260 1273 1354 regine
1287 1261 1481 1357 virginum,
1499 1284 1562 1358 pro
1577 1265 1688 1336 salute

272 1407 413 1481 qnoque
438 1385 601 1460 diuorum
625 1395 851 1482 augustorum
880 1393 1062 1481 pareutum
1087 1394 1282 1458 nostrorum
1306 1388 1471 1461 memorie
1503 1387 1685 1461 recolende

272 1512 370 1585 etde
390 1520 554 1585 consueta
577 1518 694 1584 nostre
711 1507 947 1584 munificentia
968 1511 1175 1604 majestatis,
1197 1511 1443 1584 monasterium
1461 1511 1596 1607 ipsum,
1620 1511 1689 1584 ab·

273 1636 400 1723 batem,
419 1657 598 1727 monacos,
618 1657 816 1724 morosos,
840 1645 965 1710 terram
984 1635 1210 1728 blereuriaui,
1231 1635 1374 1728 casalia,
1394 1635 1550 1710 homiues
1565 1645 1601 1710 et
1617 1656 1689 1710 va-

272 1761 375 1833 sallos
391 1760 502 1856 ipsius
519 1759 717 1834 monasterii
737 1759 996 1832 enmomnibus
1015 1759 1239 1852 obedientiis,
1256 1760 1427 1850 ecclesiis,
1445 1760 1684 1856 hospitalibus,

272 1887 482 1975 tenimentis,
504 1885 793 1982 possessionibus,
811 1883 1023 1976 redditibus,
1046 1884 1269 1976 molendinis,
1286 1885 1435 1979 juribus,
1458 1885 1684 1977 libertatibus,

272 2009 460 2084 mobilibus
475 2019 517 2082 e,
532 2010 768 2082 immobilibus
789 2008 979 2098 universis,
992 2010 1276 2105 ⁴quibuscumque
1289 2009 1488 2083 introitibus
1504 2010 1551 2084 ad
1573 2010 1686 2106 ipsum

273 2136 517 2209 monasterium
538 2135 789 2231 pertinentibus
815 2143 850 2207 et
872 2134 1082 2229 personisei
1112 2135 1261 2208 subditis
1284 2137 1321 2206 iu
1347 2155 1568 2230 quacumque
1591 2144 1690 2232 parte

272 2261 370 2356 regni
387 2269 422 2334 et
439 2260 573 2356 imperii
590 2259 698 2333 nostri
713 2258 1006 2332 commorantibus
1029 2259 1097 2332 sub
1111 2259 1256 2354 speciali
1278 2259 1489 2355 protectione
1507 2269 1544 2332 et
1563 2259 1689 2333 delen·

273 2385 371 2458 sione
390 2393 506 2458 nosue
530 2385 718 2478 majestatis
741 2382 966 2478 suscipimus,
985 2391 1022 2456 et
1040 2384 1087 2456 ab
1108 2383 1204 2456 omui
1223 2384 1478 2476 molestatione,
1506 2383 1689 2478 inquieta-

273 2510 381 2598 tione,
410 2509 577 2600 collectis,
603 2507 805 2602 adjutoriis,
835 2507 958 2599 datis,
985 2507 1228 2582 exactimibns
1252 2508 1399 2604 aliisque
1427 2507 1688 2600 gravaminibus

272 2634 432 2708 omnibus
449 2643 485 2707 et
498 2632 648 2708 servitiis
665 2631 923 2730 personalibus,
941 2631 1093 2706 realibus
1111 2641 1147 2705 et
1163 2631 1269 2705 rebus
1287 2649 1512 2729 personarum
1532 2633 1686 2728 ipsarum

272 2768 436 2855 perpetuo
454 2758 579 2832 liberos
593 2766 630 2832 et
643 2777 783 2831 securos
802 2777 879 2830 esse
898 2777 1092 2832 cmsemus.
1113 2757 1350 2831 Possessiones
1366 2757 1489 2849 etiam,
1510 2757 1684 2848 eudesius,

271 2885 471 2982 hospitalia,
499 2883 703 2972 tenimenta,
731 2881 909 2974 redditus,
933 2883 1144 2975 molendina,
1171 2883 1364 2972 libertates,
1391 2891 1518 2956 terram
1542 2883 1686 2956 Mecu-

272 3009 380 3098 riaui,
407 3009 551 3100 casalia,
576 3007 750 3100 homiues,
777 3005 946 3082 vassallos
969 3017 1007 3080 et
1027 3007 1191 3080 universa
1212 3007 1355 3081 m'obilia
1375 3016 1411 3080 et
1433 3005 1622 3080 immobilia
1645 3023 1687 3079 ae

271 3154 390 3208 omnes
406 3143 498 3208 retro
513 3132 734 3230 pontificum,
755 3153 896 3227 regum,
921 3132 1183 3228 imperatorum,
1206 3131 1424 3228 principum,
1449 3131 1601 3222 docum,
1624 3151 1684 3204 co·

271 3259 407 3350 mitum,
431 3259 599 3332 baronum
621 3280 683 3332 seu
701 3275 1002 3352 quorumcumque
1016 3257 1162 3329 aliorum
1179 3256 1357 3329 hominum
1379 3257 1561 3352 utriusque
1578 3277 1685 3330 sexus

271 3385 529 3476 mucessiones,
556 3381 750 3472 libertates,
772 3379 997 3468 donationes,
1016 3380 1223 3472 oblationes,
1244 3379 1539 3470 confirmationes,
1560 3381 1685 3456 uendi·

271 3507 401 3600 tiones,
426 3506 711 3582 commutationes
728 3523 791 3579 seu
809 3501 1020 3600 quoeunque
1038 3505 1108 3578 alio
1128 3505 1229 3578 thule
1248 3504 1473 3579 alienationes
1490 3506 1684 3579 meandum

273 3645 422 3704 tenorem
449 3627 708 3728 privilegiorum
734 3639 770 3702 et
791 3631 1103 3702 instrumentorum*
1120 3627 1204 3701 dicti
1231 3629 1428 3702 momsterii
1452 3629 1565 3703 eidem
1587 3628 1688 3704 dates

270 3777 332 3830 seu
351 3759 475 3847 lactas,
496 3768 567 3851 que
588 3775 684 3827 nuuc
703 3753 983 3850 prenominatum
999 3751 1245 3826 monasterium
1265 3762 1361 3826 tenet
1375 3764 1438 3826 aut
1455 3753 1491 3826 iu·
1510 3763 1684 3849 posterum

270 3883 510 3974 muceeione,
525 3882 750 3972 liberalitate,
771 3880 973 3973 donatione,
997 3879 1183 3968 oblatione,
1203 3878 1476 3963 confirmatione,
1493 3879 1681 3974 emptione,

270 4007 537 4103 permutatione,
558 4005 764 4079 alienatione
780 4025 841 4078 seu
860 4023 1081 4100 quocumque
1098 4003 1307 4093 ullomodo,
1326 4003 1475 4076 Domino
1494 4013 1681 4091 annuente,

266 4134 361 4225 iuste
384 4133 509 4230 poterit
531 4132 696 4228 adipisci,
723 4129 818 4204 omni
844 4137 959 4202 nosua
982 4138 1246 4224 nostrorumque
1268 4127 1435 4201 heredum
1461 4129 1522 4200 vel·
1539 4145 1684 4200 sueces-

268 4277 386 4332 sorum
409 4271 471 4332 seu
493 4257 605 4354 partis
621 4253 814 4352 reipublice
838 4255 894 4328 uel
920 4251 1075 4328 fidelium
1097 4250 1613 4326 nostrorumcoutrarietatavel
1628 4252 1682 4324 iu·

269 4384 480 4480 quietatlcue
495 4403 559 4456 een
576 4381 693 4477 aliqua
716 4379 972 4476 perturbatione
992 4385 1139 4470 mmuta,
1152 4386 1235 4450 rata
1256 4377 1515 4451 esseuolnmus
1534 4377 1601 4473 ipsi
1622 4389 1685 4450 sais

270 4529 330 4582 ero
346 4507 396 4606 (a)
413 4507 639 4600 monmtedo,
661 4514 698 4580 et
719 4504 828 4578 libera
852 4521 992 4600 semper
1015 4502 1148 4597 absque
1175 4501 1270 4574 omni
1292 4501 1435 4575 servitio
1458 4511 1494 4577 at
1513 4501 1684 4596 adJ'utorio

308 4649 352 4730 (a)
372 4641 414 4713 lii
424 4651 565 4730 impresso
576 4645 639 4731 ipre
657 4655 761 4723 rastro,
777 4647 910 4727 mame
