4436 5870
537 503 577 564 38
1040 504 1251 568 r‘rrrbuurcr
1277 508 1452 568 securint
1761 506 1841 588 [ura.
1861 507 1949 570 Ἢ).

538 635 678 708 stitutus
695 636 867 730 octoginta
894 658 1027 710 marcas
1055 639 1176 732 optimi
1195 642 1327 733 argenti
1350 641 1396 715 ad
1419 641 1558 738 poudrm
1582 641 1720 714 Colonia
1741 643 1948 737 persolvent.

540 758 596 831 Ad
622 758 687 830 hec
708 758 812 831 etiam
834 759 999 854 sepedicti
1023 760 1180 836 homines
1196 761 1248 860 (a)
1267 765 1473 862 pepigerunt
1495 764 1591 860 qnod
1614 765 1645 836 si
1666 765 1873 858 contingerit
1893 787 1955 840 uos

541 884 596 958 vei
625 882 786 956 dilectam
809 893 1002 956 consortem
1019 897 1169 959 nostram
1193 888 1443 984 imperatricem
1467 911 1530 985 per
1547 899 1661 985 partes
1683 889 1758 962 ilias
1776 889 1955 960 transitum

543 1009 656 1081 iacere
672 1016 707 1080 et
721 1009 757 1078 in
767 1007 936 1101 jamdicto
954 1019 1065 1081 castro
1081 1009 1126 1082 de
1140 1011 1247 1084 Podic
1264 1011 1375 1085 Boniti
1391 1013 1569 1108 hospitari,
1586 1012 1686 1086 nobis
1698 1013 1802 1084 semel
1817 1013 1852 1083 in
1866 1031 1957 1084 anno

541 1154 621 1204 cunr
654 1131 924 1204 intertransitum
964 1133 1146 1206 fecerimus
1182 1136 1410 1230 albergariam
1442 1137 1655 1232 prestabant.
1687 1135 1723 1207 Si
1748 1157 1832 1209 vero
1858 1135 1958 1208 nobis

543 1256 768 1351 personaliter
791 1256 826 1327 irr
855 1256 977 1328 Tuscia
1000 1257 1229 1330 existentibus
1253 1259 1382 1358 ibidem
1407 1259 1581 1332 exercitus
1609 1280 1816 1352 congregare
1840 1259 1958 1330 volue-

543 1380 652 1452 rimus
673 1381 709 1451 in
730 1379 854 1452 Tuscia
873 1380 929 1453 vei
957 1381 1046 1452 intra
1064 1381 1241 1474 Tusciam,
1263 1383 1362 1456 nobis
1379 1383 1552 1456 exercitus
1575 1384 1687 1456 iacere
1708 1391 1954 1455 convenerunt.

545 1505 645 1577 Unde
662 1505 706 1577 de
726 1505 940 1598 benignitate
958 1514 1072 1578 nostra
1086 1507 1132 1578 ab
1148 1507 1310 1580 omnibus
1323 1529 1382 1580 eos
1397 1507 1528 1580 servitii
1541 1506 1598 1580 aiii
1613 1504 1686 1603 (ric)
1702 1505 1961 1600 gravaminibus

545 1630 683 1725 penitus
700 1629 875 1701 absolutos
892 1639 1061 1724 perpetuo
1078 1631 1195 1703 favore
1217 1631 1435 1704 decernimus
1448 1639 1482 1703 et
1501 1652 1694 1702 censemus.
1716 1631 1859 1724 Insuper
1878 1626 1961 1701 tide·

547 1756 613 1825 iem
644 1761 798 1825 nostrum
821 1753 1040 1825 Lambertum
1068 1764 1103 1826 et
1124 1754 1266 1826 domum
1293 1755 1368 1846 ejus
1398 1754 1444 1829 ad
1470 1775 1593 1850 manus
1619 1762 1753 1826 nostras
1778 1753 1963 1824 retinemus

549 1878 662 1950 taliter
680 1885 718 1946 ut
740 1897 809 1948 non
828 1877 940 1949 soluat
959 1876 1091 1949 datium
1116 1900 1229 1972 neque
1248 1888 1390 1972 cogatur
1411 1879 1579 1952 laborare.
1600 1879 1787 1950 Statuirrrns
1808 1876 1914 1969 igitur
1930 1885 1964 1947 et

550 2001 718 2097 imperiali
740 2001 942 2073 auctoritate
970 2011 1084 2074 nostra
1111 1999 1252 2076 firmiter
1279 2013 1313 2075 et
1339 2002 1491 2076 districte
1517 2001 1726 2099 precipimus
1748 2011 1789 2072 at
1813 1999 1964 2095 predicta

551 2124 669 2197 omnia
690 2123 822 2196 eisdem
845 2123 1045 2197 hominibus
1068 2124 1165 2197 Podii
1189 2126 1301 2197 Boniti
1327 2126 1457 2198 iiiibata
1484 2135 1676 2198 serventur.
1705 2124 1794 2208 Quia
1823 2144 1907 2196 vero
1931 2122 1965 2192 ia

553 2249 742 2321 mutatione
756 2271 878 2343 regum
893 2249 1024 2342 ubique
1044 2249 1179 2344 imperii
1195 2250 1367 2324 discordie
1384 2261 1627 2346 peroraverant
1640 2271 1702 2345 pro
1715 2249 1844 2343 quibus
1860 2248 1968 2319 multa

554 2375 589 2446 in
608 2373 838 2469 prejudicium
857 2372 993 2467 imperii
1010 2395 1191 2467 perperam
1207 2383 1303 2465 gesta
1323 2385 1417 2465 sunt,
1437 2396 1507 2470 qne
1524 2375 1684 2470 preterita
1696 2373 1969 2468 perturbationes

554 2521 617 2572 nos
635 2497 844 2591 investigare
870 2495 1140 2591 prohibuerunt,
1168 2519 1262 2568 nunc
1286 2497 1439 2570 collocati
1465 2497 1500 2568 iu
1526 2497 1610 2570 sede
1634 2495 1803 2592 imperiali
1828 2492 1970 2590 pacifica

551 2623 674 2698 divina
693 2622 873 2695 clementia
894 2619 1100 2715 disponente
1121 2627 1249 2692 statum
1267 2630 1302 2692 et
1317 2631 1541 2711 augmentum
1562 2620 1697 2716 imperii
1714 2619 1876 2691 volumus
1888 2638 1971 2713 pro-

556 2769 709 2820 movere.
729 2743 778 2817 Ea
796 2752 935 2839 propter
951 2765 998 2814 ex
1018 2753 1110 2815 certa
1129 2743 1272 2816 scientia
1288 2754 1324 2817 et
1340 2745 1507 2846 imperiali
1526 2745 1640 2819 edicto
1661 2765 1837 2816 cassamus
1854 2751 1890 2814 et
1911 2761 1971 2836 pe-

557 2871 650 2942 nitus
669 2867 842 2939 irritamus
858 2874 963 2959 atque
978 2887 1048 2938 nou
1062 2875 1177 2939 tenere
1191 2869 1479 2964 pronnnptiamus
1492 2869 1680 2942 deliberato
1695 2867 1839 2939 oonsibo
1854 2866 1973 2938 datum

560 2995 616 3066 vei
634 2991 869 3066 venditionem
893 3011 956 3062 seu
981 2989 1199 3062 donationem
1229 3003 1291 3064 ant
1319 2993 1558 3066 alienationem
1586 2993 1709 3064 iactam
1731 2990 1849 3084 aliquo
1871 2987 1975 3061 modo

560 3119 617 3189 vel
640 3114 780 3208 ingenio
802 3135 823 3186 a
844 3113 1022 3207 quondam
1047 3115 1170 3186 comite
1195 3117 1354 3190 Gnidone
1380 3119 1489 3190 Tusce
1513 3115 1585 3212 (sic)
1603 3116 1640 3188 in
1659 3137 1807 3188 comune
1827 3115 1978 3186 Senense

560 3250 596 3314 et
613 3239 659 3312 ab
677 3239 753 3333 ipso
774 3237 912 3309 comuni
930 3238 1073 3310 Senensi
1099 3238 1266 3312 Florentia
1281 3239 1327 3312 de
1344 3247 1466 3313 octava
1483 3250 1581 3335 parte
1598 3237 1742 3335 predicti
1757 3236 1862 3309 castri
1881 3233 1977 3308 Podii

563 3361 673 3436 Boniti
690 3370 724 3432 et
740 3359 932 3455 speciaiiter
945 3359 991 3432 de
1008 3370 1161 3433 contrata
1178 3362 1237 3434 ilia
1253 3384 1322 3455 qne
1339 3364 1490 3436 Senensa
1503 3362 1645 3451 dicitur,
1657 3371 1834 3454 tamqnam
1852 3381 1894 3434 ea
1910 3377 1979 3451 que

563 3487 599 3558 in
621 3482 778 3560 fraudem
795 3490 830 3554 et
846 3483 1090 3556 detrimentum
1108 3484 1242 3580 imperii
1260 3485 1477 3559 decernimus
1499 3505 1680 3582 perperam
1696 3505 1773 3556 esso
1795 3485 1886 3556 sacta
1901 3503 1979 3555 cum

565 3608 656 3680 dicta
674 3608 748 3678 ioca
770 3605 869 3678 Pedii
893 3606 1007 3678 Boniti
1032 3629 1111 3678 cum
1132 3609 1209 3699 ejus
1235 3608 1392 3682 districtu
1409 3611 1455 3684 ad
1473 3610 1656 3706 imperinm
1674 3609 1770 3680 nullo
1789 3607 1982 3703 pertineant

565 3730 751 3803 mediante.
775 3728 876 3802 Unde
898 3731 1053 3802 volentes
1079 3731 1192 3825 ipsum
1215 3733 1329 3805 locum
1353 3755 1433 3805 cum
1456 3743 1525 3806 tota
1542 3735 1618 3826 ejus
1644 3732 1740 3807 curia
1763 3743 1798 3803 et
1823 3729 1981 3804 districtu

565 3876 607 3927 ac
628 3853 731 3928 etiam
751 3851 945 3924 castellanis
965 3863 999 3924 et
1020 3855 1177 3948 personis
1197 3865 1231 3928 et
1254 3855 1358 3928 rebus
1376 3858 1537 3928 omnibus
1558 3857 1605 3930 ad
1627 3857 1741 3952 ipsum
1765 3859 1879 3927 iocum
1898 3875 1983 3950 per-

568 3978 757 4052 tinentibus
782 3976 957 4072 applicare
978 3986 1014 4049 et
1038 3999 1244 4051 conservare
1269 3981 1486 4054 solummodo
1507 3981 1554 4054 ad
1572 4002 1696 4053 manus
1713 3989 1849 4051 nostras
1862 3988 1898 4050 et
1914 3978 1986 4049 im-

568 4102 667 4196 perii,
686 4101 872 4173 eximimus
888 4111 923 4173 et
936 4121 1138 4172 amovemus
1151 4103 1289 4195 penitus
1299 4103 1392 4176 dicta
1409 4104 1484 4177 loca
1497 4127 1576 4176 cum
1592 4105 1755 4176 omnibns
1771 4100 1986 4198 pertinentiis

572 4225 643 4294 sais
661 4245 682 4293 a
698 4222 860 4294 comitatu
877 4231 913 4294 et
928 4222 1086 4294 districtu
1101 4245 1142 4294 ac
1152 4224 1392 4316 jurisdictione
1408 4227 1574 4302 Florentie
1591 4237 1628 4301 et
1639 4227 1795 4300 omnium
1806 4225 1986 4298 civitatum

572 4345 695 4433 Tusce,
713 4344 760 4413 ita
776 4343 872 4436 quod
886 4343 991 4416 alicui
1013 4367 1079 4418 nec
1092 4346 1323 4440 respondeant
1339 4349 1374 4420 in
1390 4351 1507 4444 aliquo
1526 4351 1592 4424 nisi
1611 4351 1757 4446 imperio
1777 4371 1842 4425 nec
1859 4367 1989 4443 aggra-

620 4585 661 4664 (o)
680 4586 714 4644 In
726 4592 910 4664 transumpto
920 4589 1066 4667 repedictr's
1080 4591 1249 4668 dominibus,
1262 4599 1349 4658 maie.
