4272 5886
170 565 269 627 lueres.
288 563 349 649 14]
618 561 819 625 ltlstoltlh
842 557 1138 624 precellentem
1528 547 1589 610 569

170 699 254 774 dicti
275 695 527 795 archiepiscopi
550 705 619 770 tam
643 699 796 772 honestis
816 697 977 795 precibus
997 693 1184 768 insistentis
1207 713 1287 764 cnm
1304 711 1347 764 so
1368 685 1511 783 gratiam
1531 686 1586 758 la-

172 825 319 916 cientes,
340 822 563 896 favorabilem
581 824 782 918 petitionem
801 824 912 920 ipsius
927 843 989 918 pro
1007 819 1130 894 eodem
1151 815 1358 891 monasterio
1377 811 1586 910 propositam

172 949 356 1022 clementer
374 946 579 1021 admisimus
597 957 632 1020 et
650 947 867 1021 indemnitati
884 947 1040 1042 ejusdem
1061 942 1258 1019 monasterii
1277 938 1500 1036 providentes
1515 933 1587 1029 pri-

172 1073 339 1167 vilegium
365 1073 480 1169 ipsum
507 1071 552 1145 de
572 1071 681 1145 verbo
703 1073 748 1146 ad
770 1074 918 1146 verbum
942 1070 1121 1144 transcribi
1146 1065 1362 1166 precepimus
1379 1072 1414 1136 et
1438 1059 1526 1133 illud
1544 1080 1586 1132 ac

172 1198 374 1299 omniaque
391 1196 610 1270 continentur
627 1197 663 1269 in
678 1217 721 1270 eo
738 1197 906 1272 duximus
929 1196 975 1271 de
993 1197 1111 1269 innata
1127 1193 1307 1268 clementia
1328 1186 1582 1276 confirmanda;

172 1321 400 1396 concedentes
422 1322 565 1417 insuper
590 1320 705 1426 eidem
724 1323 841 1396 abbati
860 1332 895 1396 et
913 1322 1100 1396 conventui
1118 1318 1315 1394 monasterii
1332 1313 1522 1412 supradicti
1540 1310 1586 1386 de

172 1457 288 1521 nostre
306 1448 415 1541 gratie
438 1447 594 1521 ubertate
610 1455 649 1518 ut
664 1447 764 1520 liceat
787 1448 838 1520 eis
858 1447 984 1522 amodo
1003 1447 1185 1522 extrahere
1206 1467 1248 1517 ac
1270 1443 1403 1517 deleme
1423 1438 1587 1513 victualia

173 1582 373 1666 ceterosque
392 1573 525 1644 fructus
540 1580 720 1667 perceptos
733 1572 778 1646 de
795 1573 928 1669 campis
946 1582 982 1646 et
998 1571 1272 1668 possessionibus
1290 1589 1423 1660 eornm,
1439 1567 1533 1660 ligna
1552 1573 1588 1637 et

172 1717 294 1769 carnes
318 1697 435 1769 salites
450 1704 485 1769 et
502 1705 657 1769 recentes
675 1719 886 1792 quocunque
908 1698 1080 1770 voluerint
1097 1695 1144 1769 ad
1165 1695 1446 1770 sustentationem
1466 1713 1586 1764 eornm
1718 1787 1721 1794 Ι

173 1831 209 1894 et
220 1843 282 1918 pro
296 1821 370 1894 suis
386 1821 591 1904 utilitatibus
605 1832 640 1894 et
654 1822 852 1895 monasterii
869 1821 1051 1915 iaciendis,
1069 1821 1311 1894 nonobstante
1328 1828 1455 1892 statuto
1468 1817 1585 1912 aliquo

172 1968 194 2018 u
213 1945 455 2020 communibus
471 1947 650 2019 civitatum
670 1946 715 2020 dc
730 1969 800 2020 non
821 1948 1045 2022 extrahendis
1058 1947 1104 2022 ab
1119 1947 1170 2020 eis
1187 1957 1221 2020 et
1241 1945 1452 2019 districtibus
1466 1966 1586 2016 earnm

173 2071 341 2167 predictis,
354 2071 459 2144 rebus
473 2081 508 2144 et
521 2071 598 2144 aliis
614 2069 811 2145 deferendis
828 2073 945 2167 aliquo
958 2082 1113 2170 ternpore
1124 2073 1352 2169 promulgato.
1371 2071 1526 2142 Preterea
1541 2069 1586 2143 de

173 2196 379 2270 affluentiori
399 2197 510 2291 gratia
527 2205 562 2270 et
582 2197 701 2270 favore
718 2195 913 2290 adjiciendo
926 2197 1150 2272 concedimus
1167 2208 1206 2268 ut
1223 2197 1322 2269 liceat
1337 2196 1451 2269 eidem
1469 2194 1586 2268 abbati

174 2330 210 2393 et
224 2322 410 2394 conventui
433 2343 497 2394 suo
517 2321 677 2416 quotiens
695 2321 890 2417 expedierit
912 2345 974 2419 pro
994 2321 1141 2417 negotiis
1157 2321 1313 2413 ejusdem
1332 2320 1530 2394 monasterii
1552 2331 1587 2392 et

174 2446 355 2520 hominum
371 2468 513 2520 snorum
528 2447 781 2520 commissorias
794 2447 923 2521 litteras
937 2449 1169 2520 Romanorum
1187 2445 1386 2542 pontificum
1406 2468 1468 2518 seu
1482 2445 1585 2518 etiam

175 2572 367 2666 legatorum
392 2594 534 2644 suorum
560 2582 677 2646 contra
699 2573 794 2646 cives
816 2573 1048 2646 Ferrarienses
1070 2573 1127 2646 vel
1150 2572 1195 2646 de
1218 2571 1373 2645 districtu
1395 2593 1514 2644 eornm
1539 2570 1586 2644 ad

175 2693 351 2791 delegatos
361 2695 499 2789 judicos
516 2697 717 2794 impetrare,
734 2708 861 2773 statuto
878 2700 937 2771 illo
952 2700 1047 2794 quod
1062 2722 1083 2771 a
1097 2698 1370 2771 Ferrariensibus
1389 2697 1584 2787 emanavit,

175 2819 340 2894 videlicet
370 2822 467 2918 quod
497 2843 568 2895 non
595 2823 674 2896 licet
699 2823 803 2896 alicui
829 2825 885 2896 vel
913 2823 1089 2918 aliquibus
1116 2823 1325 2896 habentibus
1354 2813 1588 2920 possessiones

175 2945 305 3018 ibidem
320 2946 471 3041 aliquem
491 2968 633 3019 suornm
659 2947 790 3020 civium
813 2949 869 3021 vel
896 2946 942 3021 de
959 2947 1115 3021 districtu
1138 2970 1203 3021 suo
1220 2948 1287 3020 suh
1306 2957 1466 3042 pretextu
1485 2969 1587 3020 cem-

176 3068 350 3142 missionis
368 3071 425 3141 vel
447 3069 673 3165 delegationis
692 3071 839 3163 alicujus
864 3080 963 3143 extra
988 3069 1175 3143 Ferrariam
1196 3070 1253 3142 vel
1270 3068 1462 3141 districtum
1484 3093 1587 3141 suum

176 3193 223 3267 ad
253 3214 393 3266 causam
415 3195 568 3286 trahere,
596 3206 714 3268 contra
743 3195 836 3269 idem
864 3195 1110 3268 monasterium
1141 3195 1337 3268 nullatenus
1361 3195 1521 3266 valituro.
1548 3193 1590 3266 Et

177 3319 342 3413 quoniam
369 3321 614 3392 monasterium
644 3343 728 3416 sepe
758 3319 890 3394 dictum
918 3342 939 3392 a
969 3321 1129 3394 violentis
1159 3319 1425 3416 occupatoribus
1455 3321 1490 3390 in
1518 3319 1590 3391 suis

176 3443 454 3538 possessionibus
477 3445 711 3541 multipliciter
734 3445 861 3518 dicitur
886 3465 962 3518 esse
991 3447 1119 3536 lesum,
1143 3445 1188 3518 de
1219 3445 1329 3540 gratia
1357 3453 1471 3518 nostra
1499 3467 1591 3516 con-

177 3567 335 3641 cedimus
359 3578 399 3640 ut
426 3569 492 3665 ipsi
518 3570 724 3644 monasterio
751 3571 788 3642 iu
814 3569 1059 3666 recuperandis
1081 3569 1355 3664 possessionibus
1377 3569 1450 3642 suis
1470 3590 1492 3640 a
1512 3591 1591 3663 per·

177 3691 272 3765 sonis
289 3693 386 3766 laicis
405 3693 553 3767 deuotis
575 3695 770 3769 centenaria
787 3696 988 3790 prescriptio
1005 3718 1074 3769 non
1097 3695 1254 3769 obsistat.
1277 3695 1333 3770 bd
1352 3695 1456 3786 hujus
1475 3695 1593 3789 itaque

178 3816 446 3892 confirmationis
468 3829 505 3892 ct
527 3820 757 3894 concessionis
778 3830 892 3893 nostre
916 3821 1116 3892 memoriam
1141 3829 1176 3892 et
1202 3820 1308 3892 robur
1335 3828 1501 3915 perpetuo
1529 3841 1591 3893 va·

177 3939 321 4015 litorum
340 3965 481 4040 presens
502 3943 724 4041 privilegium
750 3944 824 4017 fieri
847 3956 882 4018 et
908 3944 1012 4038 sigilli
1040 3944 1146 4016 nostri
1168 3943 1290 4017 robore
1306 3945 1472 4036 jussimus
1500 3965 1592 4014 com·

179 4067 319 4140 muniri.

228 4192 339 4284 liujus
357 4202 474 4266 autem
493 4193 542 4266 rei
560 4201 664 4266 testes
685 4202 766 4265 sunt
786 4193 903 4266 dilecti
924 4194 1097 4289 principes
1115 4192 1222 4265 nostri
1241 4191 1456 4264 venerabiles
1474 4189 1593 4262 iliade-

178 4313 377 4410 burgensis,
401 4316 667 4390 Mediolanensis
685 4327 719 4390 et
736 4319 889 4413 Reginus
907 4317 1174 4414 archiepiscopi,
1197 4317 1369 4389 Curiensis
1387 4326 1421 4388 et
1443 4315 1594 4388 Cicensis

179 4440 346 4536 episcopi,
366 4441 566 4538 langravius
580 4443 756 4538 Turingie,
773 4442 960 4517 Ruinaldus
979 4443 1055 4516 dux
1068 4443 1209 4539 Spoleti,
1227 4442 1381 4514 marchio
1399 4441 1445 4513 de
1459 4439 1590 4534 Baden,

178 4563 294 4638 Guido
320 4586 436 4640 comes
464 4569 655 4664 palatinus,
686 4571 788 4642 irater
812 4570 1030 4642 Hermannus
1062 4567 1270 4640 venerabilis
1305 4568 1468 4660 magister
1498 4589 1595 4640 sacro

180 4687 307 4762 domus
323 4691 630 4787 Theutonicorum,
654 4692 819 4767 liicardus
837 4694 1046 4766 camerarius
1066 4704 1193 4785 noster,
1213 4702 1248 4765 et
1264 4715 1370 4788 quam
1387 4675 1503 4788 plnres
1520 4694 1592 4764 alii.

283 4816 324 4878 ll.
1400 4827 1436 4879 72
