4298 5898
536 499 599 564 490
1045 501 1258 566 lutulente!
1284 505 1458 567 stlctlrlbl
1765 503 1849 583 [Au.
1868 505 1966 567 1225.

540 645 721 732 totumque
736 637 925 734 capitulum
939 639 1110 712 Tullensis
1122 642 1278 737 ecclesie,
1289 641 1410 718 fideles
1418 643 1538 736 nostri,
1547 663 1610 739 per
1622 641 1842 738 ttodotphum
1855 642 1968 736 ejus-

540 762 622 837 dem
656 764 800 836 ecclesie
831 762 1132 860 archidiaconum,
1164 766 1302 842 fidelem
1325 778 1499 859 nostrum,
1525 764 1704 862 quoddam
1732 767 1965 862 privilegium

539 887 678 962 Henrici
694 889 928 962 Romanorum
947 891 1040 986 regis
1063 892 1233 966 carissimi
1256 893 1317 968 lilii
1340 896 1446 970 nostri
1467 894 1623 993 predicte
1643 893 1787 967 ecclesie
1802 893 1963 966 Tullensi

539 1034 760 1106 concessum,
778 1012 824 1087 de
840 1013 1100 1091 confirmatione
1119 1019 1280 1093 videlicet
1299 1020 1449 1094 duorum
1471 1019 1732 1116 privilegiorum
1753 1017 1897 1108 Amoldi
1921 1029 1963 1092 et

538 1137 676 1210 Henrici
694 1138 926 1211 Romanorum
948 1162 1070 1238 regum
1085 1142 1369 1239 predecessorum
1385 1155 1578 1219 nostrorum
1594 1144 1759 1218 memorio
1772 1142 1961 1216 recolende

535 1264 668 1359 pretate
679 1263 831 1336 Tullenai
844 1265 988 1338 ecclesie
1001 1288 1049 1339 ex
1061 1269 1203 1364 antiquo
1215 1271 1430 1364 collatorum,
1441 1277 1557 1343 nostre
1567 1267 1764 1342 celsitudini
1775 1277 1958 1364 presenta-

537 1397 684 1482 verunt,
714 1388 891 1462 humiliter
924 1392 1159 1488 supplicantes
1189 1406 1228 1467 ut
1253 1396 1366 1492 ipsum
1392 1395 1611 1492 privilegium
1637 1395 1828 1490 approbare
1850 1392 1957 1466 etde

537 1521 654 1588 nostra
678 1512 747 1585 sibi
775 1523 810 1586 ut
837 1535 958 1587 eorum
985 1515 1137 1590 Tullensi
1165 1520 1308 1594 ecclesie
1336 1520 1560 1615 dignaremur
1589 1517 1700 1614 gratia
1730 1515 1952 1607 confirmem

537 1637 639 1729 cujus
654 1637 828 1733 privilegii
846 1647 944 1712 tenor
964 1641 1044 1714 talis
1058 1651 1110 1716 ost
1127 1670 1136 1716 ε

587 1765 792 1839 innomine
819 1775 938 1840 sancte
960 1775 995 1840 et
1018 1768 1203 1844 individue
1229 1771 1414 1844 Trinitatis.
1440 1770 1610 1843 Henricus
1637 1769 1806 1865 septimus
1830 1765 1954 1842 diviua

537 1889 677 1961 favente
695 1889 875 1964 clementia
894 1892 1127 1966 Romanorum
1148 1917 1212 1968 rex
1231 1904 1266 1967 et
1281 1917 1417 1991 semper
1436 1903 1618 1990 augustus.
1638 1895 1746 1968 Iustis
1763 1893 1954 1990 petentium

538 2012 722 2087 desideriis
748 2015 845 2110 regie
866 2019 1028 2111 majestas
1050 2028 1154 2115 prout
1176 2021 1357 2093 consuevit
1377 2020 1521 2120 prebere
1538 2014 1682 2120 [debet]
1701 2041 1896 2108 assensum,
1917 2025 1954 2090 et

536 2137 691 2212 maxime
719 2139 834 2213 inbis
858 2139 1047 2236 inquibus
1072 2144 1144 2216 vita
1170 2155 1204 2218 ot
1230 2146 1372 2218 libertas
1398 2145 1544 2219 ecclesie
1567 2153 1827 2218 conservantur.
1854 2142 1953 2228 Qua-

537 2272 678 2360 propter
690 2263 863 2338 universis
878 2266 1013 2363 imperii
1030 2266 1193 2343 fidelibus
1210 2279 1279 2342 tam
1298 2270 1633 2366 presentibusquam
1646 2269 1774 2341 tuturis
1785 2268 1952 2341 duximus

536 2386 823 2464 innotescendum
848 2390 944 2486 quod
969 2393 1174 2467 accedentes
1196 2393 1243 2467 ad
1264 2396 1473 2491 presentiam
1495 2404 1647 2469 nosbum
1670 2395 1739 2466 viri
1765 2393 1952 2490 prudentes

538 2521 574 2586 ct
587 2513 723 2588 bonesti
740 2515 860 2589 Petrus
880 2518 1020 2610 majoris
1036 2519 1180 2593 ecclesie
1196 2521 1366 2594 Tullensis
1382 2520 1535 2594 decanus
1552 2529 1588 2593 et
1600 2520 1780 2592 Folmurus
1797 2516 1952 2612 ejusdem

538 2638 684 2712 ecclesie
703 2639 968 2715 archidiaconus
990 2642 1226 2717 exbibuerunt
1249 2645 1350 2718 nubis
1373 2645 1558 2742 privilegia
1573 2643 1747 2740 Arnulpbi
1762 2655 1797 2717 et
1817 2640 1951 2716 ilenrici

538 2763 771 2838 Romanorum
795 2787 917 2861 regum
947 2766 1102 2863 predicte
1130 2767 1273 2842 ecclesie
1298 2769 1421 2842 collata
1447 2787 1554 2866 super
1576 2766 1790 2863 quibusdam
1813 2767 1952 2839 liberta·

539 2887 634 2960 tibus
661 2911 703 2962 ac
727 2891 1003 2986 possmsicnibus
1031 2891 1124 2966 dicta
1148 2893 1295 2968 ecclesie
1320 2893 1541 2987 contraditis,
1567 2891 1745 2966 humiliter
1768 2901 1805 2965 ct
1829 2891 1951 2964 devote

539 3014 754 3106 postulantes
769 3037 811 3087 ea
828 3025 980 3089 anostra
994 3016 1232 3092 munificentia
1245 3018 1396 3092 Tullensi
1411 3019 1556 3093 ecclesie
1569 3016 1786 3107 confirmari;
1804 3036 1950 3110 quorum

540 3149 639 3209 tenor
656 3139 733 3209 talis
752 3149 804 3212 est
820 3165 829 3212 :
847 3181 897 3194 -
914 3139 1113 3238 Arnolpbus
1133 3141 1255 3216 divina
1272 3144 1409 3217 lavante
1426 3143 1608 3218 clementia
1625 3144 1859 3215 Romanorum
1873 3161 1946 3212 rex.

538 3259 641 3346 Quod
661 3273 856 3336 maclarum
878 3265 1100 3340 ecclesiarum
1124 3267 1340 3341 defensorem
1365 3290 1430 3342 nos
1453 3267 1630 3342 constituit
1649 3265 1817 3340 [lominus
1842 3264 1948 3338 omni·

538 3395 677 3482 potens,
702 3388 791 3462 bene
815 3400 1027 3465 constructas
1052 3414 1193 3488 regere,
1221 3392 1394 3468 desolatas
1418 3390 1610 3486 consolari,
1638 3391 1831 3464 dosuucus
1856 3387 1948 3462 resti·

538 3520 651 3601 tuere,
672 3512 702 3584 si
718 3515 795 3606 ejus
814 3515 1027 3590 voluntatem
1056 3517 1093 3588 in
1116 3517 1186 3591 illis
1207 3517 1434 3615 disponendis
1457 3528 1492 3593 et
1514 3515 1765 3591 subveniendis
1784 3512 1949 3609 adimple·

538 3636 714 3731 serimus,
748 3648 951 3736 perpetuam
984 3642 1180 3716 felicitatem
1214 3643 1315 3716 nobis
1345 3645 1496 3718 futuram
1529 3661 1704 3716 essenon
1736 3638 1945 3713 dubitamus

537 3760 754 3859 Quapmpter
779 3775 899 3838 uotum
923 3763 998 3840 fieri
1024 3769 1187 3841 volumus
1210 3768 1429 3865 presentibus
1448 3777 1484 3841 et
1507 3765 1633 3839 tuturis
1658 3763 1756 3859 quud
1779 3764 1816 3835 in
1840 3762 1949 3836 reditu

538 3895 655 3962 nostro
678 3889 725 3964 de
751 3889 991 3984 longobardia
1018 3893 1073 3967 vir
1097 3894 1308 3967 venerabilis
1332 3891 1508 3968 Arneldus
1527 3890 1604 3988 (a),
1634 3898 1752 3963 sancte
1785 3885 1949 3961 Tullensis

538 4012 683 4086 ecclesie
702 4013 904 4113 episcopus,
923 4017 1026 4090 nobis
1044 4018 1240 4093 Consentia
1257 4040 1442 4092 occurrens
1464 4014 1722 4091 lacrimabiliter
1744 4023 1949 4108 conquestus

539 4145 591 4210 est
619 4138 717 4232 quud
744 4159 859 4212 oomcs
881 4141 1076 4238 Stephanus
1099 4152 1135 4217 et
1155 4142 1328 4218 Gerendus
1351 4145 1455 4217 trater
1479 4163 1565 4214 suus
1588 4149 1624 4213 et
1643 4139 1827 4214 blatlridus
1851 4157 1949 4234 super

540 4261 774 4355 possessiones
802 4265 972 4338 Tullensis
1002 4267 1148 4340 ecclesie
1179 4267 1323 4342 nimiam
1361 4267 1527 4342 malitiam
1562 4273 1792 4338 exercuerant
1820 4272 1855 4336 ut
1883 4261 1948 4334 fere

541 4391 647 4457 totum
665 4395 790 4459 terram
812 4388 944 4485 rapinis
963 4400 998 4463 et
1017 4390 1188 4465 incendiis
1210 4392 1257 4466 ad
1280 4392 1525 4466 exterminium
1542 4389 1775 4480 deduxerant,
1801 4406 1864 4485 pro
1879 4402 1947 4457 mo-

581 4627 621 4710 (⁰)
641 4631 700 4712 Ap.
715 4634 819 4698 Benolt
831 4636 989 4721 Arcadia,
1003 4641 1092 4703 male.
