4436 5870
287 537 448 624 laurea-d]
739 533 933 594 HISTORIA
961 531 1254 593 utrlotlllutcrl.
1660 533 1699 592 st

338 679 376 748 ln
406 673 546 746 nomino
572 669 896 743 sancteTrinitatis.
921 667 1105 740 Federicns
1129 664 1306 738 secundus
1331 665 1449 739 divina
1473 665 1608 738 lavante
1632 666 1700 737 cle·

287 798 417 871 mentia
439 798 671 870 Romanorum
695 794 891 888 imperator,
911 811 1049 887 semper
1065 799 1235 884 augustus
1247 799 1282 862 et
1304 809 1368 861 rex
1388 789 1505 861 Cicilia
1522 789 1558 860 in
1576 811 1700 884 perpe·

287 935 399 995 tuum.
434 921 622 1016 lmperialis
653 918 838 990 eminentie
865 919 1006 990 interest
1040 907 1270 989 benivolentie
1294 925 1515 1012 expertorum
1543 915 1697 987 fidelium

288 1067 430 1118 suorum
448 1045 551 1137 justis
564 1042 793 1139 peticionibus
810 1063 911 1113 aures
925 1042 1066 1137 prebere
1076 1061 1215 1112 somnes
1228 1048 1263 1114 et
1276 1063 1347 1134 que
1360 1039 1495 1113 dudum
1510 1063 1530 1112 e
1545 1031 1700 1135 largitate

289 1169 449 1242 divorum
483 1169 739 1263 progenitorum
767 1177 960 1240 nostrorum
992 1176 1073 1237 sunt
1105 1166 1221 1260 adepti
1253 1166 1439 1261 imperialis
1468 1165 1700 1238 concessionis

288 1303 403 1367 nostre
419 1295 579 1366 roborare
595 1291 797 1388 privilegiis3
815 1301 897 1364 tunc
911 1289 1003 1363 enim
1022 1301 1190 1363 eteorum
1208 1279 1340 1362 animos
1359 1290 1395 1360 in
1411 1288 1481 1361 lide
1497 1289 1699 1362 roboramus

287 1427 324 1490 et
346 1418 492 1491 aliorum
507 1427 641 1488 mentes
656 1416 702 1489 ad
721 1424 836 1488 nostra
858 1415 1057 1488 inducimus
1077 1415 1212 1486 lucilius
1227 1415 1405 1508 obsequia.
1424 1415 1511 1486 llino
1533 1414 1698 1509 estquod

290 1562 352 1614 nos
366 1541 581 1614 attendentes
595 1542 763 1613 sinceram
777 1538 997 1614 devotionem
1011 1548 1046 1612 et
1062 1549 1158 1632 grata
1171 1537 1309 1610 servitia
1323 1559 1392 1631 qne
1404 1546 1441 1609 tn
1453 1536 1639 1632 liudulpho
1654 1537 1699 1609 de

288 1665 386 1736 Noxa
401 1674 436 1737 et
453 1675 489 1736 tu
509 1667 597 1736 Suzo
611 1663 787 1736 Colionum
799 1661 847 1758 (e)
857 1663 951 1735 cives
965 1664 1207 1757 Pergamenses
1218 1672 1253 1733 et
1267 1663 1370 1734 vestri
1387 1672 1617 1735 antecessores
1629 1671 1696 1733 tam

288 1787 435 1862 fideliter
455 1811 561 1882 quam
580 1788 704 1861 devote
728 1787 909 1859 studuistis
928 1789 1095 1860 hactenns
1119 1787 1284 1858 exhibere
1309 1795 1343 1858 et
1362 1787 1396 1856 in
1419 1797 1519 1860 antea
1543 1786 1588 1860 de
1607 1787 1699 1858 bono

290 1915 324 1983 in
343 1912 466 1984 melius
490 1933 554 1984 ros
575 1911 792 1984 exhibituros
810 1933 879 1983 non
898 1911 1110 2002 dubitamus,
1131 1933 1193 2005 pro
1208 1909 1313 2003 gratis
1333 1911 1435 1982 etiam
1458 1911 1612 1983 serviciis
1629 1933 1698 2005 que

287 2038 391 2110 vostri
419 2047 650 2109 antecessores
675 2035 800 2108 nostris
823 2035 949 2108 inclitis
970 2037 1247 2131 progenitoribus
1267 2037 1338 2108 suis
1364 2045 1552 2109 noscuntur
1576 2037 1697 2131 presti-

288 2163 369 2233 tisse
378 2149 601 2256 temporibus,
612 2160 657 2233 de
666 2170 762 2253 grata
776 2169 810 2232 et
823 2169 986 2232 consueta
998 2159 1228 2233 benivolentia
1243 2169 1358 2232 nostra
1370 2183 1439 2254 qua
1454 2161 1697 2234 consuevimus

288 2286 411 2357 nostris
426 2284 610 2380 providere
629 2284 859 2375 benemeritis,
882 2283 1104 2356 concedimus
1123 2284 1380 2380 inperpetuum
1400 2294 1434 2355 et
1456 2285 1698 2359 confirmamus

287 2408 386 2481 vobis
403 2419 438 2481 et
450 2409 574 2480 vestris
589 2408 776 2481 heredibus
792 2409 871 2498 jure
888 2416 923 2480 et
938 2407 1035 2479 titulo
1060 2407 1178 2501 legalis
1196 2407 1291 2479 leudi
1309 2409 1538 2501 cognitionem
1554 2419 1588 2482 et
1606 2411 1696 2483 diffi-

287 2533 451 2604 nitionem
478 2553 661 2604 causarum
685 2532 951 2627 appellationum
970 2530 1065 2628 apud
1080 2532 1284 2626 Pergamum
1305 2544 1374 2606 tam
1399 2533 1433 2604 in
1459 2533 1533 2628 ipsa
1557 2536 1696 2609 civitate

286 2678 389 2749 quam
404 2656 508 2728 etiam
529 2658 565 2726 in
583 2655 791 2727 tenumentis
805 2666 841 2727 et
857 2652 1018 2727 districtis
1043 2655 1165 2749 ipsius,
1184 2657 1375 2730 secundum
1392 2657 1535 2730 sormam
1551 2659 1696 2754 privile-

286 2780 421 2874 giorum
441 2780 602 2853 divorum
619 2788 846 2874 angustorum
866 2780 973 2851 incliti
992 2781 1097 2875 patris
1115 2781 1221 2852 nostri
1241 2781 1453 2875 imperatoris
1475 2783 1610 2854 Henrici
1633 2807 1696 2857 neo

286 2925 355 2975 non
374 2903 487 2999 patrui
511 2903 617 2976 nostri
642 2904 735 2996 regia
755 2904 943 2999 Phe[iippi]
959 2903 1048 2975 sient
1061 2903 1293 2977 intelleximus
1305 2904 1386 2977 olim
1403 2904 1479 2993 tibi,
1496 2907 1693 3004 liudulphe‚

286 3027 516 3117 indultorum,
536 3049 604 3099 non
627 3028 784 3100 obstante
809 3028 925 3121 aliqua
954 3028 1173 3100 concessione
1201 3029 1263 3100 tibi
1287 3028 1350 3101 soli
1379 3029 1435 3100 rel
1463 3030 1529 3102 alie
1553 3052 1698 3125 persone

285 3152 375 3222 sacta
409 3173 513 3247 super
540 3152 635 3247 ipsis.
660 3153 771 3236 Quam
803 3153 907 3224 etiam
935 3153 1164 3246 cognitionem
1189 3163 1224 3224 et
1250 3153 1489 3226 diffinitionem
1514 3177 1695 3228 causarum

285 3274 553 3369 appellationum
569 3275 790 3347 meminimus
805 3275 867 3347 tibi
889 3276 974 3365 soli,
993 3275 1194 3372 liudulpho,
1213 3278 1421 3351 concessisse
1434 3301 1475 3350 ac
1492 3288 1606 3353 nostre
1623 3304 1697 3354 ma·

281 3395 414 3486 jestatis
433 3397 622 3492 privilegiis
647 3398 837 3471 roborasse.
859 3397 1062 3471 Mandantes
1084 3407 1119 3471 et
1139 3398 1280 3473 firmiter
1301 3400 1527 3496 precipientes
1547 3405 1697 3478 utnulla

286 3521 428 3592 omnino
447 3542 605 3616 persona,
627 3521 770 3594 humilis
788 3524 843 3594 vel
861 3523 942 3614 alta,
959 3522 1123 3595 secularis
1134 3524 1191 3597 vel
1205 3525 1446 3616 ecclesiastica,
1468 3537 1586 3600 eontra
1609 3528 1698 3601 hanc

285 3653 434 3714 nostram
459 3645 713 3718 concessionem
730 3656 766 3718 et
784 3645 1076 3719 confirmationem
1093 3667 1156 3719 vos
1173 3657 1375 3743 vestrosque
1388 3650 1532 3723 heredes
1552 3651 1597 3723 de
1613 3675 1696 3748 pre-

285 3765 376 3840 dicta
398 3769 593 3862 cognitione
617 3778 651 3842 et
671 3769 876 3843 diffinitione
896 3793 1078 3842 causarum
1100 3773 1367 3868 appellationum
1391 3775 1559 3870 impedire
1581 3776 1697 3869 aliqua

284 3891 464 3963 occasione
485 3901 659 3987 presumat
681 3904 742 3965 aut
760 3895 952 3968 molestare.
978 3894 1034 3967 Ad
1058 3897 1157 3989 cujus
1179 3899 1282 3969 etiam
1309 3900 1537 3971 concessionis
1559 3911 1594 3970 et
1614 3923 1695 3972 eon-

199 3995 201 3998 ’
284 4012 486 4087 firmationis
504 4025 619 4088 nostre
640 4016 850 4093 evidentiam
862 4030 907 4100 ¹et
922 4019 1122 4094 memoriam
1143 4041 1185 4092 ec
1199 4022 1304 4093 robur
1323 4022 1388 4094 hoc
1405 4022 1568 4116 scriptum
1588 4025 1695 4118 privi-

285 4138 364 4231 legii
382 4140 488 4210 nostri
504 4140 604 4212 robis
617 4143 811 4235 vestrisque
826 4141 1014 4216 heredibus
1029 4142 1236 4216 indulsimus
1254 4145 1364 4238 sigillo
1379 4147 1563 4238 majestatis
1580 4158 1695 4221 nostre

283 4262 516 4335 immunitum.

332 4387 443 4480 Hujus
462 4387 510 4460 rei
528 4397 631 4460 testes
647 4401 728 4460 sunt
749 4389 928 4463 Bertoldus
950 4391 1203 4486 Aquilegiensis
1223 4391 1435 4488 patriarcha,
1456 4394 1604 4468 Silridus
1622 4397 1694 4470 Ma·

284 4489 502 4601 guntinensis
530 4512 823 4608 archiepiscopus,
848 4515 995 4587 Silridus
1020 4516 1268 4611 Augustensis,
1300 4519 1431 4592 Ulricus
1457 4519 1690 4610 Pataviensis‚

327 4651 367 4730 (a)
390 4652 439 4713 Slc
453 4655 484 4714 ln
497 4661 694 4736 transumpto.
710 4658 812 4719 ltullce
827 4653 961 4720 Culleoni.

386 4763 427 4822 ll.
1515 4781 1533 4832 8
