4298 5898
1060 561 1278 626 rnrnnntct
1302 562 1477 626 sectator
1774 565 1861 646 [Ass.
1881 567 1969 630 1224

387 1131 500 1238 ξ’,ξξῇξς
609 1125 845 1235 Fridericus,
878 1127 1139 1214 Romanorum
1170 1129 1394 1240 imperator,
1428 1133 1554 1216 denuo
1583 1130 1744 1214 mandat
1773 1127 1969 1237 archiepi-

556 1287 671 1371 scopo
703 1261 914 1346 Arelatensi
936 1271 974 1346 et
991 1263 1167 1373 episcopo
1196 1264 1440 1348 Cavallicensi
1469 1273 1513 1348 ut
1543 1263 1789 1348 Guillelmum
1816 1263 1867 1346 de
1894 1261 1971 1344 Sa-

556 1395 677 1480 brano
709 1397 887 1482 comitem
923 1395 1173 1482 Forcalcherii
1204 1398 1435 1508 compellant
1465 1398 1516 1483 ad
1549 1398 1825 1483 restitutionem
1855 1395 1971 1480 uillae

555 1531 741 1640 Pertusii,
761 1557 879 1642 quam
898 1543 1030 1615 contra
1043 1530 1109 1642 jus
1133 1533 1351 1616 monasterii
1369 1532 1506 1618 Montis
1523 1531 1675 1644 Majoris
1692 1531 1878 1618 uiolenter
1894 1557 1968 1614 oc-

555 1666 720 1774 coperit.

577 1913 581 1926 ·
637 1873 759 1952 (lnedtt.
782 1889 831 1952 ap.
852 1873 1052 1948 omniun,
1070 1872 1146 1934 Htat.
1164 1880 1287 1935 moneat.
1309 1873 1341 1936 S.
1357 1873 1439 1936 reat
1452 1873 1561 1938 Montio
1573 1873 1708 1958 Majorr‘c
1724 1871 1778 1934 lul.
1792 1879 1865 1947 266,
1880 1869 1965 1932 MSS.

673 1983 705 2042 tn
718 1979 855 2042 blhltoth.
870 1979 995 2060 Arctet.)

560 2207 566 2218 ·
601 2169 804 2245 Fredericus
821 2169 885 2244 Dei
907 2169 1017 2265 gratia
1033 2171 1265 2246 Romanorum
1283 2170 1484 2268 imperator,
1505 2191 1643 2268 semper
1658 2177 1830 2263 angustus
1849 2178 1884 2241 et
1903 2189 1967 2241 rex

553 2294 691 2389 Sicilie,
716 2293 850 2370 dilectis
874 2293 1037 2370 fidelibus
1058 2295 1132 2368 suis
1152 2295 1412 2369 venerabilibus
1436 2294 1627 2369 Arelatensi
1649 2294 1908 2391 archiepiscopo
1932 2304 1968 2366 et

552 2421 778 2494 Cavellicensi
801 2419 965 2516 episcopo
987 2419 1133 2516 gratiam
1155 2442 1255 2494 snam
1277 2429 1313 2494 et
1339 2421 1466 2494 bonam
1495 2421 1721 2495 volantatem.
1753 2418 1967 2493 Venerabilis

551 2545 660 2621 abbas
683 2546 948 2638 Montismajoris
975 2543 1088 2620 fidelis
1111 2554 1227 2619 noster
1254 2545 1354 2640 gravi
1375 2545 1476 2619 nobis
1502 2544 1748 2641 conquestione
1773 2541 1967 2637 significare

553 2672 689 2744 curavit
703 2671 800 2766 quod
822 2667 1025 2743 Gnillelmus
1046 2669 1091 2743 de
1113 2669 1268 2744 Sabrano
1291 2691 1406 2744 comes
1426 2669 1652 2744 Foroalchen'i
1675 2669 1796 2742 villam
1821 2665 1966 2740 Pertusii

552 2795 732 2893 adipsum
750 2796 998 2869 monasterium
1021 2793 1250 2891 pertinentem
1268 2803 1387 2868 contm
1408 2795 1655 2869 conventiones
1676 2794 1743 2890 ipsi
1762 2791 1966 2866 monasterio

553 2923 659 2995 tactus
675 2930 710 2994 et
724 2921 856 3014 juratas
876 2929 913 2994 et
930 2941 952 2994 a
969 2929 1086 2994 nostra
1104 2920 1322 3013 celsitudine,
1342 2921 1432 2994 sicut
1451 2921 1587 3014 dejure
1602 2921 1733 3004 luerat,
1749 2917 1966 2992 confirmatas

550 3044 719 3117 violenter
742 3053 776 3117 et
798 3045 957 3140 nequiter
977 3046 1173 3140 occupavit.
1193 3045 1296 3132 Quod
1313 3047 1343 3118 si
1358 3068 1482 3120 uerum
1499 3053 1572 3138 est,
1593 3065 1635 3117 eo
1650 3064 1757 3139 grave
1773 3043 1916 3116 ferimus
1931 3053 1966 3116 et

551 3168 736 3264 indignum
760 3169 856 3264 quod
876 3170 963 3243 illud
991 3179 1155 3266 tanquam
1184 3169 1230 3244 ad
1252 3192 1316 3244 nos
1338 3180 1373 3244 et
1394 3171 1576 3267 imperinm
1600 3169 1697 3243 nullo
1724 3167 1900 3242 mediante
1928 3167 1964 3237 in

550 3294 797 3390 temporalibus
820 3294 995 3390 pertinens
1016 3295 1143 3367 insuia
1164 3295 1313 3390 justiciis
1336 3297 1498 3369 nolumus
1519 3293 1716 3389 aggravari.
1741 3293 1855 3378 Quare
1875 3291 1965 3364 fide-

550 3420 635 3493 litati
660 3431 773 3494 vestre
789 3419 932 3494 firmiter
952 3420 1161 3517 precipimus
1177 3429 1213 3493 et
1229 3429 1357 3494 attente
1374 3429 1548 3516 qnatenus
1560 3419 1782 3494 Guillelmnm
1797 3417 1846 3492 ad
1861 3418 1965 3490 resti-

549 3545 716 3618 tutionem
738 3545 893 3642 predioto
914 3546 1015 3636 ville,
1034 3555 1137 3642 prout
1151 3545 1217 3642 ipsi
1238 3547 1445 3621 monasterio
1462 3546 1616 3620 noscitur
1634 3546 1777 3638 dejure
1796 3553 1958 3640 spectare,

548 3670 771 3764 compellere,
791 3671 880 3743 sicut
898 3671 1031 3763 justum
1056 3679 1108 3743 est
1128 3679 1165 3744 et
1180 3671 1348 3767 expedire
1365 3671 1549 3764 videbitis,
1570 3671 1747 3760 debeatis3
1769 3671 1962 3744 nullatenus

548 3794 757 3868 sustinentes
776 3794 873 3890 qnod
891 3817 952 3891 per
975 3795 1163 3894 potentiam
1188 3797 1352 3870 antedicti
1376 3798 1591 3871 nominatum
1616 3796 1864 3870 monasterium
1891 3796 1961 3868 suis

547 3919 740 3993 rationibus
759 3920 937 4016 spolietur,
957 3920 1160 3994 mandatnm
1177 3929 1331 3994 nostrum
1352 3921 1464 3995 taliter
1485 3921 1716 4017 adimplentes
1742 3927 1782 3993 ut
1802 3919 1960 3995 devotio-

547 4065 626 4117 nem
645 4053 795 4118 vestram
815 4043 945 4119 exinde
967 4045 1263 4119 commendemus.

593 4172 719 4244 Datum
734 4171 885 4244 Cathane
900 4169 967 4268 (t),
985 4173 1045 4244 Vl⁰
1059 4171 1190 4267 aprilis,
1206 4172 1282 4244 ΧΗ·
1295 4171 1509 4246 indictionis.

583 4426 619 4500 (tl
638 4427 746 4500 Legitur
764 4443 809 4500 ap.
829 4426 977 4486 Chantolou
996 4425 1140 4498 detortae,
1162 4427 1235 4502 quud
1253 4443 1298 4486 mo
1319 4428 1427 4503 penitus
1446 4428 1522 4503 sugit.
1544 4425 1713 4503 Polycarpus
1735 4425 1772 4485 de
1793 4425 1820 4483 ln
1842 4423 1956 4492 llirilre,

546 4523 650 4582 locat.
660 4524 745 4582 MSS.
760 4525 849 4582 coclea
864 4527 982 4583 stataet
997 4528 1090 4584 comit.
1104 4527 1248 4599 leonton„
1263 4526 1309 4584 lib.
1324 4527 1371 4600 lV,
1385 4526 1439 4586 rol.
1455 4531 1482 4598 t,
1496 4525 1542 4584 tol.
1553 4528 1617 4598 mr,
1630 4526 1705 4584 idem
1718 4523 1874 4582 mandatnm
1888 4535 1957 4578 eom·

545 4636 698 4678 memorans
712 4621 797 4679 dicit:
811 4623 913 4680 llctam
927 4623 1019 4698 Catil,
1036 4631 1111 4683 scuto
1123 4625 1233 4700 oprtlt'a
1247 4631 1318 4697 etc.;
1331 4640 1401 4701 quae
1413 4623 1523 4699 quidem
1538 4621 1702 4682 ollbmsiatio
1715 4619 1830 4680 verbum
1843 4617 1957 4677 whom

546 4717 692 4776 clarissime
705 4718 879 4778 demonstrat.
