4298 5898
557 535 620 600 448
1061 537 1276 600 Flllllsslllcl
1301 537 1473 602 saturant
1784 540 1862 619 [dn.
1882 541 1971 604 tm„

559 693 663 762 cuos,
694 671 873 744 literarum
900 671 1043 746 scientia
1069 674 1173 748 iaciat
1201 675 1366 749 eruditos.
1399 675 1455 749 Ad
1482 675 1579 772 quod
1605 677 1685 750 licet
1711 678 1972 773 progenitorum

558 805 752 870 nostrorum
772 817 836 870 nos
855 797 947 870 clara
972 799 1133 894 prioritas
1149 801 1273 874 invitet
1293 801 1480 897 exemplis,
1507 800 1592 874 dum
1616 822 1736 875 eorum
1760 803 1972 898 temporibus

556 922 607 996 sic
635 921 852 996 diversarum
879 923 1101 996 scientiarum
1128 924 1165 996 in
1189 946 1296 1020 regno
1321 925 1437 999 studia
1468 925 1625 1000 tloruisse
1652 926 1899 1021 comperimus,
1930 937 1971 998 ut

557 1069 626 1120 non
645 1048 757 1122 solum
777 1048 823 1122 ad
842 1047 972 1120 incolas
992 1047 1102 1142 lilios,
1123 1047 1186 1122 sed
1205 1047 1251 1123 ad
1269 1059 1452 1124 extraneos
1469 1050 1573 1124 etiam
1590 1050 1788 1125 extendisse
1806 1051 1969 1146 probetur

554 1171 761 1246 suavitatem
778 1172 916 1268 odoris;
942 1195 1005 1248 nos
1022 1183 1137 1247 oemen
1156 1195 1261 1270 super
1281 1173 1347 1246 boc
1373 1183 1466 1249 tanto
1485 1175 1649 1248 libentius
1666 1176 1741 1248 sine
1762 1177 1967 1270 cujusquam

554 1297 756 1372 inductione
777 1299 1016 1372 concurrimus
1031 1297 1082 1396 (a)
1099 1307 1229 1395 quanto
1251 1321 1314 1396 per
1337 1298 1403 1372 boc
1427 1299 1544 1374 utilius
1563 1300 1685 1373 bononi
1709 1310 1825 1374 nostro
1843 1322 1967 1372 consu-

553 1426 625 1498 lore
649 1424 841 1515 credimus,
868 1434 901 1498 et
925 1424 1168 1498 exaltationem
1189 1425 1426 1500 omnimodam
1444 1424 1541 1520 regni
1560 1426 1668 1498 nostri
1684 1425 1779 1498 omni
1801 1447 1872 1519 qua
1889 1447 1967 1521 pos-

554 1571 676 1622 sumus
702 1549 880 1646 diligentia
914 1571 1152 1645 procuramus.
1180 1551 1342 1624 Veientes
1371 1550 1488 1646 itaque
1515 1572 1621 1647 super
1650 1550 1717 1624 hoc
1747 1551 1965 1645 antiquorum

553 1685 686 1770 gratam
707 1696 874 1747 renovare
897 1676 1113 1772 temperiem,
1136 1685 1171 1748 et
1189 1675 1286 1770 regni
1310 1675 1417 1749 nostri
1443 1674 1581 1770 fastigia
1601 1675 1847 1771 tripudialibus
1867 1676 1966 1748 novi·

553 1803 633 1875 tatis
657 1810 773 1873 nostre
801 1800 981 1898 principiis
1008 1799 1056 1900 (b)
1082 1811 1326 1897 augmentare,
1356 1802 1552 1876 universale
1585 1801 1741 1874 studium
1768 1799 1966 1873 incivitate

553 1935 669 1998 nostra
686 1925 847 2021 Neapolis
868 1924 929 2022 (a),
952 1926 1109 2000 consulta
1129 1947 1240 2022 nuper
1257 1925 1522 2012 deliberatione,
1543 1926 1760 2022 providimus
1779 1926 1964 1998 reforman-

553 2049 639 2124 dum
658 2075 666 2120 :
686 2059 725 2121 nt
738 2047 861 2121 civitas
879 2050 954 2144 ipsa
978 2050 1121 2146 antiqua
1135 2059 1243 2124 mater
1257 2062 1292 2123 et
1316 2049 1441 2123 domus
1460 2048 1587 2141 studii,
1609 2050 1700 2122 sicut
1720 2048 1868 2146 puritate
1882 2047 1964 2123 fidei

553 2183 589 2246 et
619 2173 707 2246 situs
732 2173 918 2246 amenitate
942 2174 1135 2270 prefulget,
1164 2173 1216 2246 sic
1243 2183 1409 2246 renovata
1435 2173 1535 2268 quasi
1563 2171 1800 2268 paranympha
1824 2173 1966 2246 scientie

551 2307 586 2371 et
611 2297 838 2392 singularium
862 2298 1083 2394 hospitalaria
1106 2299 1328 2385 facultatum,
1356 2297 1561 2370 docentibus
1586 2307 1622 2370 et
1645 2297 1905 2372 addiscentibus
1926 2319 1964 2370 se

552 2423 695 2518 prebeat
709 2424 907 2520 gratiosam.
930 2421 984 2497 Ad
1001 2423 1067 2496 boc
1081 2422 1187 2517 igitur
1200 2433 1270 2495 tam
1288 2422 1427 2495 salubre
1445 2421 1649 2496 convivium
1661 2421 1841 2518 magistros
1858 2443 1962 2517 quos·

441 2603 444 2610 .
551 2547 637 2620 libet
668 2557 703 2620 et
732 2548 904 2622 scholares
935 2547 1089 2622 hilariter
1120 2547 1331 2638 invitamus3
1363 2545 1520 2622 fidelitati
1553 2557 1613 2620 tue
1647 2547 1852 2621 mandantes
1878 2570 1963 2643 qua·

553 2683 654 2747 tenus
673 2695 815 2769 presens
840 2673 1096 2769 beneplacitum
1117 2682 1273 2746 nostrum
1293 2694 1356 2769 per
1367 2671 1645 2765 jurisdictionem
1671 2682 1766 2746 tuam
1783 2673 1963 2746 solenniter

551 2799 693 2872 studeas
709 2799 906 2894 publicare,
926 2797 1058 2870 firmam
1075 2798 1222 2892 singulis
1238 2797 1402 2872 fiduciam
1420 2799 1600 2872 oblaturus
1616 2797 1714 2893 quod
1732 2798 1963 2872 immunitates

418 3008 422 3014 ¹
551 2933 587 2996 et
603 2923 777 2996 libertates
801 2944 937 3011 omnes,
958 2923 1087 3018 quibus
1109 2922 1194 2996 olim
1212 2921 1262 3020 (d)
1283 2931 1354 2997 tam
1376 2923 1413 2995 in
1433 2923 1656 3019 Neapolitano
1673 2944 1780 3018 qnam
1799 2923 1836 2995 in
1855 2926 1962 2998 Saler-

552 3049 669 3122 nitano
693 3047 810 3120 studio
834 3036 883 3119 u'ti
903 3056 938 3121 et
960 3049 1113 3143 gaudere
1136 3058 1218 3121 sunt
1235 3048 1344 3142 soliti,
1369 3047 1537 3123 faciemus
1563 3047 1739 3122 universis
1761 3057 1797 3120 et
1818 3048 1961 3142 singulis

550 3174 632 3246 illuc
653 3172 703 3246 ire
721 3173 918 3246 volentibus
936 3171 1179 3246 inviolabiliter
1199 3173 1392 3248 observari.

1234 3463 1282 3535 ll.

629 3666 724 3746 (Edit.
747 3686 796 3748 ap.
811 3670 906 3730 Purn.
928 3685 970 3728 nn
987 3669 1109 3745 Vrsurs,
1132 3669 1247 3749 Epist„
1271 3669 1325 3730 ltb.
1349 3669 1413 3749 111,
1434 3685 1500 3748 cap.
1519 3668 1560 3731 X.
1579 3669 1664 3744 Quae
1690 3669 1769 3730 sicut
1791 3665 1962 3746 praecedent

666 3779 777 3855 optbne
797 3776 932 3838 Conrado
954 3779 1109 3856 conuenit,
1127 3783 1163 3838 nt
1182 3783 1308 3839 testatur
1327 3777 1423 3839 codex
1448 3775 1683 3858 Μςοῆιιιιιι
1707 3775 1959 3845 thtslartends,

666 3890 701 3942 n·
715 3891 752 3942 tr
770 3900 778 3942 a
795 3901 810 3938 a
828 3880 980 3942 Conradus
993 3881 1048 3942 Det
1060 3885 1155 3960 matta
1168 3883 1371 3944 Romanorum
1384 3887 1416 3945 ln
1430 3901 1529 3964 regem
1548 3884 1677 3959 electus,
1692 3882 1858 3944 lmusalem
1870 3885 1900 3940 ct
1911 3877 1960 3940 Sl-

667 3989 767 4048 ncllle
784 4005 837 4048 rex
850 4029 859 4060 ‚
873 3987 961 4047 Petro
981 3987 1018 4046 da
1030 3985 1125 4048 Casolt
1149 3992 1274 4068 gratiam
1292 4005 1379 4052 susm
1400 3995 1431 4050 et
1452 3989 1562 4052 bonam
1585 3990 1782 4050 voluntatem.
1799 3987 1958 4049 Nostsrlu·

666 4113 684 4153 a
699 4099 821 4166 sunter,
835 4101 893 4155 etc.
910 4093 1044 4172 Cumque
1057 4097 1208 4158 dantem
1221 4093 1342 4158 Salerni
1351 4101 1506 4177 antiquam
1516 4099 1648 4176 proiecto
1662 4103 1788 4159 mauron
1801 4101 1832 4158 et
1843 4095 1958 4156 domum

589 4257 628 4339 (a)
649 4257 707 4335 Ap.
723 4259 856 4319 Murteae
869 4257 1058 4333 concutimur,
1073 4259 1173 4320 uulnus
1186 4265 1272 4320 recte.

588 4363 627 4444 (b)
649 4365 706 4443 Ap.
723 4364 859 4426 Martene
873 4364 1026 4444 primitiis.
1041 4365 1129 4427 Hunc
1143 4366 1242 4428 locum
1262 4366 1397 4428 Conrado
1413 4369 1512 4444 pottus
1526 4381 1620 4444 quum
1632 4365 1786 4429 Frlderioo
1805 4361 1954 4427 conventre

548 4476 617 4549 quis
630 4472 773 4551 negabit?

590 4579 626 4656 (c)
648 4579 707 4655 Ap.
722 4580 854 4640 Martene
867 4577 1006 4658 Sale-uk
1018 4582 1050 4643 ln
1063 4581 1211 4660 plerlsque
1224 4581 1376 4644 codlclbus
1388 4579 1534 4662 Neapolis.

590 4681 631 4761 (d)
654 4685 709 4760 Ap.
727 4684 859 4745 Mertene
871 4685 945 4748 baec
958 4686 1109 4749 adduntur
1125 4707 1133 4749 ε
1151 4694 1276 4767 ternpore
1289 4685 1350 4749 dici
1364 4687 1491 4769 Ancora·
1509 4689 1622 4768 [patris
1634 4688 1758 4765 nostri}
