4298 5898
192 561 290 622 lmrcr.
308 555 370 641 12]
645 551 842 616 HISTORIA
867 549 1160 613 btrtoutrtcn.
1547 549 1608 614 487

195 703 264 768 tam
290 691 508 790 presentibus
527 695 654 784 [quam
685 690 828 780 tuturis]
851 687 901 784 (a)
919 687 1016 782 quod
1040 688 1189 761 loannes
1212 684 1422 759 venerabilis
1445 685 1553 758 abbas
1575 694 1611 758 et

195 827 388 893 conventus
415 815 614 891 monasterii
640 816 764 888 Sancte
797 813 906 886 llario
931 812 1058 885 Montis
1079 810 1234 904 Virginis
1259 809 1379 884 fideles
1407 810 1515 884 nostri
1548 832 1611 905 per

196 943 285 1017 duos
307 942 353 1015 de
370 939 533 1013 iratribus
555 939 630 1013 suis
650 939 819 1030 maiestati
841 947 956 1012 nostra
975 936 1262 1031 significaverunt
1277 937 1452 1011 humiliter
1469 937 1611 1032 snppli-

195 1065 308 1141 cando
326 1073 382 1150 ut,
401 1065 483 1158 quia
506 1064 573 1136 sub
595 1063 747 1158 quodam
772 1063 966 1158 privilegio·
981 1063 1047 1158 ipsi
1069 1062 1275 1135 monasterio
1300 1062 1531 1158 postomium
1548 1060 1610 1134 Ca·

196 1212 347 1288 paenam
371 1189 507 1262 indulto
530 1189 576 1262 dc
596 1187 1046 1284 quibusdnnbomininus,
1064 1186 1339 1282 possessionibus
1363 1185 1517 1258 elbonis
1541 1207 1610 1280 que

196 1315 442 1388 monasterium
467 1313 582 1411 ipsum
604 1335 625 1386 a
648 1313 749 1386 nobis
768 1314 871 1406 longe
887 1321 967 1384 ante
987 1321 1144 1385 tenuerat
1160 1311 1407 1386 rationabiliter
1422 1319 1457 1384 et
1473 1311 1604 1405 quiete,

198 1439 380 1512 occasione
402 1438 496 1510 illius
513 1438 668 1511 clausule
688 1459 758 1532 qua
773 1436 900 1509 dicitur
912 1437 1009 1510 salvo
1026 1436 1239 1510 mandatust
1262 1435 1479 1508 ordinatione
1495 1445 1611 1509 nostra

198 1585 219 1636 a
245 1563 441 1636 camerariis
460 1572 494 1636 ct
521 1563 645 1655 bajulis
669 1564 765 1636 curie
789 1571 904 1636 nostre
932 1563 1179 1636 monasterium
1205 1561 1319 1657 ipsum
1345 1552 1470 1657 graves
1491 1570 1527 1634 st
1547 1561 1610 1632 in-

199 1686 335 1761 debitas
360 1689 534 1761 molestias
557 1688 765 1776 sustinebat,
788 1687 833 1761 de
857 1687 967 1782 gratia
992 1696 1108 1760 nostra
1135 1687 1397 1781 indulgeremus
1417 1686 1548 1760 eisdem
1572 1697 1611 1758 ut

204 1811 357 1884 clausula
389 1813 464 1908 ipsa
495 1812 645 1885 indicto
676 1813 858 1909 privilegio
889 1820 1005 1886 nostro
1033 1812 1189 1906 apposita
1218 1810 1310 1884 dicto
1329 1812 1535 1884 monasterio
1565 1810 1610 1886 de

199 1944 313 2009 cetero
342 1957 411 2009 non
438 1937 586 2010 obesset.
614 1939 683 2009 Nos
708 1937 826 2031 itaque
854 1936 1165 2033 supplicationibus
1194 1934 1276 2008 dicti
1303 1935 1438 2008 abbatis
1461 1945 1497 2008 et
1519 1957 1607 2008 conx

196 2185 270 2278 jam
304 2185 521 2258 monasteriis
548 2186 693 2258 lecimus
718 2205 822 2280 snper
843 2185 998 2258 clausula
1020 2183 1307 2280 supradicta1nt]
1330 2195 1508 2279 exemptes
1527 2184 1609 2280 (sic)

200 2309 388 2382 existerent
404 2311 461 2383 vel
483 2312 673 2394 immunes,
692 2319 728 2383 et
748 2309 831 2404 qnia
852 2308 953 2383 dictis
971 2308 1168 2382 camerariis
1187 2317 1223 2380 et
1239 2308 1365 2398 bajulis
1382 2308 1508 2380 nostris
1523 2308 1608 2381 adi-

200 2453 294 2506 mere
319 2435 481 2508 volumus
510 2457 647 2508 omnem
676 2435 1043 2526 injustam'mnteriam
1072 2435 1203 2508 dictum
1236 2432 1479 2506 monasterium
1503 2432 1610 2506 mali-

200 2558 349 2652 gnandi,
371 2561 533 2632 uolumus
546 2569 582 2634 ct
602 2559 819 2632 decernimus
843 2559 1056 2656 utpredieta
1076 2558 1286 2632 clausulam
1311 2557 1405 2631 dicto
1427 2558 1609 2654 privilegio

200 2682 356 2776 apposita
377 2705 448 2777 qua
471 2682 598 2756 dicitur
618 2683 716 2756 salvo
738 2683 902 2758 mandato
923 2692 958 2758 et
975 2683 1191 2757 ordinatione
1214 2683 1383 2756 nostruin
1406 2683 1501 2756 nullo
1518 2681 1610 2754 dicto

200 2806 406 2879 monasterio
420 2809 528 2902 possit
547 2808 687 2895 obesse,
703 2806 767 2882 sed
784 2829 827 2882 ea
841 2808 942 2902 quasi
959 2807 1101 2906 dempta
1118 2807 1339 2906 privilegium
1357 2807 1470 2904 ipsum
1491 2807 1527 2878 in
1545 2828 1610 2880 sua

199 2941 397 3026 permaneat
423 2941 589 3028 perpetua
618 2932 788 3008 firmitate.
818 2936 870 3006 Dc
898 2934 1018 3027 majori
1053 2955 1194 3028 quoque
1229 2931 1464 3006 munificentie
1496 2942 1611 3004 nostre

198 3055 311 3150 gratia
335 3056 547 3130 restituimus
570 3067 606 3130 et
632 3057 876 3132 confirmamus
898 3058 934 3130 in
957 3067 1163 3154 perpetuum
1191 3058 1398 3131 monasterio
1424 3066 1612 3130 memorato

200 3180 382 3274 sexaginta
408 3190 515 3254 sertas
539 3183 773 3275 anguillarum
794 3183 840 3257 de
861 3193 1013 3280 pantano
1038 3191 1156 3255 nostro
1175 3181 1322 3255 Alesiae
1342 3181 1489 3276 singulis
1511 3182 1612 3255 annis

200 3305 462 3400 percipiendas,
482 3306 572 3380 sicut
596 3327 642 3379 ex
669 3307 762 3381 dono
790 3309 924 3381 comitis
951 3307 1080 3381 Mathai
1105 3306 1240 3381 dudum
1264 3307 1339 3380 illas
1367 3307 1531 3380 babuisse
1553 3307 1613 3380 di-

200 3429 404 3502 noscituret
420 3430 456 3502 in
478 3431 661 3527 privilegio
679 3433 788 3529 ipsius
815 3433 950 3507 comitis
972 3434 1166 3506 continetur
1187 3433 1353 3529 apertius.
1374 3434 1461 3506 Data
1481 3433 1518 3503 in
1536 3454 1612 3504 cas-

200 3554 263 3625 tris
293 3563 373 3627 ante
401 3555 532 3646 latum,
561 3577 653 3629 anno
681 3557 854 3630 dominice
882 3558 1127 3631 incarnationis
1162 3555 1345 3631 millesimo
1376 3557 1613 3632 ducentesimo

199 3677 366 3752 vicesimo
385 3680 503 3770 tercio,
523 3679 744 3774 menseJulii,
766 3679 901 3755 decime
922 3681 1151 3776 indictionis(
1177 3681 1202 3778 ).

246 3803 317 3876 Nos
330 3812 447 3878 autem
471 3804 706 3901 predictorum
726 3806 861 3880 abbatis
879 3815 913 3879 et
932 3817 1124 3880 conventus
1147 3805 1327 3880 honestam
1344 3805 1454 3881 vitam
1475 3814 1511 3878 et
1533 3806 1613 3878 reli·

198 3927 338 4022 genem
357 3929 567 4004 laudabilem
584 3931 821 4022 attendentes,
844 3953 963 4006 eornm
981 3932 1085 4024 justis
1088 3983 1503 4004 ...........
1523 3951 1612 4024 sup-

198 4052 444 4149 plicationibus
480 4054 632 4149 benigne
665 4056 834 4131 duximus
864 4057 1109 4145 annuendum,
1139 4055 1293 4152 predicta
1326 4055 1398 4128 duo
1431 4053 1612 4150 privilegia

197 4178 290 4252 sicut
305 4180 465 4276 superius
479 4181 675 4254 continetur
676 4230 1093 4254 ...........
1120 4190 1154 4253 et
1178 4180 1215 4251 in
1233 4181 1526 4276 quibuscumque.
1557 4233 1566 4250 .
1599 4235 1608 4251 .

238 4351 278 4436 (a)
299 4357 381 4418 llaec
393 4356 453 4419 dno
465 4357 557 4422 verbs
569 4361 601 4420 tn
614 4375 791 4440 pergamena
804 4359 924 4422 desum.

196 4523 1605 4567 --.--.-.-.-.....-...-..--.ί.---.--..

235 4692 273 4770 (t)
293 4695 333 4754 cs.
348 4711 444 4773 supra,
458 4715 489 4774 p.
500 4701 550 4758 tet
568 4705 597 4757 et
607 4705 665 4759 not.
679 4703 707 4759 t.
