4272 5886
196 503 297 568 lentur.
315 502 376 589 ld]
643 499 842 563 HISTORIA
869 498 1164 562 nleuoltllltcn
1552 499 1612 562 5⁷5

279 661 1096 750 [butt.apflmrn,llermpet.‚t111‚p.renum
1114 664 1246 726 Menum.
1267 662 1444 738 Beic.,t.l,
1459 680 1489 742 p.
1508 671 1564 724 ete
1579 669 1609 724 et

315 782 338 837 t.
356 775 458 850 xxx,
481 791 512 852 p.
534 781 609 846 188,
631 789 670 834 ex
691 773 876 852 uumgrapbo
898 773 979 852 quod
1004 774 1105 834 eemltl
1125 773 1163 834 de
1185 769 1386 850 Wusserburg
1410 769 1514 830 datum
1539 769 1607 830 lult.

317 882 454 961 siglllum
473 897 535 942 nen
550 880 626 942 nlhtl
645 882 757 944 laesum
777 881 923 959 appendet
944 897 983 944 ex
1005 881 1064 944 lllls
1085 881 1184 943 serlcle
1206 879 1344 942 rubrubrl
1358 883 1388 940 et
1409 877 1536 939 subflavl
1559 894 1611 939 co-

317 985 415 1068 lorls.)

247 1202 508 1276 Fridericusllei
520 1201 630 1298 gratia
638 1201 870 1274 Romanorum
878 1199 1075 1297 imperator,
1085 1222 1221 1298 semper
1232 1209 1414 1296 augustus,
1423 1200 1609 1272 Jerusalem

199 1339 234 1401 et
247 1327 361 1401 Sicilie
378 1351 456 1402 rex.
473 1328 536 1400 Per
551 1349 693 1424 presens
709 1327 875 1424 scripturn
898 1329 1033 1400 noverit
1048 1329 1289 1400 universorum
1308 1336 1500 1399 nostrorum
1520 1325 1612 1398 lide-

200 1453 285 1525 lium
295 1475 436 1551 presens
448 1463 521 1526 etas
530 1462 565 1525 et
576 1453 772 1525 successiva
783 1453 961 1549 posteritas
974 1452 1069 1547 quod
1083 1453 1229 1525 dilectus
1242 1451 1354 1525 fidelis
1368 1461 1481 1524 noster
1494 1451 1610 1522 Fride·

201 1579 305 1666 ricus,
318 1577 526 1652 venerabilis
540 1578 648 1649 abbas
658 1577 815 1650 Retensis
823 1578 979 1670 ecclesie,
994 1579 1041 1652 ad
1052 1577 1260 1674 presentiam
1276 1588 1426 1650 nostram
1442 1575 1612 1650 accedens

201 1703 379 1802 proposuit
392 1725 506 1776 coram
519 1703 619 1775 nobis
632 1702 781 1797 qualiter
795 1701 972 1796 quondam
989 1702 1132 1798 quidam
1150 1703 1323 1800 palatinus
1340 1703 1434 1776 Cono
1452 1703 1608 1788 nomine,

201 1829 272 1900 lilio
291 1829 367 1922 ejus
386 1829 524 1901 Conone
540 1829 576 1899 in
599 1827 689 1900 bello
702 1837 738 1900 et
751 1828 892 1902 servitio
908 1827 1043 1925 imperii
1058 1827 1266 1920 decedente,
1289 1827 1472 1901 Rotensem
1497 1827 1612 1900 eccle-

199 1953 286 2027 siam
310 1952 369 2049 pia
386 1953 583 2049 provisione
603 1951 801 2026 fundaverit
817 1961 852 2025 et
874 1953 910 2025 in
929 1952 1075 2026 decessu
1099 1975 1164 2026 suo
1183 1975 1263 2026 cum
1282 1953 1443 2026 heredem
1460 1953 1611 2048 aliquem

201 2099 269 2150 non
279 2078 434 2169 haberet,
445 2078 603 2151 eamdem
614 2076 793 2150 ecclesiam
809 2078 876 2149 sub
888 2079 1033 2150 tuitione
1044 2077 1180 2174 imperii
1193 2078 1333 2151 duxerit
1347 2077 1607 2180 conterendam:

200 2223 242 2275 eo
258 2203 421 2277 videlicet
437 2212 556 2276 tenore
578 2210 616 2273 ut
638 2222 894 2297 quemcumque
918 2202 961 2275 ad
985 2201 1141 2295 ejusdem
1162 2203 1228 2275 loci
1245 2202 1480 2276 defensionem
1502 2202 1610 2275 abbas
1629 2219 1634 2230 ·

201 2327 261 2422 qui
286 2328 492 2401 constitutus
517 2337 607 2399 esset
631 2327 679 2399 ibi
703 2349 765 2423 pro
794 2337 946 2422 tempore
978 2337 1108 2424 peteret
1134 2328 1363 2417 advocatum,
1393 2329 1439 2400 ab
1466 2328 1610 2422 imperio

201 2451 367 2548 reciperet
385 2461 420 2525 et
443 2451 606 2544 baberet;
628 2474 823 2549 superque
846 2453 1067 2549 predecessor
1093 2463 1208 2525 noster
1226 2453 1393 2526 llenricus
1415 2454 1458 2526 lV
1481 2453 1612 2526 Roma-

201 2589 324 2648 norum
349 2576 532 2672 imperator
554 2575 638 2649 dive
657 2577 906 2650 recordationis
929 2587 1116 2672 augustus,
1139 2599 1202 2672 pro
1223 2599 1265 2650 ee
1287 2578 1382 2671 quod
1405 2577 1498 2650 Ceno
1519 2576 1612 2650 filius

201 2701 347 2796 predicti
367 2701 509 2797 palatini
532 2702 680 2775 Cononis
705 2701 740 2773 in
759 2702 901 2774 servitio
926 2725 989 2775 suo
1016 2700 1203 2794 ceciderat,
1225 2725 1327 2774 suum
1348 2705 1532 2776 clementer
1551 2726 1609 2776 as-

201 2848 340 2898 sensum
357 2827 503 2922 prestitit
521 2836 556 2900 et
572 2828 767 2919 munimen,
785 2835 888 2924 prout
906 2829 941 2899 in
965 2828 1147 2924 privilegio
1169 2851 1233 2900 suo
1252 2829 1366 2902 eidem
1392 2829 1536 2904 ecclesie
1554 2830 1612 2900 in-

202 2949 298 3023 dulto
318 2953 453 3047 plenius
478 2953 690 3044 continetur;
717 2953 817 3044 cujus
841 2951 1015 3048 privilegii
1038 2951 1331 3025 confirmationem
1350 2952 1443 3026 idem
1467 2954 1614 3027 abbaso

204 3077 404 3150 liberalitate
422 3089 538 3151 nostra
563 3101 626 3174 pro
650 3077 805 3174 predicta
823 3078 967 3151 ecelesia
992 3100 1057 3150 sua
1085 3077 1218 3150 exstitit
1240 3088 1431 3152 assecutus.
1459 3079 1613 3151 Preterea

204 3212 409 3276 memoratus
427 3203 536 3276 abbas
558 3226 672 3275 coram
688 3203 790 3276 nobis
808 3202 986 3299 proposuit
1005 3203 1251 3297 conquerendo
1264 3204 1361 3299 quod
1377 3204 1502 3277 dilecto
1519 3205 1613 3301 prin·

202 3326 279 3422 cipe
295 3327 401 3400 nostri
420 3328 554 3424 imperii
569 3329 607 3401 C.
621 3328 798 3423 quondam
820 3328 1011 3402 venerabili
1034 3329 1275 3424 Ratisponensi
1293 3328 1454 3426 episeopo
1466 3328 1529 3424 (l),
1551 3330 1612 3424 qui

203 3449 346 3545 predicti
364 3453 429 3552 loci
448 3452 665 3526 advocatiam
681 3453 725 3525 ab
740 3454 884 3550 imperio
903 3453 969 3525 sibi
989 3453 1147 3550 collatam
1165 3463 1315 3547 rexerat,
1330 3454 1436 3526 rebus
1452 3441 1614 3527 humanis

202 3583 381 3671 exempto,
400 3575 544 3670 quidam
563 3577 838 3649 ministerialium
856 3577 957 3651 ducis
974 3577 1138 3670 Bovario,
1159 3577 1294 3650 Ulricus
1311 3579 1469 3668 nomine,
1490 3579 1613 3651 institit

202 3697 296 3795 apud
313 3722 430 3793 regern
449 3700 559 3773 filium
577 3715 731 3774 nostrum
750 3703 906 3796 quisine
926 3702 1149 3798 requisitione
1169 3703 1315 3800 predicti
1333 3705 1469 3778 abbatis
1492 3706 1613 3778 inves-

203 3824 280 3896 tivit
297 3847 395 3918 eum,
417 3849 496 3898 cum
512 3827 609 3899 salvo
632 3835 746 3899 tamen
763 3826 926 3901 mandato
942 3837 978 3918 et
993 3827 1172 3900 voluntate
1193 3839 1321 3902 nostra.
1343 3830 1492 3915 Quidam
1510 3831 1613 3902 etiam

200 3949 290 4020 alius
308 3949 541 4022 ministerialis
557 3949 713 4044 ejusdem
733 3949 851 4043 ducis,
873 3947 1047 4024 Alhardus
1063 3951 1220 4044 nomine,
1246 3953 1435 4049 predictam
1457 3953 1611 4027 advoca-

202 4073 283 4147 tiam
304 4074 459 4148 detinere
482 4075 671 4167 contendit,
688 4076 897 4171 pretendens
918 4097 1118 4150 concessum
1143 4077 1278 4150 comitis
1296 4078 1341 4150 de
1356 4079 1443 4151 Tirol
1459 4077 1612 4174 predicto

200 4199 439 4295 Ratisponensi
464 4199 626 4297 episcope
649 4201 833 4297 superstite
854 4199 922 4274 sibi
942 4202 1084 4274 lactum.
1104 4201 1259 4298 Cumque
1274 4201 1389 4276 dictus
1406 4203 1514 4277 abbas
1535 4203 1611 4300 pri-

201 4323 330 4419 vilegia
355 4347 420 4397 sua
444 4323 538 4399 curie
559 4333 676 4399 nostre
700 4326 913 4415 ostenderet,
934 4327 1064 4424 quibus
1080 4327 1202 4402 eadem
1226 4328 1368 4402 ecclesia
1393 4329 1558 4428 precipue
1576 4329 1612 4402 in

238 4630 275 4706 (l)
294 4629 433 4690 Conmdm
445 4631 491 4704 lv,
506 4631 616 4690 ultimus
630 4647 720 4690 eomes
733 4633 768 4690 de
783 4631 1018 4706 Frantenbausen,
1032 4632 1116 4692 buces
1128 4649 1199 4693 auno
1212 4639 1228 4692 9
1242 4634 1333 4711 aprilis
1345 4635 1457 4696 obierat
