4436 5870
2192 467 2194 544 ἶ

553 535 591 598 78
1052 538 1260 602 retonare!
1288 540 1463 603 securint
1773 541 1853 618 [Arra.
1872 539 1956 600 1220.
2192 599 2194 678 p

636 673 752 752 (tnedlt.
766 689 803 733 ex
820 669 950 734 Clmtrrt
966 673 1054 736 MSS.
1069 675 1100 737 S.
1120 675 1235 738 Smer.
1249 693 1300 755 ap.
1315 675 1453 739 sictut.
1469 693 1529 757 req.
1548 676 1660 750 Paria,
1675 682 1748 736 tom.
1763 675 1789 750 1,
1807 677 1839 736 ln
1850 673 1959 736 coudr-

670 781 801 840 mnttone
814 779 910 842 Caroli
924 781 977 853 IV,
991 797 1061 842 ann.
1080 789 1166 846 raet.
1178 815 1215 828 -
1225 781 1314 856 nid,
1328 789 1401 844 tom.
1416 783 1472 856 111,
1492 791 1543 862 55,
1560 785 1589 842 tn
1603 780 1824 846 murmannus
1837 781 1958 844 Honortt

672 887 762 947 terttl.
778 917 819 932 -
831 883 917 960 Ibid..
935 896 991 948 105
1009 905 1106 963 verso,
1121 891 1152 950 tn
1170 889 1392 952 confirmatione
1404 891 1522 952 tierrici
1535 888 1617 968 vlt.)

599 1071 802 1145 Fredericus
826 1073 885 1146 Dei
914 1073 1024 1168 gratia
1047 1073 1278 1148 Romanorum
1301 1077 1486 1172 imperator
1506 1085 1539 1148 et
1560 1097 1624 1148 rex
1639 1073 1766 1165 Sicilie,
1792 1071 1960 1146 universis

553 1207 745 1294 presentem
762 1195 924 1291 pagiuam
943 1197 1148 1293 inspecturis
1163 1200 1305 1295 gratiam
1324 1221 1422 1274 suem
1446 1210 1481 1274 et
1504 1222 1606 1273 omne
1629 1199 1771 1272 bonum.
1792 1197 1877 1270 Cum
1899 1217 1960 1270 nos

552 1323 731 1396 ecclesiam
755 1315 1015 1414 Trejeotensem,
1037 1324 1248 1418 prepositum
1271 1345 1411 1419 quoqne
1439 1333 1475 1398 et
1501 1323 1689 1420 capitulum
1715 1322 1871 1414 ejusdcm
1896 1321 1958 1394 luci

551 1447 744 1544 specialiter
765 1446 918 1541 quadam
937 1445 1129 1520 dilectionis
1150 1449 1364 1544 prerogativa
1388 1447 1586 1543 diligamus,
1608 1449 1698 1520 hanc
1715 1447 1860 1542 gratiam
1878 1445 1961 1542 ipsis

551 1575 697 1647 lecimus
714 1581 753 1643 nt
772 1571 919 1645 inomni
936 1572 1176 1665 jurisdictione
1201 1583 1236 1646 et
1254 1573 1411 1646 districtu
1430 1574 1575 1668 imperio
1588 1581 1622 1645 et
1636 1571 1737 1643 nobis
1752 1571 1958 1667 pertinente,

551 1698 750 1770 hominibus
763 1718 883 1769 eorum
899 1697 1062 1769 victualia
1078 1698 1238 1770 frumenti
1254 1708 1288 1771 et
1304 1699 1378 1770 viui
1401 1697 1634 1770 deterentibus
1648 1695 1694 1769 ad
1713 1717 1802 1791 opus
1821 1695 1961 1767 ecclesie

554 1822 768 1917 supradicte,
788 1822 1001 1915 ubicumque
1017 1843 1158 1895 necesse
1176 1823 1226 1894 ire
1245 1823 1448 1914 habuerint,
1469 1831 1539 1894 tam
1562 1843 1624 1916 per
1649 1829 1755 1893 terras
1780 1841 1885 1915 quam
1903 1839 1962 1914 per

554 1970 683 2042 aquas,
705 1949 838 2018 nullum
860 1946 1030 2019 teloneum
1046 1948 1102 2019 uel
1122 1949 1318 2044 passagium
1333 1947 1378 2021 ab
1393 1947 1478 2044 ipsis
1494 1947 1688 2043 requiratur
1704 1945 1762 2018 vel
1785 1945 1962 2018 occasione

554 2071 680 2145 telonei
703 2072 819 2165 aliqua
841 2071 877 2143 in
902 2091 962 2144 eos
979 2071 1114 2145 exactio
1135 2071 1206 2146 liat.
1227 2073 1415 2146 Statuimus
1434 2072 1540 2167 igitur
1558 2081 1594 2145 ct
1618 2069 1786 2167 imperiali
1815 2069 1962 2144 auctori·

556 2203 624 2269 tate
640 2194 851 2292 precipimus
873 2195 1023 2269 utnulla
1043 2217 1189 2292 persona
1207 2198 1297 2271 hanc
1315 2208 1466 2272 nostram
1484 2198 1628 2292 gratiam
1652 2195 1737 2291 ipsis
1761 2195 1886 2268 factam
1909 2194 1962 2264 in-

553 2320 702 2414 tringere
720 2327 894 2414 presumat
909 2319 1025 2413 aliqua
1044 2319 1244 2394 temeritate.
1262 2321 1365 2406 Quod
1385 2321 1446 2415 qui
1462 2321 1581 2394 lecerit
1596 2322 1683 2394 iram
1704 2319 1831 2392 summi
1848 2318 1909 2390 Dei
1930 2327 1964 2389 et
2068 2385 2072 2394 .

552 2455 668 2519 nostre
690 2446 878 2539 majestatis
899 2445 1062 2517 offensam
1087 2466 1126 2517 se
1147 2447 1283 2518 noverit
1306 2447 1540 2519 incursurum.
1569 2444 1626 2518 Ad
1644 2445 1751 2537 hujus
1773 2453 1888 2516 autem
1914 2441 1963 2515 rei

553 2569 795 2644 certitudinem
820 2570 911 2641 hauc
933 2571 1094 2665 paginam
1117 2571 1246 2645 exinde
1271 2571 1499 2666 conscriptam
1522 2569 1636 2665 sigillo
1660 2578 1777 2642 nostro
1798 2567 1965 2662 jussimus

553 2695 725 2788 insigniri.

600 2821 727 2891 Datum
758 2818 795 2890 in
824 2819 943 2890 castris
966 2818 1059 2915 apud
1087 2819 1321 2892 Florentinum
1348 2818 1416 2915 (l),
1443 2840 1535 2893 anno
1558 2815 1803 2890 incarnationis
1832 2814 1964 2887 Domini

554 2943 734 3015 millesimo
755 2942 991 3016 ducentesimo
1007 2943 1189 3038 vigesimo,
1208 2943 1329 3037 quinto
1352 2942 1432 3017 idus
1455 2942 1666 3041 decembris,
1690 2941 1879 3014 indictione
1899 2961 1965 3012 oc-

556 3077 635 3139 taua
653 3067 667 3159 (
688 3065 714 3161 ).

358 3679 539 3784 diffidi?
610 3659 840 3764 FridericuS,
865 3659 1124 3742 Romanorum
1141 3657 1361 3764 imperator,
1378 3652 1578 3758 ecclesiae,
1597 3648 1813 3760 praeposito
1831 3657 1869 3730 et
1893 3672 1967 3730 ce-

372 3785 526 3830 ⁹⁶“‘¹”⁵'¹'·
556 3795 678 3906 pitulo
705 3791 873 3902 Aquensi
895 3791 1066 3874 concedit
1088 3799 1131 3871 ut
1153 3789 1192 3869 in
1215 3787 1319 3870 omni
1342 3786 1515 3868 districtu
1542 3783 1691 3893 imperii
1713 3781 1889 3866 homines
1911 3780 1970 3889 ip-

558 3929 637 4012 sius
654 3926 833 4011 ecclesiae
844 3923 1022 4008 victualia
1038 3921 1218 4005 frumenti
1238 3930 1276 4003 et
1299 3921 1378 4003 uini
1401 3920 1450 4002 ed
1473 3945 1572 4028 opus
1596 3917 1776 4001 ecclesiae
1798 3925 1880 4000 tam
1902 3937 1969 4024 per

556 4074 676 4145 terras
698 4085 816 4170 quam
842 4083 909 4168 per
934 4082 1055 4166 eques
1072 4053 1243 4138 deferant
1268 4053 1349 4136 sine
1371 4051 1563 4159 theloneo,
1578 4051 1757 4162 passagio
1776 4058 1844 4134 aut
1861 4071 1970 4131 exac-

558 4196 660 4278 tione
674 4193 817 4302 alique.

601 4386 641 4465 (a)
659 4387 745 4448 Nara
763 4391 875 4460 autem,
888 4387 921 4446 tn
935 4383 1155 4445 confirmatione
1168 4385 1288 4446 Hendet
1300 4385 1369 4448 vn.

598 4669 636 4743 (t)
654 4667 761 4726 Scilicet
773 4669 924 4740 Ferentino,
938 4665 1086 4741 Amgniam
1098 4665 1168 4724 inter
1178 4674 1207 4726 et
1216 4667 1339 4726 Verulae.
