4368 5876
252 551 352 614 lrrmcr.
367 549 411 636 9.]
706 551 901 613 HISTORIA
928 548 1221 612 Dtrholtarlca
1613 545 1671 607 125

253 687 428 760 affectum.
451 684 608 760 locunde
628 686 720 760 fame
737 685 881 762 lelicites
903 696 938 760 et
954 685 1062 759 lelicis
1077 682 1226 758 rumoris
1239 681 1435 777 jocunditas
1454 703 1525 776 que
1545 681 1670 756 dilecto

252 809 348 884 fldeli
374 820 492 884 nostro
518 865 527 884 .
559 865 569 882 .
601 865 610 882 .
632 812 764 905 Regino
786 813 949 909 episcopo
973 812 1141 884 relerente
1162 806 1288 882 nostris
1313 807 1457 880 auribus
1481 816 1672 880 sonuerunt

255 936 424 1010 immense
438 938 672 1033 prosperitatis
684 938 814 1031 gaudio
832 939 986 1012 leoemnt
1001 957 1064 1009 nos
1082 936 1276 1010 secundum
1292 943 1478 1028 utrumqne
1496 931 1669 1004 hominem

252 1061 290 1133 in
307 1063 455 1134 Domino
470 1061 675 1158 prosperari.
694 1063 823 1136 Retulit
837 1085 989 1158 namque
1005 1062 1107 1136 nobis
1120 1060 1352 1134 venerabilem
1367 1068 1500 1156 patrem
1514 1067 1669 1132 nostrum

252 1185 626 1258 llonorinmsummom
640 1187 839 1283 pontificem
856 1209 919 1260 vos
930 1186 1136 1283 promotioni
1150 1185 1279 1280 negotii
1293 1183 1406 1257 crucis
1414 1183 1550 1274 Christi,
1562 1184 1668 1256 immo

253 1310 358 1381 totius
385 1310 504 1404 populi
521 1308 724 1400 Christiani,
745 1311 903 1384 consulto
919 1309 1063 1382 consilio
1085 1307 1287 1403 deputasse,
1306 1305 1405 1379 vobis
1427 1328 1487 1400 per
1507 1306 1668 1380 lombar·

252 1431 348 1506 diam
362 1443 398 1506 et
415 1435 572 1507 Tusciam
589 1455 753 1507 concesso
772 1437 874 1532 plene
895 1434 1076 1530 legationis
1092 1433 1206 1506 officio
1223 1441 1362 1528 propter
1379 1431 1461 1523 hoc,
1479 1431 1568 1505 sicut
1585 1455 1671 1529 spe-

252 1578 389 1648 ramus,
411 1557 554 1632 feliciter
571 1559 848 1654 promovcndum
860 1558 928 1656 (l).
953 1558 1109 1633 Gaudeat
1125 1558 1231 1652 igitur
1248 1557 1402 1630 Romana
1422 1557 1564 1630 ecclesia
1585 1558 1669 1654 quia

254 1682 433 1776 negotium
446 1684 565 1756 moltis
582 1684 754 1757 initiatum
771 1685 947 1758 laboribus
959 1693 1115 1780 optatum
1129 1682 1234 1755 linem
1249 1681 1486 1755 indubitanter
1497 1692 1666 1766 assumet;

253 1806 470 1902 gaudeamus
494 1818 529 1880 et
549 1830 612 1882 nos
632 1811 716 1904 quia
735 1811 790 1883 vir
809 1813 901 1884 lama
919 1811 1069 1905 integer,
1086 1807 1253 1902 religione
1267 1807 1490 1904 perspicuus,
1511 1808 1584 1882 vita
1602 1831 1668 1905 pu·

254 1954 332 2022 rus,
359 1932 522 2005 lacundia
545 1935 847 2028 eloquentissimus
868 1945 904 2007 et
928 1935 1029 2008 claris
1052 1934 1220 2006 virtutum
1243 1940 1278 2004 et
1299 1931 1442 2004 scientie
1461 1933 1569 2006 titulis
1592 1935 1667 2006 oir-

254 2065 474 2154 cumspectua
498 2057 544 2130 ad
573 2059 800 2134 animandum
825 2081 885 2132 eoa
910 2059 946 2131 in
972 2080 1061 2155 quos
1083 2058 1366 2155 exprobrantium
1393 2081 1518 2131 nomen
1545 2059 1667 2133 Christi

254 2183 439 2278 opprobria
465 2183 665 2256 ceciderunt
685 2193 755 2258 tam
777 2184 905 2258 utiliter
919 2205 1025 2278 quam
1047 2183 1231 2256 efficaciter
1251 2183 1459 2277 destinatur,
1482 2196 1521 2256 ut
1536 2187 1669 2260 secula·

254 2306 352 2380 ribus
379 2305 560 2382 desideriis
585 2309 764 2404 abnegatis
791 2309 958 2383 vexillum
985 2308 1159 2382 salutifere
1186 2307 1298 2382 crucis
1326 2319 1522 2399 assumant,
1552 2311 1667 2406 ipsum

254 2441 325 2505 toto
343 2433 469 2506 mentis
484 2433 658 2508 desiderio
678 2435 904 2529 requirentes.
925 2431 1085 2506 Gaudere
1102 2432 1205 2506 debet
1224 2443 1259 2506 et
1276 2441 1367 2506 totns
1382 2435 1532 2530 populns
1554 2435 1669 2511 Chris·

254 2557 371 2630 danus
385 2559 468 2652 qnia
480 2568 569 2631 terra
581 2579 686 2653 qnam
702 2559 874 2650 Christus,
890 2567 1005 2632 nostra
1024 2558 1135 2646 salua,
1154 2557 1292 2654 proprio
1304 2558 1475 2653 sanguine
1490 2556 1669 2634 dedicavit

254 2703 276 2756 a
297 2683 402 2773 longo
420 2691 574 2780 tempore
596 2683 777 2757 horrendis
790 2683 1029 2777 Agerenorum
1049 2683 1224 2779 spurcitiis
1243 2704 1312 2759 nou
1335 2705 1398 2756 sua
1415 2686 1584 2780 potentia,
1605 2687 1667 2760 sed

254 2807 379 2880 nostris
399 2809 549 2902 peccatis
566 2809 789 2904 exigentibus
810 2810 1029 2896 conculcata,
1049 2808 1135 2905 ipsis
1152 2810 1199 2881 ab
1218 2807 1411 2882 hereditate
1430 2810 1566 2882 Domini
1589 2812 1668 2886 bra-

255 2931 334 3004 chio
354 2932 494 3005 virtutis
509 2933 630 3007 divine
647 2934 797 3028 rejectis,
817 2934 864 3010 ad
883 2956 1006 3008 verum
1023 2943 1059 3008 et
1077 2933 1287 3008 ineffabilem
1305 2933 1429 3008 Christi
1451 2937 1582 3008 cultum
1606 2961 1668 3034 per

253 3067 408 3131 vestrum
422 3058 650 3131 ministerium
668 3060 865 3132 reducetur.
884 3059 927 3132 llt
941 3059 1083 3153 quidem
1100 3059 1180 3132 licet
1195 3081 1237 3132 ea
1254 3059 1364 3132 simne
1385 3059 1570 3134 devotione
1586 3064 1667 3136 aab·

248 3182 331 3274 jecti
345 3183 469 3254 Sancte
481 3182 633 3256 Romano
650 3184 795 3256 ecclesie
813 3183 912 3255 matri
927 3194 1041 3256 nostre
1059 3194 1099 3255 ut
1115 3184 1299 3257 credamus
1315 3185 1505 3279 quemlibet
1521 3189 1666 3262 missam

253 3306 298 3380 dc
320 3307 426 3380 latere
445 3308 573 3380 summi
596 3308 769 3402 pontilicis
794 3311 900 3405 patris
923 3309 1032 3382 nostri
1055 3309 1169 3382 lacere
1190 3308 1337 3403 dignum
1362 3311 1530 3402 lructnm,
1552 3325 1666 3388 tamen

250 3432 340 3505 deut
353 3433 451 3506 stelle
467 3432 502 3504 in
524 3430 738 3507 firmamento
759 3455 782 3506 a
803 3433 1010 3508 seinvicem
1031 3433 1248 3507 differentius
1264 3435 1382 3507 lumen
1400 3435 1528 3510 habent
1545 3448 1581 3510 et
1599 3442 1666 3512 alia

248 3557 373 3653 magis,
387 3556 456 3630 alia
472 3557 587 3630 minus
598 3558 702 3649 lucet,
716 3558 767 3631 sic
781 3560 878 3632 salve
891 3560 1085 3634 reverentia
1098 3559 1243 3632 aliorum
1254 3557 1387 3632 firmam
1403 3582 1499 3655 spem
1514 3563 1667 3657 gerimus

247 3695 282 3757 et
303 3681 552 3767 indubitatam,
575 3682 680 3756 dante
694 3684 855 3774 Domino,
874 3683 1037 3758 fiduciam
1054 3685 1250 3758 obtinemus
1264 3685 1359 3778 qnod
1378 3708 1439 3780 pro
1458 3689 1591 3760 cunctis
1604 3691 1665 3784 qui

245 3807 328 3880 huic
345 3817 462 3880 essent
481 3807 672 3882 ministerio
692 3808 848 3905 deputati
866 3819 1020 3882 vestrum
1040 3812 1189 3884 verbum
1210 3809 1292 3904 igne
1309 3811 1461 3884 caritatis
1481 3835 1664 3888 accensum

245 3941 381 4027 gratum
399 3934 548 4006 tractum
565 3934 685 4008 offeret
703 3934 835 4008 nomini
855 3943 974 4008 sancto
990 3935 1054 4007 Dei
1074 3943 1109 4008 et
1126 3935 1186 4007 toti
1206 3935 1333 4031 popolo
1347 3934 1471 4008 Christi
1492 3947 1664 4014 caractere

245 4056 423 4152 insignito.
443 4058 530 4130 Nam
554 4081 601 4132 ex
615 4059 792 4133 retroactis
806 4059 1019 4132 infallibilem
1037 4059 1083 4133 de
1099 4059 1225 4132 laturis
1242 4060 1399 4134 elicimus
1415 4063 1660 4153 conjecturam.

245 4179 289 4252 Ut
311 4181 418 4275 igitur
436 4181 609 4256 efficacius
631 4195 666 4256 et
683 4183 882 4280 expeditius
905 4183 1042 4280 possitis
1056 4184 1123 4257 boc
1143 4193 1214 4256 tam
1232 4183 1330 4278 pium
1347 4191 1383 4256 et
1397 4185 1535 4259 salubre
1552 4209 1664 4283 nego-

244 4305 333 4378 tium
352 4327 574 4402 promorere,
593 4309 696 4382 vobis
718 4309 906 4406 imperialis
926 4308 1142 4384 celsitudinis
1160 4307 1396 4393 anctoritatem
1420 4309 1557 4405 plenam
1580 4335 1662 4390 oon·

280 4597 316 4673 lt)
336 4597 456 4674 llpistola
467 4607 557 4658 autern
568 4601 677 4660 llonorii
691 4617 778 4676 papae
789 4617 845 4659 non
858 4607 920 4659 ante
934 4601 1203 4675 quartumdecimum
1215 4601 1286 4660 diem
1300 4603 1387 4658 martii
1400 4605 1566 4680 promulgata
1580 4607 1663 4669 luisse

241 4695 359 4756 ridetur.
376 4697 417 4756 Cl.
431 4697 501 4758 inira
515 4715 545 4776 p.
557 4703 619 4760 lli.
