4298 5898
210 557 307 618 lentur.
327 555 386 640 la]
656 553 856 617 HISTORIA
880 551 1178 615 ulenouerlcn.
1568 555 1629 620 407

209 700 316 790 petuo
334 691 571 786 dignaremur.
601 690 730 764 Verum
753 712 834 763 cum
857 691 916 787 pie
941 699 1056 764 nostre
1082 689 1208 764 mentis
1226 689 1370 764 intentio
1394 711 1499 788 opera
1528 694 1629 768 nobis

209 815 355 890 suadeat
372 815 507 913 pietatis
525 817 590 906 [et]
607 814 655 889 ad
671 815 709 888 id
723 816 887 912 precipue
902 837 1038 888 summa
1049 814 1122 888 voti
1136 815 1243 888 nostri
1258 836 1296 889 se
1311 815 1464 912 porrigat
1479 826 1518 889 ut
1530 819 1628 892 retri-

210 943 361 1016 buamus
373 939 507 1036 aliquid
521 940 667 1014 Domino
682 962 745 1037 pro
756 941 919 1014 omnibus
929 941 985 1013 bis
998 962 1068 1035 que
1083 940 1157 1037 ipse
1170 940 1330 1013 retribuit
1343 940 1456 1032 nobis,
1474 962 1538 1016 nos
1550 964 1629 1016 con·

208 1066 401 1141 siderantes
422 1073 576 1138 sanctam
600 1065 823 1160 religionem,
847 1065 957 1140 vitam
976 1065 1187 1138 laudabilem
1208 1074 1243 1138 et
1260 1065 1474 1140 honestatem
1496 1067 1628 1142 domini

209 1191 347 1266 obbatis
360 1201 394 1266 et
408 1199 601 1265 conventus
615 1192 814 1266 monasterii
829 1191 1007 1286 antedicti,
1024 1213 1087 1288 pro
1100 1191 1292 1264 reverentia
1310 1192 1439 1286 Regina
1453 1193 1629 1288 virginum

209 1316 257 1391 ad
279 1317 379 1408 cujus
402 1315 568 1390 honorem
591 1326 627 1390 et
648 1317 788 1392 laudem
814 1317 911 1392 idem
938 1317 1186 1392 monasterium
1209 1325 1263 1390 est
1286 1325 1540 1406 constructum,
1566 1341 1631 1415 pro

208 1441 322 1514 salute
346 1450 463 1515 nostra
486 1451 522 1514 et
537 1441 692 1516 remedio
715 1443 907 1516 animarum
927 1442 1078 1515 lelicium
1100 1449 1327 1536 augustorum
1345 1451 1528 1538 parentum
1548 1465 1630 1516 nos·

209 1576 342 1640 trorum
359 1567 525 1640 memorie
540 1566 738 1652 recolende,
758 1568 953 1664 predictum
974 1567 1148 1659 abbatem,
1169 1567 1373 1660 monachos,
1392 1589 1578 1642 conversos
1595 1577 1631 1644 et

209 1709 425 1765 successores
440 1711 561 1764 eorum
581 1691 765 1788 ipsumque
784 1694 1051 1782 monesterium,
1069 1691 1245 1782 ecclesias,
1268 1691 1484 1767 obedientias
1501 1702 1536 1766 et
1555 1693 1630 1768 loca

208 1817 243 1890 ei
265 1816 423 1908 subdita,
448 1826 600 1890 castrum
624 1817 832 1892 Mercuriani
856 1828 892 1893 et
918 1818 1045 1892 casalia
1071 1840 1151 1890 cum
1181 1818 1344 1891 omnibus
1366 1818 1568 1892 bominibus
1595 1829 1630 1893 et

208 1940 371 2032 vaxallis,
390 1941 680 2038 possessionibus,
703 1942 911 2034 tenimentis,
928 1940 1136 2036 redditibus,
1158 1942 1383 2034 molendinis,
1403 1943 1562 2038 juribus,
1583 1945 1629 2017 li·

209 2064 399 2138 bertatibus
422 2075 457 2139 et
485 2067 699 2163 pertinentiis
726 2066 927 2141 eorumdem
953 2068 1021 2141 sub
1048 2067 1190 2164 speciali
1214 2077 1330 2143 nostra
1356 2059 1568 2162 protectione
1595 2078 1629 2143 et

208 2188 409 2263 defensione
437 2191 661 2286 recipientes,
686 2191 853 2265 restitutis
874 2190 990 2265 eidem
1019 2192 1136 2264 abbati
1163 2200 1197 2264 et
1224 2192 1411 2266 conventui
1435 2193 1628 2288 privilegiis

207 2313 435 2410 supradietis,
458 2314 681 2390 concedimus
703 2325 738 2390 et
759 2325 926 2413 perpetuo
947 2315 1190 2390 confirmamus
1211 2337 1432 2411 quecumque
1455 2317 1490 2388 in
1513 2319 1628 2414 privi-

208 2437 307 2532 legiis
323 2438 391 2510 illis
408 2440 533 2512 nostris
544 2461 585 2515 ac
596 2441 813 2538 imperatoris
828 2450 864 2515 ct
877 2441 1106 2537 imperatricis
1118 2451 1301 2538 parentum
1316 2449 1510 2515 nostrornm
1525 2465 1626 2539 aper·

207 2561 278 2636 tius
297 2564 528 2658 continentur,
545 2587 615 2660 qne
630 2565 784 2640 vidimus
799 2574 833 2641 et
851 2574 1003 2640 tenorem
1020 2566 1173 2662 ipsomm
1190 2566 1410 2662 inspeximus
1424 2566 1619 2659 diligenter,

207 2689 295 2762 nulli
322 2691 467 2763 ulterius
489 2690 683 2764 necessario
705 2689 921 2765 ostendenda
942 2699 977 2764 et
1000 2691 1154 2787 ipsorum
1180 2690 1399 2787 inspiciendo
1421 2700 1456 2764 et
1477 2692 1624 2788 legendo

206 2823 342 2904 tenore,
366 2817 448 2911 quia
471 2814 627 2889 vidimus
648 2824 684 2889 et
700 2815 868 2890 scivimus
892 2837 933 2889 ea
956 2817 1052 2890 nullo
1070 2816 1188 2911 aliquo
1208 2816 1294 2890 vitio
1315 2826 1351 2890 et
1369 2817 1624 2914 vituperatione

206 2940 375 3013 conlecta.
401 2939 629 3014 Concedimus
652 2941 757 3040 etiam
779 2949 814 3015 et
839 2939 1082 3016 confirmamus
1105 2940 1220 3016 eidem
1246 2943 1453 3016 monasterio
1476 2965 1622 3019 concor-

206 3059 302 3136 diam
332 3063 559 3138 communiter
586 3065 712 3138 lactem
740 3065 831 3138 inter
861 3065 978 3163 ipsum
1007 3066 1254 3140 monasterium
1278 3074 1313 3139 et
1337 3066 1523 3141 llobertnm
1548 3070 1623 3144 bla-

207 3185 337 3258 lerbam
371 3187 551 3261 dominum
578 3189 778 3262 Submontis
807 3188 852 3263 de
879 3191 1060 3286 questione
1086 3189 1317 3286 quorumdam
1345 3190 1564 3266 servitiorum
1588 3206 1623 3268 et

205 3308 406 3384 reddituum
424 3333 530 3408 quam
555 3311 650 3388 idem
673 3313 843 3388 llobertus
871 3325 1027 3389 moverat
1050 3325 1167 3389 contra
1185 3316 1300 3412 ipsum
1322 3317 1566 3390 monesterium
1589 3331 1624 3392 et

205 3433 364 3510 bomines
386 3437 511 3510 casalis
533 3439 691 3531 ejusdem
718 3441 915 3514 monasterii
938 3441 1033 3536 quod
1062 3441 1190 3514 dicitnr
1209 3441 1405 3516 Fontanelle
1428 3463 1543 3516 coram
1565 3445 1623 3518 Ja-

205 3559 294 3633 cobo
306 3562 487 3636 Francisco
496 3563 683 3657 justitiario
698 3572 734 3637 et
749 3562 851 3638 lidele
866 3575 994 3658 nostro,
1010 3574 1112 3662 pmut
1124 3565 1234 3662 ipsius
1248 3563 1432 3641 concordie
1443 3567 1622 3663 publicum

205 3686 355 3759 eontinet
377 3685 655 3761 instrumentum.
676 3687 890 3784 Precipimus
905 3689 1010 3762 etiam
1035 3689 1177 3764 firmiter
1201 3690 1369 3787 imperiali
1392 3691 1561 3786 dignitate
1584 3704 1624 3766 ut

205 3808 252 3883 de
273 3812 549 3906 possessionibus
566 3812 765 3889 feudalibus
781 3835 845 3889 seu
865 3814 1117 3909 burgensaticis
1136 3837 1226 3910 quas
1243 3816 1359 3912 ipsum
1377 3819 1622 3892 monasterium

204 3934 309 4009 babet
331 3945 365 4010 et
388 3937 544 4033 possidet
570 3933 669 4013 titulo
696 3940 947 4032 concessionis,
973 3939 1184 4034 donationis,
1207 3940 1412 4036 emptionis,
1437 3954 1622 4038 permuta-

204 4059 321 4146 tionis,
340 4061 525 4138 oblationis
538 4085 600 4138 seu
616 4065 797 4161 legationis
823 4065 880 4138 vel
897 4086 1118 4160 quocmque
1143 4065 1211 4139 alio
1228 4066 1324 4159 justo
1344 4066 1442 4139 titulo
1459 4067 1505 4140 ab
1522 4066 1620 4140 obitu

202 4187 295 4280 regis
311 4185 473 4261 Gulielmi
490 4188 636 4263 secundi
653 4189 907 4286 predecessoris
926 4188 1033 4262 nestri
1054 4199 1090 4264 et
1103 4198 1199 4283 ante,
1216 4190 1430 4284 temporibus
1447 4213 1569 4286 regum
1586 4201 1622 4264 et

204 4311 450 4406 imperatorum
485 4313 646 4388 divorum
676 4323 904 4410 augustorum
938 4323 1195 4389 antecessorum
1226 4323 1419 4388 nostrorum
1455 4316 1621 4389 memorie

203 4436 389 4510 recolende
412 4461 524 4534 nsque
543 4462 654 4532 nunc,
679 4439 776 4512 nulla
798 4461 946 4536 persona
966 4441 1035 4515 alta
1054 4441 1110 4514 vel
1133 4438 1275 4513 humilis
1292 4439 1473 4514 occasione
1492 4442 1620 4514 consti-

203 4559 346 4633 lullonis
373 4572 489 4636 nostre
511 4563 548 4635 in
577 4563 671 4636 curia
698 4563 815 4658 Capua
838 4565 1055 4660 promulgate
1078 4563 1123 4638 de
1147 4562 1261 4637 leudis
1286 4565 1495 4660 integraliter
1517 4587 1620 4640 revo-

202 4684 327 4758 candis
339 4694 374 4758 et
387 4685 483 4781 quod
497 4687 589 4761 bona
606 4687 744 4761 stabilia
762 4708 824 4783 per
840 4688 977 4782 aliquos
993 4688 1146 4762 ecclesiis
1165 4698 1201 4763 et
1217 4687 1387 4785 religiosis
1406 4690 1488 4764 locis
1505 4691 1621 4765 obbta
