4436 5870
528 535 568 596 ³2
1027 536 1236 598 lelulllllcl
1263 537 1439 601 sucuro!
1752 539 1832 618 [unu.
1851 539 1937 600 122⁰.

528 695 633 767 quem
660 672 771 768 ipsius
801 671 961 746 eiviletis.
992 673 1182 746 Slaluimus
1205 674 1324 768 iluque
1345 683 1381 748 el
1404 673 1574 770 imperiali
1596 671 1741 748 drmiler
1765 674 1940 748 sancimus

528 796 644 870 edicto
656 804 696 868 ut
710 797 803 868 nulle
821 817 975 890 unquam
989 817 1153 891 persone,
1170 797 1311 872 humilis
1332 799 1390 872 uel
1410 799 1502 887 ullu,
1526 797 1757 872 eoelesineliee
1770 800 1827 872 vel
1841 821 1939 872 seeu-

528 921 610 994 lnris
634 941 718 992 nuso
739 918 784 990 eit
807 929 925 992 eontra
950 921 1041 993 hune
1064 921 1251 1014 mejestatis
1273 931 1388 996 nostre
1411 921 1654 1008 donationem,
1683 922 1937 997 comessionem

530 1053 635 1140 alque
657 1041 948 1117 confirmationem
970 1045 1089 1118 venire
1110 1046 1167 1119 vel
1191 1047 1380 1142 predictam
1407 1045 1667 1120 universitatem
1690 1047 1937 1120 Bononiensem

530 1169 566 1242 in
584 1167 710 1241 tenutis
723 1168 797 1241 suis
813 1167 1031 1263 aliquetenus
1049 1170 1248 1261 molestare,
1265 1171 1361 1266 quod
1379 1171 1504 1265 siquis
1520 1193 1608 1244 ausu
1625 1171 1805 1245 temerario
1829 1173 1940 1246 faeere

529 1293 791 1389 presumpserit,
809 1293 844 1364 in
864 1293 1054 1367 vindictum
1068 1314 1132 1367 sne
1145 1295 1428 1386 transgressionis
1441 1295 1518 1369 uuri
1532 1295 1720 1368 examinati
1735 1295 1842 1368 libres
1858 1317 1939 1368 eeu·

530 1426 604 1490 lum
627 1427 824 1513 componet,
848 1417 1032 1492 dimidium
1052 1439 1188 1492 numere
1205 1428 1337 1511 nostre,
1357 1420 1529 1514 reliquum
1552 1420 1665 1515 possis
1681 1419 1857 1512 injurium.
1885 1419 1938 1492 nd

529 1545 629 1637 eujus
644 1542 694 1615 rei
708 1543 745 1614 in
761 1551 936 1638 posterum
949 1542 1160 1617 evidentium
1178 1565 1320 1638 presens
1331 1542 1461 1617 exinde
1472 1543 1693 1639 privilegium
1706 1543 1936 1640 noneoriplum

529 1667 633 1760 sigilli
650 1667 757 1739 nostri
775 1666 1000 1762 impressione
1014 1667 1181 1760 jussimus
1199 1667 1420 1741 communiri.

578 1790 688 1882 Hujus
704 1791 754 1862 rei
773 1799 875 1863 leslee
894 1801 976 1864 sunl
988 1792 1193 1865 Berlholdus
1211 1790 1443 1886 Aquilejensie
1456 1791 1662 1888 puhiurehn,
1686 1791 1822 1864 Ulrious
1841 1793 1938 1864 Pulu-

530 1912 661 1986 viensis
695 1913 899 2009 episeopus,
929 1914 1085 1989 Silredus
1106 1890 1336 2010 Auguslensis
1362 1914 1566 2010 episeopus,
1592 1913 1799 1987 Berthnldns
1826 1915 1938 1988 Brixi-

530 2037 647 2110 neneis
669 2037 872 2134 spiscopus,
892 2037 1053 2111 Alhertue
1074 2038 1294 2112 Tridentinus
1311 2041 1459 2126 electus,
1474 2039 1674 2114 Ludovicus
1688 2037 1765 2112 dux
1782 2040 1939 2114 Baweris

530 2171 566 2235 et
585 2161 758 2257 palatinus
780 2182 893 2236 eomes
910 2161 1039 2253 Rheni,
1064 2163 1268 2236 wilhelmus
1291 2163 1533 2238 lloulislensli
1558 2163 1733 2256 wchlo,
1757 2163 1939 2238 Aznolinus

530 2287 682 2360 murchin
697 2287 861 2378 Eslensis,
879 2287 997 2380 wido,
1015 2287 1200 2381 Tigrimus,
1219 2287 1386 2380 hogerius
1406 2296 1442 2360 el
1456 2287 1642 2382 Aginullus
1663 2289 1783 2364 hulres
1799 2289 1937 2384 paletini

529 2411 671 2484 oomiles
685 2410 823 2503 Tuscie,
839 2410 1051 2486 wernherus
1065 2411 1212 2507 dapifer,
1232 2411 1415 2485 Ansslmus
1431 2413 1677 2504 muresculeus,
1692 2422 1728 2486 el
1743 2413 1802 2486 ulii
1816 2425 1937 2507 quum·

530 2537 658 2633 plures.

576 2663 651 2757 Ego
668 2660 847 2734 Coursdus
864 2661 1026 2735 hleleusis
1039 2669 1074 2734 et
1086 2659 1257 2756 Spirensis
1278 2658 1474 2756 episeopus,
1498 2659 1686 2757 imperiulie
1706 2662 1787 2734 sule
1804 2662 1938 2736 cuneol-

529 2785 648 2874 lariue,
670 2784 898 2858 vicedomini
923 2783 1120 2880 llngelbesli
1143 2782 1353 2858 coloniensis
1375 2783 1622 2882 arehiepisoopi
1648 2795 1683 2860 el
1708 2787 1814 2860 lolius
1841 2785 1937 2860 llelie

532 2907 855 3005 [urchi]eeneellurii
869 2909 1066 3002 recognovi.

579 3031 663 3104 heta
678 3039 760 3104 sunt
774 3030 838 3103 hee
856 3052 948 3105 enno
964 3030 1136 3105 dominioe
1148 3031 1393 3107 incarnationis
1404 3031 1586 3106 millesimo
1598 3032 1660 3106 CC.
1675 3032 1753 3122 XX,
1771 3041 1937 3126 regunule

531 3156 757 3230 invictissimo
774 3155 914 3229 domino
931 3165 1047 3228 nostro
1063 3155 1243 3230 Frederieo
1265 3155 1419 3232 seeundo
1431 3155 1662 3230 Romanorum
1682 3157 1887 3254 imperatore
1903 3164 1939 3228 el

531 3303 611 3376 rege
627 3280 754 3372 Sicilie,
773 3300 865 3352 enno
882 3279 1018 3375 imperii
1029 3281 1105 3373 ejus
1122 3280 1246 3375 primo.

577 3406 703 3478 Datum
718 3403 754 3476 in
774 3403 979 3476 Montemelo
997 3424 1106 3498 prope
1118 3403 1244 3476 Urbem
1260 3425 1323 3499 per
1339 3425 1481 3479 menum
1494 3404 1632 3478 llenrioi
1646 3401 1696 3499 (a)
1716 3404 1937 3500 protonolnrii

531 3529 719 3627 imperialis
730 3530 822 3617 aule,
841 3528 931 3618 [Vll]
947 3525 1114 3601 kalendae
1129 3526 1322 3602 deoembrie
1334 3527 1366 3624 (l
1375 3529 1404 3622 ).

573 3732 614 3811 (a)
633 3733 668 3793 In
681 3733 821 3810 impresso
836 3728 978 3808 donrndl,
994 3733 1082 3796 mule.

566 4079 602 4152 ll)
619 4078 687 4135 Cum
697 4075 794 4135 Sonioli
807 4077 877 4134 deul
894 4077 921 4134 in
939 4075 1110 4152 praecedenli
1130 4076 1292 4134 nouoonem
1306 4075 1409 4134 mensis
1422 4074 1460 4133 ils
1477 4073 1603 4133 exhibeat
1619 4090 1627 4130 τ
1641 4073 1709 4131 Kal.
1727 4071 1880 4146 deoemhrs'e,
1892 4089 1940 4130 nu·

530 4191 633 4232 merum
647 4175 824 4249 supplendum
837 4175 962 4232 duximus
974 4189 1056 4248 quom
1067 4171 1204 4246 Ughellius
1215 4172 1338 4242 udmisit,
1352 4171 1511 4246 prseserlim
1524 4187 1586 4228 eum
1601 4171 1746 4246 imperator
1760 4169 1789 4228 in
1802 4167 1940 4244 privilegio

532 4288 581 4345 pro
592 4271 705 4330 enclesis
714 4271 873 4330 Bononiensi
890 4271 935 4330 his
948 4277 1039 4328 ulslur
1053 4269 1143 4328 verbis
1158 4286 1165 4324 :
1178 4285 1233 4326 non
1245 4266 1367 4326 melanto
1377 4267 1525 4343 privilepe'o
1541 4285 1559 4325 o
1572 4266 1651 4324 nohis
1662 4268 1801 4324 sommi
1819 4266 1940 4324 mmo

533 4385 664 4439 monerem
677 4369 749 4426 uude
760 4369 845 4442 liquet
855 4369 927 4426 istud
939 4369 1034 4427 eodem
1045 4368 1090 4426 die
1101 4383 1155 4442 quo
1166 4367 1331 4442 praeoedere
1343 4366 1386 4424 vel
1403 4367 1484 4424 olium
1497 4366 1583 4440 pridie
1593 4371 1640 4422 sul
1653 4371 1731 4423 euleu
1744 4363 1828 4421 luisse
1836 4363 1937 4420 dutum.
