4436 5870
485 557 527 620 ee
995 564 1208 628 rarusrrcr
1233 565 1408 628 secerni
1716 562 1795 648 [un.
1813 563 1898 626 rma.

487 691 611 784 lixela,
629 701 754 770 terram
770 718 911 793 quoquc
927 721 1033 795 quam
1054 700 1185 775 habent
1201 701 1237 772 in
1255 701 1346 775 valle
1360 700 1522 774 Palteune
1538 708 1574 772 et
1588 700 1624 771 in
1640 695 1898 786 monteaureo,

486 824 612 889 terram
629 818 732 892 ctiam
750 842 857 915 quam
875 822 1005 896 habent
1022 824 1059 896 in
1075 845 1179 898 cruoe
1191 825 1354 899 llaraticc
1371 833 1406 898 et
1425 824 1461 896 iu
1476 823 1585 896 Ylasii
1601 831 1636 896 et
1651 822 1687 894 in
1704 821 1899 916 Colcgnnlla

485 948 520 1012 et
547 940 584 1011 in
605 949 675 1014 teto
697 943 898 1041 episcopatu
922 957 957 1020 et
976 948 1139 1023 comitatu
1166 949 1354 1023 Veronensi
1376 968 1510 1020 necnon
1535 955 1570 1020 et
1588 946 1767 1022 ecclesiam
1783 947 1897 1020 Sancti

485 1063 622 1160 Georgii
637 1087 716 1138 cum
730 1069 804 1141 suis
823 1072 1055 1166 pertinentiis,
1075 1073 1255 1147 ecclesiam
1271 1072 1435 1146 Omnium
1451 1072 1653 1145 Sanctorum
1667 1079 1701 1144 et
1719 1068 1897 1144 ecclesiam

483 1189 597 1264 Sancti
614 1192 745 1264 Marchi
763 1195 982 1289 Evangeliste
999 1210 1034 1270 et
1049 1197 1227 1272 ecclesiam
1246 1197 1362 1270 Sancti
1377 1195 1494 1269 iacobi
1511 1195 1654 1288 aPigna
1669 1203 1704 1266 et
1718 1193 1897 1266 ecclesiam

482 1313 598 1386 Sancti
618 1316 746 1402 lucebi,
756 1318 801 1391 de
815 1319 947 1413 Ylasio,
966 1321 1057 1394 sicut
1074 1343 1169 1394 nunc
1184 1319 1303 1416 quiete
1318 1329 1352 1394 et
1366 1317 1508 1416 pacifica
1520 1317 1711 1415 possident,
1723 1318 1774 1392 eis
1788 1317 1897 1413 impe-

481 1436 557 1510 riali
583 1440 785 1514 auctoritate
814 1442 1076 1534 confirmamus,
1104 1445 1250 1534 dumus,
1278 1443 1446 1518 tradimus
1473 1451 1578 1537 atque
1607 1441 1773 1533 largimur
1800 1441 1896 1515 etin

480 1582 599 1633 acrum
619 1572 787 1658 potestate
804 1568 1101 1661 transfundimus,
1120 1576 1309 1642 statuentes
1324 1567 1442 1664 itaque
1457 1575 1493 1640 et
1510 1565 1678 1662 imperiali
1697 1565 1897 1639 auctoritate

481 1684 673 1758 sancientes
692 1697 732 1759 ut
751 1691 869 1762 nullus
891 1692 988 1780 dux,
1015 1693 1131 1765 nullus
1154 1691 1324 1783 marchio,
1349 1691 1466 1762 nullus
1486 1710 1601 1763 comes
1622 1710 1687 1762 uec
1705 1689 1896 1762 vicecomes

479 1829 593 1902 neque
607 1811 828 1905 capitaneus,
849 1813 944 1886 nulla
964 1815 1104 1908 civitas,
1125 1815 1220 1889 nulla
1236 1823 1405 1910 potestas,
1423 1813 1556 1886 nullum
1571 1831 1773 1896 commune,
1789 1811 1895 1884 uulla-

477 1952 547 2027 que
555 1954 716 2026 persona,
724 1937 795 2009 alta
807 1937 862 2009 vel
872 1937 1027 2030 humilis,
1040 1939 1270 2013 ecclesiastica
1280 1939 1337 2013 vel
1350 1937 1527 2030 secularis,
1535 1935 1626 2010 hauc
1634 1935 1854 2032 protectionis
1861 1947 1896 2006 et

479 2055 746 2130 confirmationis
765 2070 799 2132 et
817 2061 965 2134 dationis
983 2064 1146 2160 paginam
1163 2063 1292 2138 audeat
1312 2063 1443 2137 violare
1461 2083 1526 2136 nec
1544 2061 1721 2155 aliquibus
1740 2061 1894 2156 calump-

478 2180 546 2252 niis
560 2179 778 2276 iujuriarum,
798 2183 997 2280 abuegariis
1016 2194 1051 2260 et
1067 2188 1281 2282 perangariis
1295 2195 1471 2284 presumat
1489 2193 1703 2281 attemptare·
1714 2183 1818 2270 Quod
1833 2183 1893 2278 qui

479 2306 591 2379 iacere
609 2309 881 2402 attemptaverit,
901 2309 937 2380 iu
960 2310 1124 2383 ultionem
1141 2312 1339 2384 temeritatis
1355 2333 1418 2384 sue
1437 2318 1575 2384 centum
1597 2309 1702 2382 libras
1722 2308 1798 2382 auri
1815 2309 1893 2404 puri

477 2450 540 2525 pro
553 2451 642 2526 pena
659 2442 859 2527 componat,
878 2434 1096 2507 medietatem
1116 2436 1216 2528 cujus
1237 2457 1372 2508 camere
1392 2445 1526 2526 nosne,
1547 2435 1717 2528 reliquam
1731 2432 1893 2525 injuriam

476 2553 598 2648 passis.
617 2555 660 2626 Et
685 2564 725 2627 ut
743 2555 808 2630 hcc
829 2557 946 2630 omnia
968 2559 1190 2632 attendantur
1209 2567 1244 2631 et
1264 2557 1466 2652 diligentius
1489 2558 1758 2652 omnitempore
1779 2569 1891 2630 custo·

476 2678 617 2752 dicutur
632 2687 667 2751 et
683 2677 924 2768 observentur,
944 2680 1035 2754 hauc
1052 2681 1216 2775 paginam
1231 2682 1402 2755 conscribi
1420 2690 1455 2754 et
1472 2681 1586 2776 sigillo
1602 2689 1718 2754 nosne
1738 2701 1890 2754 commu·

475 2801 541 2875 niri
557 2803 737 2894 jussimus.

523 2927 639 2998 Testes
663 2925 770 3019 hujus
793 2928 842 2999 rei
865 2935 947 3000 sunt
970 2928 1176 3001 Bertlrcldue
1204 2927 1445 3022 aquilegensis
1474 2927 1685 3023 patriarcha,
1710 2925 1891 2999 Cunradus

472 3049 634 3122 Metensis
650 3058 684 3122 ct
700 3049 872 3144 Spirensis
893 3051 1076 3148 episcopus
1096 3061 1132 3124 et
1152 3051 1340 3146 imperialis
1361 3052 1441 3124 aule
1463 3051 1708 3142 cancellarius,
1734 3048 1889 3122 Siiredus

475 3170 703 3265 Augustensis
726 3171 930 3267 episcopus,
955 3172 1124 3247 Odoricus
1142 3173 1354 3248 Pataviensis
1374 3174 1575 3270 episcopus,
1599 3173 1749 3247 lacobus
1773 3169 1891 3244 Tauri·

475 3295 592 3366 nensis
609 3296 812 3391 episcopus,
832 3295 1030 3370 Ludovicus
1048 3297 1127 3370 dux
1144 3298 1314 3372 Baiwerie
1329 3305 1363 3370 et
1380 3297 1553 3392 palatinus
1574 3317 1691 3370 comes
1710 3294 1817 3385 lleui,
1831 3292 1889 3365 Di·

473 3418 601 3514 poldus
627 3418 780 3509 marchio
806 3419 851 3492 de
876 3420 1036 3494 Hohebre
1056 3419 1122 3515 (l),
1149 3419 1331 3493 Anselmus
1357 3420 1403 3493 de
1428 3421 1609 3512 lustingen
1629 3415 1681 3514 (a)
1704 3413 1891 3512 imperialis

476 3543 555 3614 aule
571 3541 841 3633 mareschalcus,
863 3543 1049 3617 llizrardus
1067 3544 1291 3632 camerarius,
1313 3541 1498 3617 Garuerius
1520 3543 1566 3616 dc
1590 3539 1746 3616 Bolauda
1761 3538 1808 3636 (i)
1828 3537 1889 3612 da·

474 3665 564 3758 piier
576 3673 611 3736 et
625 3665 683 3736 alii
700 3667 936 3761 quamplures.

525 3789 669 3883 Signum
696 3787 827 3860 demini
853 3789 959 3862 nostri
981 3790 1146 3863 Friderici
1171 3789 1386 3862 invictissimi
1406 3789 1637 3862 Romanorum
1656 3783 1888 3882 imperatoris,

477 3934 613 4008 semper
631 3913 784 4006 augusti.

525 4037 598 4132 Ego
613 4035 819 4109 chunradus
833 4037 996 4109 Metensis
1015 4045 1049 4108 et
1066 4036 1236 4131 Spirensis
1252 4035 1435 4132 episcopus
1453 4033 1643 4130 imperialis
1659 4031 1741 4105 aule
1754 4027 1893 4102 mnud-

518 4225 558 4307 (α)
578 4229 614 4290 In
626 4230 769 4306 impresso
782 4228 913 4304 Iustino,
927 4228 1015 4289 male.

520 4331 560 4409 (b)
578 4336 614 4395 In
626 4337 767 4410 impressu
786 4331 924 4394 Heluetia
932 4373 942 4407 ‚
957 4332 1042 4393 male.

521 4671 555 4746 (t)
573 4671 617 4730 Sic
629 4687 679 4745 pro
692 4671 855 4747 lietenbere
868 4673 943 4746 (elias
956 4670 1100 4744 Hcclbcrp
1111 4671 1168 4730 sive
1183 4669 1322 4746 Volturci.
1385 4629 1392 4646 ⁸
