4272 5886
185 561 285 621 lucrm.
304 557 364 638 lh]
635 555 833 618 HISTORIA
858 553 1152 618 nlntottartcs
1540 551 1601 615 593

185 703 322 789 partum
342 691 480 788 prodire
496 690 717 786 hujusmodi,
736 701 776 763 ut
791 691 909 764 verbis
933 699 969 765 et
990 691 1127 786 scriptis
1150 688 1309 784 expositu
1330 687 1537 761 authenticis
1561 687 1598 761 in

186 818 328 914 publico
344 823 567 912 compareret.
584 817 653 890 Sed
671 817 787 888 forsan
801 816 869 889 hoc
882 817 1002 889 divina
1015 813 1235 911 providentia
1253 812 1364 886 voluit
1378 820 1418 884 ut
1433 811 1602 885 habeatnr

186 943 223 1014 in
252 950 427 1038 posterum
457 940 591 1013 cautela
623 941 778 1014 securior
806 962 852 1014 ex
882 940 1034 1036 proviso.
1069 938 1166 1011 Circa
1195 937 1370 1010 hominem
1397 935 1427 1008 si
1456 935 1600 1031 quidem

186 1066 337 1139 alionum
352 1086 457 1160 quom
474 1065 510 1135 in
532 1063 638 1158 patris
655 1065 707 1137 tui
723 1064 827 1150 sede,
852 1065 882 1137 si
901 1075 1016 1138 tamen
1039 1063 1141 1136 sedes
1162 1060 1270 1157 patris
1290 1059 1360 1134 dici
1384 1058 1510 1133 debeat
1532 1080 1603 1156 que

187 1212 257 1262 non
275 1189 521 1280 successionis,
545 1189 609 1262 sed
626 1189 803 1262 electionis
820 1192 901 1283 jure
919 1187 1084 1280 defertur,
1105 1197 1257 1260 erectum
1275 1185 1382 1258 luisse
1405 1206 1466 1280 per
1483 1185 1603 1258 Eccle-

188 1313 275 1388 siam
290 1313 506 1409 predixeras,
526 1321 586 1384 tua
603 1313 735 1386 uhnam
755 1312 925 1386 adversus
943 1312 1129 1384 Ecclesiam
1150 1309 1357 1382 substitisset
1372 1308 1540 1399 inventio,
1559 1328 1602 1381 eo

188 1437 285 1533 quod
303 1438 432 1511 veritas
454 1447 579 1532 negata
595 1437 642 1511 dc
664 1437 814 1534 publicis
832 1438 948 1511 minus
964 1437 1104 1533 reliquit
1121 1435 1204 1510 fidei
1220 1436 1266 1510 de
1285 1434 1441 1509 occultis.
1460 1433 1601 1505 Nullum

189 1563 283 1634 enim
302 1562 471 1656 angulum
485 1562 567 1634 latet
584 1560 720 1657 imperii
737 1562 852 1656 quod,
872 1562 1078 1658 imperatore
1094 1558 1242 1632 Hearicc
1257 1555 1439 1647 defuncte,
1456 1555 1602 1651 quidam

189 1685 348 1782 Philippo
366 1685 448 1760 duci
474 1685 620 1776 Suavis,
639 1684 785 1780 quidam
804 1687 918 1760 Ottoni
936 1684 1156 1782 postmodum
1183 1680 1380 1779 imperatori
1398 1680 1521 1755 divisis
1538 1701 1604 1755 vo·

189 1808 379 1882 luctatibus
406 1808 629 1884 adhcsernnt.
651 1810 694 1881 lit
715 1809 796 1884 licet
821 1811 879 1884 ille
903 1810 1084 1906 Philippus
1110 1829 1236 1881 nomen
1261 1816 1360 1879 tunm
1385 1805 1496 1903 primo
1523 1827 1603 1903 pre·

190 1930 352 2023 tenderit,
371 1933 419 2007 ad
434 1955 473 2007 se
494 1932 715 2030 postmodum
737 1935 907 2008 convertit
924 1935 1118 2030 negotium,
1137 1932 1189 2005 sic
1206 1930 1312 2023 illud,
1338 1930 1605 2005 succedentibus

191 2057 382 2151 prosperis,
408 2057 482 2128 suis
505 2057 709 2130 utilitatibus
734 2059 932 2154 applicans,
952 2059 1050 2152 quod
1067 2059 1140 2151 jam
1165 2056 1307 2148 dejure
1328 2076 1398 2128 non
1423 2054 1606 2127 dubitabat

191 2179 345 2275 imperii,
363 2181 427 2254 sed
444 2203 542 2276 spem
564 2181 612 2255 ad
631 2183 892 2278 occupationem
914 2182 1013 2277 regni
1031 2182 1147 2256 Sicilie
1164 2181 1390 2276 prorogabat,
1409 2179 1604 2273 Lupoldum

190 2303 368 2397 qnondam
391 2305 683 2379 wormaciensem
707 2307 909 2403 episcopum
934 2305 1067 2380 adhoc
1090 2304 1241 2378 mittens.
1267 2305 1305 2376 ln
1326 2304 1393 2375 hiis
1417 2304 1518 2376 otiam
1543 2312 1604 2376 tuo

191 2428 349 2501 subsidio
360 2429 546 2524 apostolice
559 2429 658 2504 Sedis
673 2430 894 2526 providentia
912 2453 981 2504 non
999 2429 1137 2521 deiecit,
1154 2430 1217 2502 sed
1231 2429 1280 2500 illi
1297 2449 1359 2524 per
1377 2437 1603 2501 memoratum

192 2551 230 2625 C.
259 2551 468 2626 cardinalem
492 2562 527 2626 et
548 2556 734 2629 nonnullos
758 2557 908 2629 vasallos
932 2555 1085 2628 Ecclesie
1110 2553 1273 2627 resistens
1290 2554 1327 2624 in
1346 2554 1518 2644 biarchis,
1539 2573 1606 2624 co-

192 2687 296 2750 natus
320 2678 482 2750 contrivit
501 2677 692 2752 adversarii
716 2687 751 2752 et
773 2679 977 2752 interdictus
1000 2689 1053 2752 est
1078 2678 1194 2752 aditus
1216 2688 1252 2750 et
1279 2676 1327 2751 ad
1353 2677 1485 2774 primos
1507 2676 1606 2771 regni

193 2802 280 2876 lines
295 2825 468 2877 acoessus.
490 2805 647 2880 Prediotc
666 2805 803 2878 andem
822 2805 981 2901 Philippo
1000 2805 1136 2879 sublato
1152 2802 1197 2875 de
1215 2803 1348 2894 medio,
1368 2803 1484 2876 Ottoni
1501 2825 1606 2898 quem

193 2927 347 3001 omnium
371 2929 568 3024 principum
590 2930 750 3002 roborata
773 2929 1000 3002 consensibus
1016 2927 1236 3024 presentabat
1256 2929 1390 3020 electio,
1410 2949 1474 3001 nec
1492 2949 1607 3024 expe-

194 3050 284 3124 divit
301 3073 366 3124 nec
390 3053 487 3125 licuit
505 3052 667 3126 diadema
687 3053 823 3150 imperii
843 3053 1015 3147 denegare
1037 3079 1045 3123 ε
1065 3053 1126 3147 qui
1144 3054 1265 3149 procul
1286 3052 1412 3144 dnbio,
1433 3062 1473 3124 ut
1490 3053 1608 3148 scrip-

194 3175 283 3266 sisti,
299 3177 416 3249 snbito
433 3180 544 3251 lactus
558 3179 714 3272 ingratus
728 3189 877 3274 tergum,
897 3199 966 3251 non
981 3179 1105 3252 inciam
1121 3179 1225 3252 vertit
1242 3178 1407 3269 Ecclesia
1428 3177 1609 3251 immemor

194 3310 435 3397 preceptorum
450 3302 519 3400 (a),
540 3313 575 3376 et
591 3305 753 3397 quamvis
772 3325 849 3376 eam
873 3303 988 3376 multis
1005 3303 1245 3400 provocaverit
1261 3302 1417 3391 offensis,
1439 3300 1608 3374 dissimu-

193 3422 287 3497 labat
308 3445 367 3497 eas
390 3435 579 3520 utcumque
603 3426 836 3500 misericordis
860 3427 1010 3501 Ecclesia
1033 3427 1199 3523 patientia
1230 3435 1405 3498 consueta.
1427 3425 1495 3497 Sed
1515 3433 1609 3520 post·

194 3569 301 3642 quarn
323 3549 370 3623 ad
393 3558 487 3623 tuam
511 3551 670 3647 prorupit
690 3551 866 3644 injuriam,
885 3552 921 3623 in
938 3561 973 3625 te
993 3551 1093 3646 qnasi
1119 3551 1155 3624 in
1181 3551 1348 3647 pupillam
1367 3549 1460 3624 oculi
1477 3558 1607 3623 tactum

194 3673 403 3746 contrarium
427 3675 607 3748 terracon
631 3676 760 3770 potnit,
783 3677 910 3748 multas
934 3675 1011 3748 vias
1038 3675 1243 3770 excogitans
1269 3675 1399 3769 quibus
1427 3675 1529 3771 pleno
1553 3695 1609 3749 re·

195 3795 312 3870 medio
330 3819 395 3871 sno
414 3807 530 3893 posset
549 3797 737 3872 subvenire
756 3798 892 3871 minori.
910 3797 939 3870 Ο
959 3819 1064 3892 quam
1084 3799 1266 3893 proximus
1282 3820 1359 3871 eras
1377 3795 1557 3894 periculis!
1580 3799 1609 3872 Ο

194 3943 301 4018 qnam
320 3932 461 4018 paratus
483 3921 531 3995 ad
556 3919 695 3996 casnm!
718 3923 936 4019 Quapropter
961 3922 1137 3995 invocavit
1154 3921 1305 3994 Ecclesia
1321 3922 1415 3995 illins
1436 3924 1607 3996 auxilium

196 4045 258 4139 qni
279 4044 438 4140 superbis
461 4046 587 4119 resistit
610 4056 644 4120 et
668 4046 729 4119 dat
751 4047 943 4120 humilibus
966 4047 1132 4140 gratiam,
1154 4046 1216 4141 qui
1233 4046 1348 4120 ventis
1369 4055 1405 4120 et
1426 4047 1511 4120 mari
1535 4048 1610 4120 irn-

196 4178 294 4266 perat
308 4179 342 4242 et
355 4177 467 4244 cessat
483 4179 686 4267 tempestas,
706 4171 769 4267 qui
788 4170 932 4268 deponit
949 4181 1104 4267 potentes
1124 4171 1169 4246 dc
1185 4171 1269 4246 sedo
1287 4193 1328 4245 ac
1348 4172 1444 4267 ponit
1461 4171 1609 4245 humiles

196 4293 233 4367 in
249 4293 403 4366 sublimi.
422 4294 601 4368 invocavit
614 4295 718 4369 etiam
732 4295 928 4391 principum
944 4295 1050 4368 corda
1066 4294 1234 4389 fidelium,
1256 4295 1399 4391 pusillos
1413 4303 1448 4368 et
1464 4315 1609 4387 magnos

196 4417 384 4490 sollicitans
404 4427 444 4489 ut
465 4418 499 4492 ei
520 4419 567 4493 ad
587 4420 637 4491 tui
659 4419 905 4493 relevationem
931 4421 1071 4515 collapsi
1097 4441 1238 4493 manum
1263 4418 1475 4515 porrigerent
1498 4419 1608 4513 adju-

235 4682 278 4763 (a)
300 4683 359 4762 Ap.
375 4685 418 4746 La
430 4685 518 4747 Porte
530 4685 572 4748 du
584 4685 668 4748 Theti
681 4691 873 4768 receptorum,
889 4686 1048 4749 subaudita
1061 4703 1133 4748 voce
1147 4681 1355 4765 beneficiorum.
1388 4707 1391 4714 ·

295 4789 339 4856 Il.
1412 4801 1451 4854 ts
