4292 5894
1045 581 1259 645 rnronnrcr
1283 583 1457 646 arcuum
1771 583 1851 668 [an.
1869 587 1952 649 raes

812 873 915 882 ..-η-..-
925 875 1001 882 --ι-η
1008 875 1221 884 -κ--ι-ω-,ι-...ι--ιι
1231 875 1332 886 ,ιι-..ιο
1340 875 1661 887 ...αμυσαι-..-
1669 877 1704 887 ιι-

369 1147 492 1245 fffl:
599 1147 835 1256 FridericuS,
869 1149 1127 1234 Romanorum
1160 1151 1381 1260 imperator,
1413 1149 1465 1234 ob
1494 1149 1739 1232 reverentiam
1776 1149 1954 1260 principis

546 1281 824 1391 apostolorum,
846 1283 1118 1367 monasterium
1143 1282 1271 1366 Sancti
1293 1281 1391 1366 Petri
1409 1282 1458 1364 de
1475 1279 1678 1390 Ameiphia
1701 1281 1954 1364 cisterciensis

544 1415 688 1498 ordinis
706 1441 796 1498 cum
816 1415 1057 1522 hominibus,
1077 1415 1268 1523 curtibus,
1286 1414 1591 1526 possessionibus
1608 1425 1647 1498 et
1663 1414 1774 1498 bonis
1791 1413 1843 1496 ad
1861 1413 1954 1496 illud

541 1549 838 1657 pertinentibus,
859 1549 1122 1658 praesentibus
1138 1559 1176 1634 et
1192 1549 1351 1658 suturis,
1371 1547 1446 1632 sub
1463 1573 1533 1632 sua
1551 1546 1703 1658 speciali
1724 1547 1954 1657 protectione

542 1681 687 1791 recipit.

623 1923 789 2004 (Memorat.
805 1940 855 2004 ap.
869 1923 1023 2001 nomn,
1038 1919 1108 1986 nat.
1122 1941 1209 2002 mer„
1224 1931 1248 1988 t.
1263 1925 1338 2000 vu.
1353 1933 1429 2003 214,
1443 1930 1473 1988 et
1484 1940 1533 2002 ap.
1548 1925 1667 1999 rum,
1682 1921 1784 1986 sarta
1794 1915 1950 1998 ἰΑωζή,

658 2038 683 2093 t.
699 2033 731 2108 Ι,
744 2048 776 2110 p.
795 2040 869 2104 ¹¹³3
884 2031 1170 2110 qulambotnittum
1182 2031 1388 2094 tantummodo
1403 2031 1551 2112 privilegii
1563 2029 1711 2104 referunt,
1726 2027 1950 2108 ntsequttun)

584 2243 770 2317 Fodericns
786 2245 850 2317 Dei
874 2245 985 2338 gratia
1006 2245 1238 2318 Romanorum
1262 2243 1462 2339 imperator,
1486 2263 1622 2338 sempor
1641 2250 1810 2334 angustus
1830 2251 1867 2314 et
1888 2263 1951 2315 rex

537 2369 665 2442 Sicilie.
686 2369 751 2441 Per
773 2389 915 2463 presens
941 2369 1107 2464 scriptum
1133 2379 1252 2441 notum
1275 2369 1422 2440 tacimus
1447 2367 1618 2440 universis
1641 2365 1802 2439 fidelibus
1826 2367 1951 2439 nostris

538 2501 608 2566 tarn
622 2493 838 2588 presentibus
853 2513 960 2586 qnam
975 2492 1099 2564 tuturis
1114 2491 1211 2586 qnod
1229 2512 1292 2564 nos
1309 2491 1476 2565 habentes
1491 2513 1552 2588 pre
1570 2490 1682 2564 oculis
1700 2491 1794 2585 piam
1810 2498 1846 2562 et
1865 2489 1951 2563 tau·

536 2617 690 2690 debilem
707 2616 842 2690 ordinis
862 2616 1094 2689 Cisterciensis
1107 2615 1327 2709 religionem,
1346 2615 1471 2688 intuitu
1496 2615 1634 2711 pietatis
1654 2613 1774 2688 divine
1788 2613 1847 2686 cui
1869 2615 1948 2686 reli·

537 2741 675 2834 ponem
691 2740 882 2836 predictam
897 2739 1027 2812 scimus
1042 2738 1266 2813 devotissime
1282 2739 1454 2830 famulari,
1473 2761 1607 2812 necnon
1621 2760 1685 2835 pro
1704 2737 1860 2811 remedio
1873 2739 1947 2810 ani·

537 2887 671 2938 marum
687 2865 848 2938 divorum
861 2873 1084 2959 augustorum
1103 2862 1281 2959 quondam
1298 2872 1479 2960 parentum
1492 2873 1701 2956 nostrorum,
1716 2861 1946 2936 venerabilem

537 2989 752 3062 abbatemet
772 2997 982 3062 conventum
1003 2989 1116 3061 Sancti
1143 2989 1233 3062 Petri
1257 2989 1302 3062 de
1323 2987 1507 3084 Amalphia
1530 2987 1664 3061 ordinis
1686 2985 1853 3083 predicti,
1878 2995 1942 3059 etc.

537 3110 630 3208 (Μ)
633 3161 1942 3186 ·································

585 3237 710 3310 Datum
726 3235 909 3327 Ferentini,
928 3235 990 3306 ΧΗ
1008 3235 1134 3324 martii,
1154 3235 1201 3308 Xl
1217 3233 1429 3308 indictionis.

356 3851 481 3951 iffi:
588 3848 817 3952 Fridericus‚
842 3848 1102 3932 Romanorum
1124 3842 1343 3951 imperator,
1364 3838 1494 3922 abbati
1515 3847 1552 3921 et
1572 3833 1775 3920 conventui
1796 3830 1943 3917 Looedii

536 3983 792 4068 cisterciensis
809 3981 955 4066 ordinis
972 3977 1143 4062 concedit
1160 3985 1204 4057 ut
1221 3974 1368 4084 possint
1380 3969 1559 4054 animalia
1572 3979 1610 4052 et
1622 3995 1683 4052 res
1701 3992 1793 4051 suas
1810 3967 1944 4048 ducere

536 4142 581 4200 ac
593 4117 790 4223 reducere,
810 4121 961 4223 portare
975 4137 1020 4193 ac
1035 4117 1229 4219 reportare
1245 4106 1391 4218 absque
1402 4104 1596 4189 exactione
1612 4102 1673 4186 uel
1688 4099 1851 4211 pedagio
1866 4095 1944 4180 ali-

536 4275 634 4360 quo,
654 4273 898 4361 quocumque
914 4243 1116 4330 voluerint.

619 4490 730 4572 (Edidit
742 4492 846 4552 lnrcru
858 4489 1076 4562 Turnrnnrrsrs,
1091 4485 1157 4546 iter.
1169 4490 1264 4563 patr..
1280 4481 1332 4542 nb.
1345 4481 1410 4554 111,
1424 4477 1541 4540 dissert.
1556 4475 1595 4538 de
1607 4473 1639 4538 S.
1656 4473 1783 4554 oglerio,
1798 4487 1829 4549 p.
1846 4465 1907 4547 ab.)

544 4669 554 4683 ⁸
586 4703 779 4780 Fridericns
807 4702 982 4777 soeundus
1004 4701 1067 4774 Dei
1095 4699 1205 4795 gratia
1234 4697 1464 4770 Romanorum
1489 4692 1691 4786 imperator,
1717 4705 1852 4779 semper
1878 4702 1943 4753 au-
