4296 5898
194 563 376 642 ltortu.10.]
644 560 845 624 HISTORIA
868 560 1161 626 oratottttmca
1548 561 1609 624 215

195 699 282 772 tario
304 697 438 772 tradere
459 708 493 772 et
517 697 653 772 solvere
669 707 888 792 recusarunt;
907 719 1059 793 cumque
1074 697 1244 770 vellemus
1258 693 1303 770 de
1328 695 1383 770 his
1398 697 1534 794 plenius
1554 699 1608 772 in-

196 824 350 917 formari,
368 821 567 896 immediate
585 823 733 918 pmlatos
756 821 914 897 homines
934 845 997 896 seu
1018 823 1168 896 villanos
1195 830 1230 894 ct
1246 819 1466 916 fidejussores
1488 844 1607 898 eornm

195 945 440 1023 mandarimus
456 947 502 1022 ad
525 948 632 1020 nostri
650 947 857 1044 presentiam
877 946 1048 1022 accersiri.
1069 947 1225 1034 Quorum
1241 948 1487 1020 couvenientes
1501 949 1608 1045 aliqui

196 1093 313 1146 coram
332 1073 433 1146 nubis
450 1069 633 1170 quarum)
646 1071 705 1146 die
719 1072 848 1146 mensis
865 1072 1028 1162 octobris,
1043 1072 1179 1147 decime
1192 1071 1403 1162 indictionis,
1419 1072 1515 1168 apud
1530 1093 1614 1146 mo-·

196 1197 386 1272 nasterium
402 1205 646 1289 memoratum,
663 1209 822 1294 presente
835 1197 966 1272 ibidem
980 1196 1170 1272 venerabili
1192 1197 1378 1294 Tropiense
1398 1196 1561 1294 episcopo
1575 1209 1610 1270 et

197 1321 411 1417 quibusdam
431 1322 508 1396 aliis
522 1322 707 1416 nubilibus,
724 1323 990 1418 assignaverunt
1005 1321 1177 1418 quasdam
1192 1323 1323 1396 litteras
1341 1321 1458 1396 abbati
1473 1343 1609 1397 monas-

197 1445 274 1520 terii
289 1445 460 1542 pretaxati
477 1447 689 1520 continentes
703 1446 796 1520 huno
811 1447 954 1522 modum
970 1475 979 1520 ε
1035 1499 1037 1504 ,

245 1571 459 1661 Fridericus,
479 1581 567 1664 etc,
589 1569 757 1667 religiosis
780 1572 866 1645 viris
885 1573 1003 1646 abbati
1021 1580 1056 1645 et
1072 1570 1260 1644 conventui
1278 1571 1475 1644 monasterii
1495 1573 1610 1646 Sancti

199 1694 365 1790 Stephani
382 1695 426 1768 de
443 1697 606 1789 Nemore,
626 1692 789 1770 fidelibus
803 1695 896 1789 suis,
914 1705 982 1770 etc.
1000 1696 1146 1782 Querela
1163 1717 1226 1791 pro
1243 1704 1340 1791 parte
1361 1695 1541 1770 hominum
1564 1697 1610 1771 dc

196 1819 371 1892 casalibus
397 1819 584 1912 Mentabri,
603 1816 803 1915 Gasparine,
827 1817 981 1892 Arnnchi
1004 1829 1040 1892 et
1062 1819 1211 1893 Oliviani
1237 1818 1393 1894 fidelium
1416 1829 1610 1896 nostrornm

197 1945 319 2018 iterato
348 1955 465 2018 nostre
489 1953 541 2018 est
571 1944 765 2019 celsitudini
791 1954 985 2042 mesenate
1008 1944 1104 2041 quod
1133 1967 1213 2017 cum
1236 1945 1304 2042 ipsi
1331 1945 1476 2020 libenter
1503 1947 1612 2020 velint

197 2071 301 2144 rubis
326 2079 361 2144 et
377 2071 587 2145 monasterio
611 2079 726 2144 restro
747 2070 866 2145 debita
891 2069 1033 2144 servitia
1056 2072 1167 2144 iacere
1186 2091 1257 2166 qna
1285 2081 1437 2167 tempore
1459 2073 1610 2146 felicium

197 2213 321 2290 regum
347 2194 628 2290 predecessorum
659 2195 856 2268 nostrornm
887 2193 1002 2266 iacere
1028 2201 1284 2266 consueverunt
1308 2201 1343 2265 et
1369 2193 1515 2285 debent,
1546 2217 1610 2270 vos

198 2317 342 2392 modurn
359 2327 395 2392 et
412 2318 698 2392 consuetudinem
711 2319 934 2406 excedentes,
951 2326 990 2391 nt
1002 2315 1141 2410 dicitur,
1158 2337 1216 2390 ecs
1231 2339 1300 2390 non
1317 2318 1458 2392 cessatb
1474 2322 1607 2414 gravis-

196 2442 285 2516 sime
306 2444 499 2533 molestare,
515 2453 550 2516 et
566 2464 647 2515 cnm
667 2463 773 2538 snper
788 2441 972 2514 hocvubis
987 2441 1069 2514 vice
1083 2440 1151 2514 aliu
1169 2442 1445 2538 scripsissemus,
1465 2445 1609 2520 manda·

199 2580 274 2641 tum
297 2577 452 2640 nostrum
474 2578 513 2640 ut
536 2575 694 2640 asserunt
715 2567 842 2640 omneis
866 2565 975 2640 coulls
1000 2575 1214 2640 transeuntes
1240 2566 1290 2640 eis
1314 2567 1498 2642 studuistis
1527 2593 1608 2664 gra·

199 2693 314 2766 viores
339 2691 512 2780 molestias
531 2692 695 2787 irrogare.
719 2691 835 2783 Quod,
853 2691 884 2764 si
909 2694 1032 2764 rodum
1054 2702 1124 2784 est,
1152 2713 1259 2786 graue
1282 2693 1427 2766 serentes
1455 2693 1609 2768 fidelitati

201 2828 313 2891 vostre
332 2818 453 2891 iterato
468 2817 692 2914 precipiendo
708 2817 915 2892 mandamns
933 2827 1106 2914 qnatenus
1120 2819 1269 2915 prelatos
1293 2818 1449 2892 homiues
1467 2821 1611 2916 predic-

199 2953 312 3016 torum
344 2944 509 3016 casalium
539 2942 659 3018 fideles
692 2952 827 3016 nostros
855 2942 946 3015 ultra
974 2963 1080 3038 quarn
1113 2953 1368 3016 consueverunt
1398 2946 1611 3040 temporibus

199 3068 345 3141 aliorum
369 3089 490 3161 regum
513 3068 794 3164 predecessorum
812 3075 1006 3140 nostrorum
1025 3078 1060 3140 et
1077 3067 1216 3160 dejure
1231 3069 1333 3141 uobis
1351 3079 1386 3140 et
1403 3071 1610 3144 monasterio

197 3203 313 3266 vestm
332 3200 502 3280 tenentur,
519 3192 565 3266 dc
580 3200 693 3264 cetero
715 3190 870 3266 debeatis
888 3191 1044 3266 indebite.
1055 3193 1197 3266 minime
1212 3195 1408 3287 molestare,
1428 3203 1468 3268 ut
1490 3195 1610 3270 iterato

109 3349 114 3359 ·
199 3317 359 3392 danobis
376 3316 543 3410 majestati
556 3324 674 3389 nostre
686 3317 779 3408 juste
795 3316 959 3411 maqueri
976 3338 1046 3389 non
1064 3325 1242 3411 cogantur.
1258 3319 1383 3391 Datum
1408 3319 1503 3416 apud
1521 3320 1611 3392 Tre-

201 3464 345 3538 panum,
358 3441 655 3537 vicesimoquinto
664 3441 880 3536 septembris,
892 3439 1247 3514 decimciudictlonis.

248 3565 307 3638 Ad
320 3565 384 3638 has
401 3565 531 3638 litteras
548 3564 673 3638 devote
691 3573 844 3660 receptas
856 3563 965 3637 abbas
979 3563 1175 3640 monasterii
1193 3565 1420 3660 prenominati
1439 3588 1612 3663 conques-

200 3699 259 3764 tus
275 3699 330 3764 est
345 3691 446 3764 curie
469 3699 584 3764 nostre
603 3686 723 3762 dicens
741 3713 752 3758 ι
772 3713 791 3756 ·«
810 3687 896 3761 Peto
910 3687 1076 3761 rationem
1094 3688 1139 3762 ab
1158 3688 1232 3761 istis
1248 3689 1448 3764 bominibus
1466 3693 1527 3786 qni
1545 3693 1613 3767 do-

204 3841 223 3885 »
245 3819 339 3890 mino
357 3816 553 3910 imperatori
570 3813 700 3886 mentiti
716 3823 800 3886 snnt
814 3833 871 3885 me
883 3814 1088 3908 contemptis
1104 3813 1224 3909 primis
1241 3813 1361 3886 litteris
1372 3817 1448 3888 suis
1460 3817 1512 3889 eis
1529 3839 1614 3911 gra-

204 3967 223 4009 »
245 3940 359 4014 viores
373 3939 546 4014 mole'stiaa
563 3939 745 4032 irrogasse.
763 3961 782 4008 o
800 3939 898 4010 Tunc
912 3937 1008 4011 euna
1025 3937 1249 4033 interrogarit
1265 3959 1324 4012 eos
1340 3939 1460 4014 diceus
1479 3967 1488 4012 :
1510 3967 1527 4011 a
1545 3943 1614 4016 llos

203 4090 223 4136 u
243 4085 365 4140 omnes
385 4087 428 4138 an
447 4086 527 4162 pars
548 4064 652 4138 vestm
670 4060 852 4136 mendacia
873 4059 1015 4136 domino
1032 4061 1229 4158 imperatori
1249 4063 1493 4160 suggessistis?
1519 4117 1528 4137 .
1560 4117 1570 4137 .
1600 4120 1610 4136 .

205 4230 1029 4263 ......................
1057 4186 1105 4259 ait
1133 4186 1179 4261 ad
1206 4209 1266 4260 eos
1294 4187 1425 4262 curia:
1457 4213 1475 4258 rr
1501 4190 1614 4263 Vultis

205 4345 223 4386 n
246 4337 310 4390 ros
327 4317 389 4410 qni
406 4315 560 4388 hioestls
576 4336 638 4412 pru
654 4312 815 4387 omnibus
830 4311 1062 4410 respondero?
1080 4343 1096 4382 o
1118 4313 1159 4385 Et
1172 4312 1337 4386 dixerunt
1359 4339 1367 4385 ε
1388 4339 1405 4384 n
1428 4314 1494 4388 Pro
1513 4315 1613 4390 uobis

206 4467 223 4507 n
246 4450 379 4512 tanturn
402 4437 708 4536 respondebimus,
729 4435 913 4510 terminum
931 4445 1047 4510 tamma
1067 4435 1216 4532 petimus
1233 4447 1269 4508 ut
1289 4436 1336 4512 de
1354 4439 1517 4512 omnibus
1535 4462 1611 4513 res-

246 4698 287 4778 (o)
309 4701 365 4777 Ap.
382 4699 512 4779 Tmmby
525 4697 634 4780 quinto.
