4436 5870
264 537 359 599 1111161.
376 533 418 622 9.]
712 535 907 598 1118101111
934 532 1225 596 ntruouarlcl.

314 1110 546 1217 iudaicus,
561 1111 817 1193 Romanorum
833 1106 1057 1218 imperator,
1072 1119 1225 1219 propter
1241 1107 1480 1191 dilectionem
1499 1135 1618 1220 quam
1631 1109 1670 1190 iu
1694 1118 1871 1226 wlff?

1692 1227 1719 1270 15
1735 1229 1741 1279 t
1760 1226 1871 1280 >uorem-

262 1271 302 1327 se
323 1244 539 1344 habueruut
563 1241 788 1330 Guillelmus
810 1244 859 1326 de
875 1243 1046 1326 Pusterla
1068 1243 1317 1326 Bononiensis
1338 1251 1504 1350 potestas
1519 1252 1557 1326 at
1571 1243 1673 1353 ejus·
1754 1281 1807 1324 aa.

261 1378 348 1460 dem
375 1379 534 1462 civitatis
556 1405 778 1483 commune,
796 1379 1009 1488 praedictae
1030 1378 1264 1461 universitati
1282 1378 1453 1460 concedit
1467 1387 1504 1459 et
1522 1380 1670 1461 contir-

261 1523 341 1594 mat
358 1513 628 1622 quodcumque
650 1513 785 1596 habuit
802 1515 842 1594 in
861 1511 1190 1621 jurisdictionibus
1217 1537 1420 1594 causarum
1442 1511 1610 1596 civilium
1636 1522 1674 1596 et

260 1643 531 1751 criminalium,
551 1646 592 1727 in
605 1645 793 1727 creatione
805 1643 1024 1727 officialium
1038 1656 1075 1728 et
1092 1645 1132 1726 in
1150 1644 1306 1727 caeteris
1327 1642 1438 1727 bonis
1460 1654 1672 1728 consuetu·-

261 1777 428 1860 dinibus.

338 1988 715 2066 (Edld.ssvrou1,.¹lmrcli
731 1987 893 2074 Bolopccsi,
911 2008 981 2070 pars
994 1991 1046 2066 11¹,
1062 2010 1093 2069 p.
1111 1989 1194 2072 454.)

309 2179 346 2250 ln
369 2179 510 2252 nomine
530 2188 647 2252 sancte
671 2188 706 2252 et
729 2177 912 2252 individue
933 2177 1121 2250 Trinitatis.
1144 2177 1328 2252 Federicus
1352 2180 1527 2253 secundus
1551 2179 1671 2254 divina

260 2303 396 2377 favente
414 2305 593 2377 clementia
612 2305 841 2376 Romanorum
856 2301 1054 2398 imperator,
1074 2324 1209 2399 semper
1225 2313 1395 2394 augustus
1410 2313 1445 2376 at
1463 2325 1525 2376 rex
1540 2305 1665 2378 Sicilie.

258 2428 444 2502 consuevit
470 2428 658 2524 imperialis
683 2427 887 2500 excellentia
912 2426 1068 2500 fidelium
1092 2447 1232 2499 suorum
1259 2423 1420 2502 affectum
1447 2429 1574 2525 pariter
1595 2426 1666 2525 [et]

257 2554 425 2627 sinceram
453 2553 671 2626 devotionem
700 2552 847 2647 pmvida
873 2551 986 2624 metiri
1012 2551 1294 2625 considerationis
1330 2553 1463 2626 actione
1498 2564 1533 2626 et
1563 2555 1667 2647 justis

258 2677 411 2773 ipsoram
429 2677 592 2750 inclinata
609 2676 896 2773 postulationibus
920 2676 1123 2750 multimoda
1142 2677 1217 2769 ejus
1232 2684 1268 2749 et
1283 2679 1437 2772 preclara
1458 2699 1521 2750 sue
1541 2679 1666 2753 libera·

258 2800 360 2874 litatis
386 2800 438 2899 (a)
465 2801 632 2876 beneficia
662 2823 742 2874 cum
770 2800 986 2897 plenitudine
1013 2799 1123 2896 gratia
1150 2800 1383 2873 favorabiliter
1411 2801 1589 2896 impertiri.
1615 2805 1664 2878 Ea

257 2934 395 3022 propter
413 2927 583 2999 universis
596 2927 731 3022 imperii
744 2924 907 2999 fidelibus
922 2935 991 2998 tam
1005 2925 1173 3020 presentis
1186 2925 1243 2998 cvi
1255 2947 1360 3020 quam
1374 2927 1479 2999 futuri
1497 2929 1663 3003 duximus

257 3049 540 3124 innotescendum
554 3050 652 3146 quod
663 3073 726 3122 nos
741 3071 803 3145 pre
816 3050 927 3122 oculis
944 3050 1109 3123 habentes
1126 3072 1214 3144 pure
1225 3049 1306 3124 fidei
1318 3053 1544 3126 constantiam
1560 3064 1595 3127 et
1608 3055 1664 3127 di-

256 3175 411 3246 lectionis
429 3176 597 3248 fervorem
614 3195 719 3268 quem
741 3193 823 3268 arga
847 3195 909 3246 nos
925 3195 1061 3268 semper
1082 3174 1278 3246 habuerunt
1298 3169 1418 3247 fideles
1439 3177 1546 3249 nostri
1562 3177 1662 3251 Guil-

258 3299 379 3371 lclmns
403 3298 448 3372 de
470 3300 623 3372 Posterla
644 3298 869 3370 Bononiensis
885 3307 1035 3393 potestas
1052 3307 1087 3370 et
1106 3298 1263 3389 ejusdem
1285 3299 1435 3372 civitatis
1455 3321 1660 3394 commune,

255 3423 566 3496 animadvertentes
590 3413 730 3518 quoque
750 3421 934 3516 magnifica
956 3444 1026 3517 que
1042 3444 1105 3518 pro
1122 3423 1303 3496 commodo
1323 3432 1358 3496 et
1381 3423 1510 3498 honore
1527 3427 1662 3522 imperii

255 3549 354 3622 nobis
387 3557 533 3643 possunt
553 3558 706 3644 prestare
732 3548 922 3643 obsequia,
944 3549 989 3621 de
1011 3548 1179 3644 imperiali
1201 3549 1382 3623 clementia
1405 3551 1559 3646 predicte
1583 3552 1661 3622 nni·

255 3673 408 3746 versitati
431 3673 573 3764 damus,
595 3673 816 3746 concedimus
836 3683 871 3745 et
887 3672 1131 3746 confirmamus
1152 3673 1398 3769 quodcumque
1415 3675 1537 3748 habuit
1554 3684 1589 3750 et
1612 3685 1662 3749 te·

255 3796 331 3868 nuit
353 3797 390 3868 in
407 3797 708 3889 jurisdictionibus
730 3806 800 3870 tam
821 3797 976 3869 civilium
998 3819 1180 3871 causarum
1201 3821 1307 3893 quam
1321 3798 1568 3891 criminalium,
1592 3810 1661 3874 tam

254 3919 505 3994 ordinariorum
532 3944 637 4018 quam
660 3921 1010 3996 extraordinariamm
1033 3932 1069 3996 et
1088 3924 1125 3994 in
1142 3923 1339 3996 officialium
1362 3925 1534 3999 creatione
1553 3934 1587 3998 et
1604 3947 1660 3999 ce·

254 4044 334 4118 teris
355 4045 457 4118 bonis
479 4047 788 4120 consuetudinibus
809 4047 954 4138 tenutis,
971 4047 1099 4121 habitis
1117 4049 1175 4121 val
1191 4048 1338 4122 detentis
1353 4051 1564 4144 temporibus
1582 4072 1661 4145 pro-

253 4169 447 4264 genitorum
465 4181 658 4245 nostrorum
677 4173 848 4246 Frederici
867 4182 902 4246 et
919 4175 1056 4246 Henrici
1079 4176 1307 4248 Romanorum
1332 4173 1660 4270 imperatorumque

253 4316 347 4366 nunc
367 4294 470 4368 babet
493 4305 528 4368 et
546 4304 639 4369 tenet
657 4298 749 4384 dicta
772 4299 980 4372 universitas
1003 4299 1039 4370 in
1067 4299 1206 4372 civitate
1232 4297 1385 4370 Bononio
1406 4299 1463 4371 vel
1485 4299 1561 4391 ejus
1586 4300 1668 4396 epi--

252 4428 410 4515 scopata,
431 4420 536 4495 salvis
554 4421 590 4492 in
608 4423 730 4496 ceteris
746 4445 816 4496 non
838 4423 1009 4498 concessis
1018 4423 1162 4517 justitiis
1179 4431 1214 4496 61
1229 4422 1419 4496 rationibus
1438 4431 1508 4496 tam
1526 4423 1658 4520 imperii

294 4675 336 4755 (a)
359 4679 394 4738 ln
407 4681 548 4756 impresso
560 4676 712 4762 1111111111,
724 4683 810 4743 male.
