4368 5876
568 571 626 632 ll8
1065 577 1277 645 sulncslcl
1303 583 1479 644 succum
1789 586 1868 668 [Ans.
1889 588 1972 649 1221.

566 709 736 804 obligata,
761 733 894 786 necnon
917 723 951 786 ct
979 735 1041 809 pro
1068 716 1279 792 animalibus
1306 721 1381 794 suis
1406 721 1555 795 liberum
1582 743 1685 794 nsum
1713 744 1918 818 pascuorum
1942 725 1975 796 in

566 836 660 909 omni
675 837 862 911 tenimento
878 841 1016 926 Suessc,
1029 842 1112 914 Sorc
1124 844 1201 918 sive
1214 846 1343 920 Surclle
1355 854 1390 920 et
1401 868 1463 942 per
1477 857 1586 921 totum
1602 847 1793 921 dominium
1808 859 1974 939 nostrum,

564 973 599 1034 ct
615 961 711 1057 quod
727 961 832 1036 libere
847 965 949 1038 etiam
965 965 1001 1038 in
1014 965 1177 1061 predictis
1193 969 1278 1042 locis
1298 971 1399 1065 lignis
1420 971 1467 1046 ud
1485 995 1587 1044 nenm
1608 972 1763 1067 ejusdem
1781 975 1975 1048 monasterii

565 1095 754 1179 uterentur,
781 1099 815 1160 et
837 1087 931 1183 qnod
957 1111 979 1164 a
1000 1092 1184 1166 castellano
1205 1095 1333 1168 Sorclle
1353 1097 1408 1168 vel
1436 1097 1546 1170 llncce
1570 1097 1667 1170 Arois
1690 1107 1725 1170 et
1744 1098 1793 1170 ab
1816 1099 1976 1171 omnibus

564 1211 757 1284 castellanis
781 1211 1024 1288 circumcirca
1050 1219 1264 1291 morantibus
1289 1221 1383 1294 nulla
1401 1223 1602 1314 gravamina
1625 1231 1821 1317 paterentur
1836 1222 1893 1296 vel
1909 1244 1974 1296 ex·

563 1337 756 1411 actionibus
768 1348 1005 1433 gravarentur,
1019 1349 1085 1414 otc.
1098 1340 1188 1441 (ric);
1202 1363 1266 1418 nos
1278 1344 1492 1420 attendentes
1504 1343 1705 1439 religionem
1719 1346 1974 1420 ethonestatcm

563 1472 673 1553 tuam,
692 1463 890 1559 supradicte
904 1465 1026 1557 abbas,
1042 1478 1077 1540 et
1092 1468 1234 1542 fratrum
1247 1479 1387 1543 tuorum
1400 1470 1511 1564 quiin
1526 1471 1648 1544 endem
1665 1473 1870 1545 monasterio
1880 1493 1973 1546 com·

563 1597 752 1680 morantur,
771 1590 816 1662 ob
834 1592 1061 1664 reverentiam
1081 1593 1181 1668 beate
1204 1595 1309 1670 Marie
1328 1603 1364 1668 et
1382 1605 1579 1669 sanctorum
1599 1605 1788 1692 martynum
1810 1597 1974 1670 lobannis

564 1725 599 1787 et
616 1714 714 1788 Pauli
736 1715 782 1788 ad
801 1735 951 1810 quorum
967 1715 1132 1792 honorem
1151 1720 1394 1794 monasterinm
1414 1721 1528 1815 ipsum
1547 1730 1601 1794 est
1624 1720 1824 1812 tundalum,
1851 1743 1894 1794 ac
1913 1743 1974 1818 pro

565 1840 675 1912 salute
693 1849 808 1912 nostra
831 1849 866 1912 et
891 1839 1046 1915 remedio
1069 1845 1263 1920 animarum
1287 1844 1519 1941 predictorum
1545 1854 1771 1940 augustorum
1794 1856 1972 1942 pareutum

565 1977 759 2038 nostrorum
778 1965 887 2038 felicis
905 1966 1169 2054 recordationis,
1187 1969 1234 2044 ad
1254 1991 1372 2066 preces
1389 1991 1473 2064 ergo
1491 1968 1624 2044 domini
1638 1969 1779 2042 Honorii
1794 1970 1971 2044 reverendi

565 2089 602 2161 in
625 2087 758 2163 Christo
773 2091 881 2186 patris
903 2091 1009 2166 nostri
1034 2093 1161 2164 summi
1188 2091 1378 2188 pontificis,
1403 2104 1591 2167 memorata
1616 2092 1798 2190 privilegia
1826 2093 1888 2166 tibi
1913 2094 1973 2167 bc·
2083 2125 2086 2132 ·

566 2216 673 2310 nigne
686 2215 898 2288 restituimus
915 2226 949 2290 et
961 2217 1078 2291 omnia
1096 2216 1307 2313 supradicta,
1322 2216 1413 2290 sicut
1430 2217 1531 2292 ineis
1546 2219 1699 2293 vidimus
1711 2218 1892 2307 contineri,
1906 2240 1974 2314 qne

566 2340 779 2437 temporibus
793 2339 1024 2436 predictorum
1034 2351 1261 2438 angustorum
1273 2350 1467 2414 nostrorum
1478 2351 1660 2438 parentum
1672 2353 1707 2414 et
1719 2342 1873 2416 maxime
1884 2342 1973 2415 circa

564 2486 684 2538 eornm
709 2465 842 2538 obitum
869 2464 1000 2539 dictum
1024 2465 1269 2539 monasterium
1297 2464 1440 2562 pacifice
1463 2467 1575 2540 tenuit
1595 2476 1630 2540 et
1655 2467 1824 2564 possedit,
1854 2467 1916 2539 tibi
1940 2479 1974 2541 et

565 2591 823 2664 successoribus
841 2591 910 2664 tuis
929 2591 966 2662 in
985 2599 1190 2686 perpetuum
1213 2587 1258 2662 de
1271 2591 1381 2685 gratia
1402 2601 1517 2666 nostra
1540 2589 1709 2664 duximus
1723 2590 1971 2678 confirmanda,

564 2717 661 2789 salvo
687 2714 851 2790 mandato
879 2725 915 2790 et
940 2715 1153 2790 ordinatione
1181 2725 1308 2788 nostra.
1341 2715 1397 2790 Ad
1424 2715 1528 2809 hujus
1560 2723 1675 2788 autern
1709 2713 1973 2789 confirmationis

564 2851 679 2915 nostre
701 2841 902 2915 memoriam
922 2851 957 2914 et
981 2841 1088 2913 robur
1104 2849 1270 2936 perpetuo
1290 2841 1477 2914 valiturum
1503 2843 1645 2936 prossus
1668 2841 1890 2936 priuilegium
1914 2861 1973 2936 por

564 2987 688 3040 manus
704 2967 870 3040 lobannis
889 2965 934 3040 de
953 2967 1116 3039 Sulmone
1130 2964 1254 3038 numni
1271 2975 1306 3039 et
1325 2965 1438 3040 lidelis
1455 2966 1561 3038 nostri
1581 2965 1685 3038 scribi
1708 2976 1743 3038 ct
1759 2966 1855 3038 bulla
1870 2987 1973 3040 anrna

563 3091 696 3188 typario
721 3091 908 3185 majestatis
923 3099 1037 3164 nostre
1059 3091 1226 3185 impressa
1238 3089 1407 3184 jussimus
1423 3089 1649 3182 communiri,
1672 3111 1785 3178 anuo,
1807 3111 1926 3162 mense
1940 3098 1974 3162 et

563 3214 750 3289 indictione
763 3214 977 3311 subscriptis.

610 3341 734 3413 Datum
752 3339 884 3412 Salerni
903 3350 981 3436 post
997 3338 1127 3410 curiam
1144 3337 1261 3434 Capua
1277 3337 1501 3429 celebratam,
1516 3359 1608 3414 anno
1624 3336 1799 3412 dominice
1817 3337 1972 3410 incerna-

562 3466 665 3539 tionis
681 3465 861 3554 MCCXXJ,
878 3486 996 3538 meuse
1014 3463 1191 3555 februarii,
1209 3461 1400 3537 indictione
1415 3464 1476 3556 lx,
1501 3465 1691 3560 imperante
1703 3460 1846 3536 domino
1859 3471 1972 3534 nocuo

561 3589 732 3664 Fridcrioo
750 3591 814 3663 Dei
836 3591 946 3685 gratia
965 3587 1252 3662 excellentissimo
1272 3588 1504 3662 Romanorum
1522 3589 1741 3684 imperatore,
1757 3607 1893 3682 semper
1910 3607 1973 3659 an·

561 3724 663 3809 gusto
674 3724 708 3787 et
716 3737 797 3810 rege
810 3714 937 3808 Sicilie,
949 3736 1041 3788 anno
1054 3733 1138 3802 vero
1151 3713 1295 3786 Romani
1308 3712 1443 3809 imperii
1455 3714 1598 3808 ejuslat
1609 3710 1708 3807 regni
1719 3709 1836 3785 Sicilie
1847 3711 1970 3800 xxm,

560 3841 716 3916 feliciter.
734 3841 857 3916 Amen.

1649 4127 1652 4134 ι

796 4157 802 4166 ι
816 4145 1733 4166 «ο--ι--ι-ιυ-ο-ι--ι-Ἥιι-ι--ηῌ-

370 4462 525 4570 „effla
614 4444 842 4550 Fridcricus,
856 4443 1117 4528 Romanorum
1138 4439 1359 4549 imperator,
1379 4435 1558 4520 balsamo
1576 4431 1704 4516 abbati
1722 4427 1881 4516 Curensi
1896 4427 1975 4537 pri-

389 4569 505 4668 ababa.
560 4578 743 4692 vilegium
766 4576 981 4687 impertitur
1005 4600 1083 4686 quo
1109 4572 1366 4684 possessiones
1395 4595 1528 4656 omncs
1555 4564 1774 4652 monasterii
1801 4563 1974 4674 eJ‘usdcm

559 4739 650 4800 cum
666 4712 800 4796 nastris
817 4721 855 4796 ct
876 4708 1067 4796 casalibus
1084 4707 1137 4792 ibi
1155 4705 1342 4817 expressis
1356 4703 1392 4790 ei
1413 4702 1633 4810 confirmat,
1653 4697 1758 4785 omni
1782 4695 1974 4782 sermmtin
