4298 5898
194 503 294 566 labier.
313 503 377 582 lu]
646 499 845 561 HISTORIA
869 499 1162 563 ulntottaulcu
1548 502 1609 566 455

276 637 371 720 [Edld.
389 637 427 699 R.
442 637 551 711 Plano,
566 632 751 710 Staium,
764 641 788 698 t.
803 637 845 714 ll,
859 636 1019 713 supplem„
1035 652 1065 714 p.
1084 645 1271 712 taes-1300,
1286 653 1326 698 ex
1336 635 1486 714 cuplbrev.
1504 638 1609 700 eccles.

314 745 435 808 Barber.
449 747 483 806 ln
496 743 619 806 cancell.
634 741 745 804 llenda
757 747 858 804 auum
871 742 1027 804 manlleatn
1038 742 1246 822 corrcxlmns.)

243 932 439 1008 Fridericns
466 933 588 1006 divina
615 933 753 1005 lavente
780 933 960 1006 clementia
988 933 1219 1008 Romanorum
1246 935 1447 1032 imperator,
1475 957 1611 1032 semper

193 1069 367 1154 angustus
393 1068 427 1132 et
454 1080 519 1131 rex
546 1057 675 1130 Sicilie.
702 1058 787 1130 Cum
813 1057 1066 1153 imperatoriam
1093 1060 1213 1132 deceat
1238 1059 1490 1154 providentiam
1520 1062 1611 1132 lruc·

193 1179 293 1256 tndse
309 1192 345 1256 et
361 1183 532 1256 suavitate
550 1179 747 1255 dulcedinis
763 1182 941 1255 attendere
959 1184 1100 1272 merita,
1123 1183 1433 1280 supplicationibus
1453 1193 1488 1256 et
1506 1185 1610 1276 justis

193 1308 355 1406 precibus
371 1307 604 1400 sanectorum
627 1305 763 1399 adesse,
784 1315 878 1379 tento
898 1307 1115 1402 potissimum
1132 1307 1177 1380 ad
1197 1319 1431 1381 sacrosanctas
1448 1310 1611 1383 ecclesias

192 1441 229 1507 et
246 1433 451 1507 monasteria
468 1435 541 1506 Deo
560 1429 674 1506 dicata
700 1440 835 1504 tenetur
862 1432 998 1526 pietatis
1021 1433 1140 1505 oculos
1158 1431 1324 1507 inclinare
1346 1442 1476 1528 quanto
1498 1433 1611 1508 domi·

192 1559 351 1633 nuntium
359 1558 549 1631 dominanti
561 1557 794 1653 gratissimum
804 1557 934 1631 residet
944 1580 1023 1631 cum
1036 1559 1111 1651 ejus
1115 1611 1608 1632 .............

194 1685 350 1780 inopere
365 1683 501 1779 pietatis
515 1683 712 1758 adhibetur.
733 1683 909 1756 Universis
926 1684 1032 1778 igitur
1049 1695 1117 1757 tam
1133 1685 1349 1780 presentibus
1365 1707 1472 1779 quam
1488 1685 1612 1757 lutaris

193 1808 356 1882 uolumus
382 1829 458 1880 esse
481 1817 601 1880 nolum
626 1806 722 1902 quud
744 1807 848 1880 lrater
863 1807 1036 1883 Antonius
1054 1809 1260 1883 venerabilis
1282 1811 1390 1882 abbas
1415 1811 1611 1884 monasterii

192 1932 361 2005 Roccadie
375 1931 609 2004 cisterciensis
623 1932 769 2021 ordinis,
787 1931 900 2007 fidelis
915 1941 1044 2026 noster,
1054 1933 1100 2008 ad
1115 1934 1246 2007 curiam
1259 1943 1410 2007 nostram
1426 1934 1607 2027 accedens,

191 2057 388 2130 secundnm
404 2057 565 2151 generale
589 2056 743 2129 edictum
762 2056 808 2130 de
833 2057 1023 2153 privilegiis
1048 2057 1266 2152 assignandis
1286 2059 1382 2153 quod
1404 2059 1440 2129 in
1464 2057 1608 2130 solemni

192 2181 290 2254 curia
306 2181 422 2278 Capua
439 2183 605 2271 lecimus,
625 2182 836 2278 presentavit
852 2183 952 2256 nobis
972 2183 1091 2278 aliqua
1112 2183 1295 2278 privilegia
1308 2205 1379 2278 qne
1394 2204 1415 2255 a
1431 2187 1607 2278 majestate

191 2316 307 2380 nostra
329 2308 419 2380 lacta
438 2308 502 2404 ipsi
523 2307 729 2381 munasterio
752 2309 797 2384 de
820 2306 990 2382 lloccedia
1015 2309 1152 2381 luerent
1177 2329 1338 2381 concessa
1357 2307 1409 2402 (l)
1435 2317 1514 2380 ante
1540 2307 1605 2379 im·

191 2431 280 2528 perii
302 2432 408 2504 nostri
429 2431 701 2524 coronationem,
719 2431 755 2502 ln
774 2431 904 2525 quibus
922 2430 1077 2505 vidimus
1094 2431 1259 2504 contineri
1284 2431 1503 2524 donationes,
1523 2453 1605 2504 con·

192 2557 385 2649 cessiones,
414 2556 588 2629 libertates
612 2565 646 2629 et
669 2555 945 2629 confirmationes
977 2578 1065 2651 quas
1089 2554 1135 2627 de
1163 2565 1326 2628 consueta
1354 2555 1463 2650 gratia
1489 2565 1605 2628 nostra

190 2679 347 2778 predicto
364 2681 572 2754 monasterio
589 2679 757 2753 Roccadle
775 2681 926 2775 benigne
940 2681 1187 2754 concessimus.
1203 2681 1279 2766 Qua
1296 2679 1477 2775 privilegia
1491 2703 1513 2754 a
1525 2701 1605 2753 ma-

187 2805 311 2898 jestate
327 2815 444 2880 nostra
461 2807 616 2902 inspecta
630 2803 675 2878 ad
692 2805 883 2898 subjectam
903 2805 1059 2898 ejusdem
1075 2806 1211 2879 abbatis
1224 2805 1524 2901 supplicationem,
1540 2827 1603 2902 pm

191 2930 302 3004 salute
318 2938 435 3004 nostra
452 2940 487 3003 et
509 2929 766 3024 progenitorum
789 2939 1005 3021 nostrornm,
1030 2931 1098 3026 ipsi
1121 2929 1236 3002 abbati
1259 2938 1294 3001 et
1314 2929 1500 3002 conventui
1525 2951 1603 3023 pra·

191 3053 284 3127 dicto
301 3053 498 3126 monasterii
519 3055 643 3128 Sancte
666 3053 774 3126 Maris
798 3051 843 3126 de
863 3053 1035 3127 Roccadia
1059 3077 1101 3126 ac
1117 3053 1374 3126 successoribus
1392 3074 1511 3125 eornm
1531 3075 1604 3149 per·

190 3187 295 3276 petuo
318 3177 563 3252 confirmamus
592 3185 633 3249 nt
663 3177 795 3273 absque
825 3178 896 3251 nlla
929 3179 1182 3272 molestiaque
1213 3179 1432 3251 continentur
1458 3177 1494 3248 in
1521 3177 1605 3272 ipsis

189 3302 408 3399 possideant,
429 3303 675 3395 concedentes,
702 3302 872 3377 donantes
890 3311 924 3376 et
941 3303 1183 3376 confirmantes
1203 3303 1317 3376 eidem
1342 3303 1545 3375 monasterio
1557 3301 1606 3398 [in

189 3406 396 3524 perpetuum
414 3427 648 3523 possessiones
665 3435 701 3500 et
714 3425 833 3501 omnia
847 3427 939 3502 bona
965 3449 1035 3524 que
1059 3429 1095 3500 in
1116 3428 1267 3524 presenti
1285 3436 1377 3500 tenet
1393 3435 1428 3499 et
1450 3425 1605 3523 possidet

190 3559 225 3624 et
245 3551 400 3626 inantea
417 3551 543 3648 poterit
559 3549 654 3643 juste
675 3549 774 3624 titulo
794 3549 960 3648 adipisci3
985 3574 1032 3626 ex
1055 3553 1185 3647 quibus
1200 3552 1352 3649 quedam
1373 3551 1529 3648 propriis
1543 3571 1605 3624 uo·

190 3675 324 3749 cabulis
353 3675 399 3750 ad
427 3673 573 3771 predicti
600 3675 737 3749 abbatis
763 3675 963 3771 petitionem
992 3675 1028 3748 in
1058 3677 1209 3772 presenti
1238 3677 1420 3774 privilegio
1437 3677 1605 3769 jussimus

189 3799 444 3896 exprimenda:
465 3801 595 3874 scilicet
608 3801 723 3873 locum
741 3801 866 3872 Sancte
887 3800 995 3874 Maria
1016 3800 1061 3873 de
1083 3801 1254 3876 Roccadia
1269 3799 1322 3898 (2)
1345 3801 1380 3872 in
1399 3821 1470 3895 quo
1491 3801 1606 3897 ipsum

189 3925 435 4000 monasterinm
458 3935 512 3998 est
535 3923 720 3998 lundatnm
745 3945 824 3995 cum
850 3924 1013 3997 omnibus
1030 3925 1240 4014 rationibus,
1264 3923 1397 4016 vineis,
1416 3924 1602 4014 viridariis,

188 4051 345 4144 olivetis,
366 4048 691 4142 circumjacentibus
708 4047 809 4121 terris
826 4057 861 4120 et
887 4049 1023 4144 pascuis
1040 4049 1132 4142 anis,
1152 4049 1333 4143 grangiam
1351 4051 1474 4122 Sancte
1494 4049 1602 4123 Mario

189 4173 235 4249 de
259 4175 459 4249 Catarractis
490 4195 570 4246 cnm
600 4171 761 4246 omnibns
793 4171 1004 4266 rationibus,
1032 4172 1166 4260 vineis,
1190 4171 1387 4262 viridariis,
1409 4172 1545 4246 olivetis
1567 4181 1604 4246 et

197 4531 199 4536 Ι
224 4447 262 4526 (4)
281 4447 381 4506 Nulllbi
392 4454 484 4507 antem
499 4448 680 4518 inveniuntur,
696 4445 760 4503 licet
771 4461 867 4503 eorum
880 4445 983 4504 Pbilad.
997 4447 1109 4520 Magnos
1122 4445 1226 4522 (Tbect.
1240 4441 1389 4520 caetea,
1403 4441 1449 4501 fol.
1465 4443 1526 4518 ³20)
1540 4449 1603 4502 uu-

187 4557 270 4620 quam
281 4545 396 4604 vaaldo
407 4545 516 4605 munii
531 4543 724 4621 predecessori
737 4543 901 4602 indultorum
914 4543 1079 4602 mentionem
1091 4543 1180 4603 iaciat.

224 4643 261 4720 (2)
279 4643 397 4704 lbbau'a
410 4643 499 4703 tribus
513 4644 631 4704 millibm
644 4658 773 4718 paurum
784 4643 914 4706 Leontino
928 4641 1039 4702 distans.
