4298 5898
209 589 386 674 16616613.)
659 587 856 649 HISTORIA
879 587 1176 653 otPtottattcs.
1566 591 1626 652 491

209 727 359 802 nasterio
381 725 498 798 Sancti
515 723 666 797 lllauritii
691 731 726 796 et
748 723 863 796 Sancti
889 723 974 818 Apri
991 723 1088 818 quod
1111 727 1178 798 sub
1201 729 1340 802 nomine
1364 728 1544 802 advocatia
1569 728 1626 800 sui

205 853 297 946 juris
318 853 404 924 lalso
425 871 487 946 per
512 849 737 922 hereditatem
755 871 831 924 esse
848 849 1058 923 asserebant.
1081 851 1197 924 Preter
1222 853 1287 928 hec
1313 854 1523 927 munitiones
1548 875 1625 926 cas-

210 979 281 1051 telli
307 977 394 1048 16166
410 985 560 1070 6661666
581 975 699 1048 leucas
720 975 766 1047 ab
786 975 874 1047 urbe
896 983 1014 1048 contra
1041 983 1206 1049 statutum
1224 999 1246 1051 a
1263 989 1417 1076 tempore
1441 980 1625 1074 Dagoberti

209 1103 303 1197 regis
320 1100 586 1192 edificaverunt,
611 1123 673 1197 per
693 1124 781 1195 quas
797 1123 845 1174 ex
862 1110 931 1174 tcto
955 1103 1102 1197 perierat
1126 1105 1269 1198 antiqua
1294 1106 1434 1178 libertas
1459 1106 1623 1194 civitatis,

208 1250 316 1324 quam
336 1249 415 1299 cum
432 1227 549 1300 banno
567 1226 676 1321 regali
703 1249 750 1300 ex
773 1225 906 1322 integro
931 1249 1051 1300 omnes
1074 1231 1251 1303 Tullenses
1275 1231 1456 1327 episcopos
1479 1253 1625 1326 aregno

211 1361 328 1428 nostro
347 1353 426 1446 jure
444 1360 611 1449 perpetuo
628 1351 849 1425 manifestum
870 1360 923 1426 est
938 1352 1130 1449 possidere.
1150 1355 1250 1428 Unde
1269 1357 1482 1451 querimonia
1500 1357 1624 1453 prelati

210 1477 366 1574 episcopi
395 1477 642 1572 compatientes
670 1476 830 1568 injuriam
863 1497 963 1550 suam
999 1479 1100 1552 nobis
1135 1482 1374 1576 reputavimus
1411 1489 1446 1555 at
1473 1483 1625 1578 prelatos

212 1604 448 1676 malefactores
466 1600 513 1676 ad
535 1602 742 1698 presentiam
769 1610 920 1676 nostram
943 1605 1153 1677 commoveri
1175 1606 1338 1698 lecimus,
1360 1606 1423 1701 qui
1445 1609 1625 1681 venientes

208 1729 312 1821 juxta
325 1727 535 1801 Vormatiam
547 1725 610 1824 (6),
624 1749 686 1823 per
698 1727 845 1800 milliare
858 1750 967 1800 unum
981 1730 1027 1802 ab
1037 1728 1124 1802 urbe
1139 1730 1299 1825 angarias
1313 1731 1473 1824 lerentes,
1485 1731 1625 1804 veniam

212 1853 425 1950 postulantes
451 1873 563 1947 nsque
591 1853 638 1926 ad
670 1850 777 1950 pedes
806 1851 949 1928 Arnaldi
977 1854 1132 1951 episcopi
1157 1855 1327 1931 Tullensis
1354 1856 1415 1952 qui
1444 1855 1625 1929 nobiscum

212 1978 331 2053 aderat
353 1978 447 2074 ipsas
469 1977 629 2071 angarias
656 1976 893 2073 deposnerunt
916 1987 951 2051 et
973 1978 1093 2053 decem
1118 1979 1223 2053 libras
1248 1983 1382 2075 argenti
1404 1983 1627 2078 666666116-

211 2103 305 2176 libus
321 2102 444 2176 ablatis
461 2101 615 2177 Arnaldo
639 2103 802 2201 episcopo
821 2105 1044 2178 restituerunt
1061 2115 1095 2178 et
1114 2107 1307 2180 libertatem
1328 2106 1479 2181 civitatis
1495 2129 1533 2181 66
1552 2130 1626 2180 666-

211 2239 354 2302 vaturos
370 2231 593 2322 juraverunt,
613 2236 728 2301 nostra
752 2228 856 2303 etiam
873 2228 996 2303 ditioni
1019 2251 1057 2302 se
1079 2240 1114 2302 et
1130 2251 1195 2302 sua
1218 2231 1447 2306 tradiderunt.
1468 2232 1626 2306 Praterea

213 2353 409 2427 interventu
429 2351 546 2425 dilecti
572 2349 635 2425 filii
663 2353 770 2427 nostri
791 2353 1005 2429 Zuintiboldi
1022 2365 1056 2428 et
1072 2353 1279 2429 Vizemundi
1296 2354 1344 2454 (1)
1367 2355 1468 2430 ducis
1490 2364 1525 2430 61
1547 2378 1624 2451 pre·

215 2479 273 2552 lati
290 2479 462 2576 episcopi,
481 2481 659 2573 antiquam
682 2479 876 2554 libertatem
899 2503 921 2554 a
942 2480 1091 2576 glorioso
1109 2503 1191 2576 rege
1214 2481 1407 2576 Dagoberto
1428 2501 1492 2554 666
1510 2502 1625 2554 66666-

210 2605 367 2679 borando
385 2614 552 2700 perpetuo
576 2605 754 2679 observari
776 2605 1005 2703 precipimus,
1027 2605 1157 2680 scilicet
1173 2614 1213 2679 ut
1233 2605 1321 2680 inlra
1340 2614 1490 2702 6661666
1507 2608 1625 2680 leucas

210 2730 257 2804 61)
276 2730 363 2804 urbe
380 2731 532 2804 Tullensi
553 2731 648 2803 nulla
663 2731 811 2803 munitio
835 2730 1021 2804 castellaris
1042 2730 1202 2805 edificata
1219 2739 1369 2824 maneat,
1389 2741 1538 2828 excepta
1560 2731 1626 2803 im-

210 2856 378 2929 munitate
391 2855 580 2929 Liberduni
596 2855 693 2950 quod
709 2857 887 2952 proprium
903 2863 1056 2931 tutamen
1073 2856 1224 2930 civitatis
1237 2864 1271 2929 et
1283 2856 1380 2929 locus
1396 2856 1493 2953 pacis
1505 2856 1541 2928 in
1554 2878 1626 2951 quo

208 2989 348 3054 sanctus
380 2981 572 3054 Eucharius
598 2989 728 3078 martyr
757 2989 941 3056 veneratur
967 2990 1002 3056 et
1027 2982 1189 3057 obsessus
1217 3003 1239 3056 a
1266 2981 1433 3056 Vandalis
1459 2981 1626 3055 remansit

209 3105 457 3194 indestructus,
478 3106 541 3178 uhi
561 3108 655 3178 Deus
679 3105 864 3180 excitando
884 3108 1072 3203 potentiam
1089 3129 1188 3180 suam
1207 3107 1322 3180 salvos
1338 3107 1421 3180 16611
1446 3108 1574 3181 multos
1591 3115 1626 3180 et

209 3230 358 3304 Vandali
380 3231 474 3328 passi
499 3230 636 3304 ruinam
661 3253 824 3326 magnam
850 3233 1027 3329 perierunt
1054 3242 1193 3329 propter
1223 3232 1422 3328 iniquitates
1447 3253 1529 3306 suas
1554 3230 1621 3330 (1).

208 3355 332 3429 Nullus
356 3379 512 3452 unquam
538 3357 744 3452 posteritatis
766 3366 881 3431 nostre
901 3379 967 3432 nec
984 3356 1149 3432 secularis
1176 3359 1328 3454 potentie
1354 3357 1473 3432 veniat
1492 3358 1554 3453 661
1581 3357 1624 3430 11-

207 3479 373 3554 bertatem
397 3483 499 3554 istam
522 3483 710 3578 infringere
736 3484 862 3580 possit,
890 3483 952 3558 sed
975 3484 1081 3577 hujus
1107 3483 1259 3579 precepti
1280 3483 1467 3557 auctoritas
1491 3482 1623 3555 nullam

206 3607 356 3701 patiatur
385 3605 627 3682 detrimoniam
659 3607 745 3707 (616)
776 3617 811 3682 61
835 3609 935 3683 lirma
962 3610 1163 3704 stabilisque
1190 3618 1386 3704 perseveret
1414 3608 1523 3681 illesa.
1553 3609 1623 3682 Da-

207 3740 301 3823 tum,
323 3741 389 3805 etc.
419 3730 476 3828 (6).
504 3773 548 3784 -
570 3733 740 3806 116661666
766 3732 886 3807 divina
911 3735 1050 3808 lavante
1078 3733 1259 3807 clementia
1286 3732 1517 3807 Romanorum
1543 3753 1620 3805 rex.

207 3855 293 3928 Cum
311 3856 416 3950 regiis
434 3865 567 3930 constet
583 3857 829 3930 munificentiis
849 3859 1072 3932 ecclesiarum
1088 3858 1151 3931 1161
1169 3866 1297 3931 statum
1315 3880 1452 3953 semper
1468 3857 1624 3931 extitisse

206 3981 379 4054 munitum
406 4003 448 4054 ac
470 3981 686 4056 moderatum
712 3982 885 4077 simulque
906 3983 1096 4056 exaltatum
1119 3983 1209 4075 1666,
1230 3981 1456 4054 nihilominus
1483 3981 1621 4081 piorum

246 4159 288 4235 (6)
308 4159 365 4236 Ap.
382 4159 489 4220 Benolt
511 4159 693 4221 Varta'ariam
709 4157 876 4240 (asanaa),
895 4161 983 4223 male.
997 4161 1137 4258 Inqaltera
1150 4163 1234 4239 copta
1247 4176 1295 4237 up.
1309 4159 1355 4222 116
1367 4159 1475 4239 (lampa
1485 4160 1565 4224 clara
1578 4160 1622 4223 le·

205 4267 284 4343 gitur
303 4266 491 4328 Vonaatiam.

247 4369 284 4452 (1)
306 4371 499 4436 Allasautem
519 4371 700 4436 Witemaadi
711 4377 774 4437 slve
793 4373 986 4437 Vilzemaadi.

248 4475 284 4555 (6)
306 4480 420 4541 Desunt
430 4481 657 4561 chronologlcac
669 4489 864 4561 notacneque
876 4483 948 4544 allbl
959 4482 1025 4544 illas
1037 4484 1162 4561 reperire
1175 4484 1334 4561 potuimus.

243 4715 281 4792 (1)
297 4716 374 4776 Circa
383 4733 447 4778 ann.
464 4721 527 4781 tos
542 4720 582 4780 cl.
597 4721 805 4799 Hieronymum,
820 4723 972 4784 8616166666
983 4730 1012 4783 61
1023 4721 1182 4800 (1666661666
1193 4724 1386 4782 1166666666).
