4436 5870
339 1170 365 1212 ln
375 1169 452 1213 eutrb

318 1222 376 1276 apud
386 1224 475 1274 urbem,

336 1277 454 1321 novembri.

1014 603 1228 668 retentet
1253 605 1426 668 seculum
1739 605 1819 688 [Arm.
1838 603 1924 666 lm.

1498 887 1524 894 ι-
1541 885 1709 896 -ο----ιο-ι-ι

566 1139 797 1251 FrideriouS,
813 1143 1074 1228 Romanorum
1089 1145 1314 1256 imperator,
1329 1173 1533 1231 commune
1561 1149 1710 1232 Pistorii
1731 1148 1804 1233 sub
1832 1173 1925 1260 spe-

511 1275 597 1356 ciali
612 1302 682 1359 sua
695 1278 926 1386 protectione
943 1279 1096 1388 recipit,
1114 1278 1348 1388 districtum,
1359 1280 1663 1392 jurisdictionem
1678 1291 1715 1364 et
1730 1281 1833 1366 bona
1845 1280 1925 1392 ejus

511 1409 731 1516 confirmat,
751 1419 789 1493 et
815 1409 1021 1522 Ugolinum
1045 1412 1238 1523 Paganelli
1261 1423 1484 1523 potestatem
1510 1414 1629 1524 ipsius
1650 1415 1865 1501 eommunis
1879 1416 1926 1497 de

511 1541 572 1623 bis
585 1543 765 1628 omnibus
783 1543 949 1628 investit.

593 1766 691 1847 (Edld.
705 1770 875 1844 Zscnrnu,
891 1766 1116 1831 eandoem.
1131 1771 1211 1847 aot,
1225 1789 1257 1850 p.
1275 1781 1344 1848 245,
1356 1789 1395 1834 ox
1408 1773 1482 1834 llbro
1495 1787 1648 1844 censuum,
1659 1769 1711 1833 lol.
1724 1773 1787 1844 ot.)

561 1964 599 2037 ln
619 1963 760 2037 nomine
782 1974 901 2039 sancte
922 1975 957 2038 et
980 1965 1166 2042 individue
1180 1968 1366 2042 Trinitatis.
1389 1967 1588 2042 Frodericns
1609 1965 1786 2040 secundus
1808 1965 1926 2040 divina

512 2089 650 2162 favente
666 2089 849 2163 elementia
866 2091 1098 2164 llomsnomm
1113 2093 1311 2190 imperator,
1328 2113 1464 2187 semper
1476 2099 1646 2186 angustus
1662 2099 1697 2164 et
1714 2111 1779 2163 rex
1796 2088 1922 2162 Sicilie.

511 2213 651 2306 Regalis
676 2212 862 2287 eminentie
889 2214 1058 2288 celsitudo
1085 2218 1238 2313 preclara
1265 2216 1420 2290 fidelium
1444 2237 1587 2290 suornm
1612 2215 1779 2310 obsequia
1812 2222 1926 2286 tenere

512 2344 592 2408 ante
617 2337 804 2430 mejestatis
831 2359 896 2410 sue
922 2339 1042 2412 oculos
1064 2341 1246 2414 consuevit
1270 2350 1306 2413 et
1326 2361 1386 2414 eos
1412 2340 1528 2436 potins
1550 2340 1720 2412 bonorare
1746 2359 1789 2410 ao
1811 2336 1927 2429 dignis

513 2462 624 2554 gratie
636 2459 813 2535 benefieiis
830 2463 1013 2558 prevenire
1028 2485 1090 2560 pro
1108 2464 1238 2560 quibus
1252 2465 1289 2536 in
1304 2472 1489 2560 eonspeotn
1507 2485 1573 2536 suo
1589 2473 1624 2537 et
1637 2465 1772 2536 sineere
1789 2460 1926 2536 devotio

511 2588 682 2684 supplicet
701 2595 737 2660 et
757 2587 899 2662 servitia
924 2597 1021 2683 grata
1040 2599 1212 2684 perorant.
1229 2589 1419 2685 Eupropter
1433 2597 1552 2661 notum
1570 2609 1647 2661 esse
1664 2588 1829 2661 volumus
1845 2586 1926 2657 nni-

511 2713 621 2786 versis
642 2712 769 2786 nostris
795 2711 959 2787 fidelibus
983 2721 1055 2786 tam
1081 2713 1301 2808 presentibus
1324 2735 1431 2808 qnam
1456 2713 1583 2786 suturis
1604 2711 1701 2808 quod
1723 2731 1788 2784 nos
1812 2718 1926 2784 atten-

514 2835 636 2908 dentes
657 2857 778 2931 puram
808 2834 913 2909 fidem
937 2844 971 2909 et
997 2838 1167 2912 sinceram
1188 2839 1409 2913 devotionem
1432 2837 1636 2912 dilectorum
1664 2835 1820 2910 fidelium
1843 2855 1927 2908 nos·

514 2971 645 3033 trorum
659 2961 852 3032 eommunis
864 2961 1013 3034 ciuitatis
1027 2961 1161 3035 Pistorii
1175 2984 1281 3058 mam
1294 2984 1377 3055 erga
1390 2963 1576 3058 imperium
1588 2969 1623 3034 et
1635 2958 1926 3034 noelandabiliter

515 3083 679 3157 habuisse
699 3091 901 3176 noscuntur,
921 3085 1047 3158 intuitu
1065 3086 1169 3159 etiam
1188 3086 1408 3160 servitiorum
1426 3107 1495 3179 que
1512 3081 1605 3158 divis
1625 3083 1784 3177 augustis
1800 3081 1928 3178 prede-

516 3207 711 3280 cessoribus
728 3207 853 3280 nostris
873 3209 1036 3283 memorie
1055 3211 1237 3286 recolende
1252 3209 1488 3283 exbibuerunt
1503 3207 1652 3282 fideliter
1669 3216 1705 3279 et
1723 3205 1851 3280 devote
1870 3213 1927 3275 at·-

514 3353 591 3426 que
602 3331 771 3423 majestati
789 3340 904 3406 nostre
921 3330 1072 3407 debono
1089 3333 1125 3406 in
1143 3335 1266 3408 melius
1284 3333 1517 3424 exhibebunt,
1538 3339 1764 3405 memoratum
1783 3348 1928 3402 oomune

514 3455 650 3527 Pistorii
675 3475 756 3526 oum
777 3455 939 3528 omnibns
964 3457 1065 3530 bonis
1090 3458 1164 3530 suis
1188 3458 1255 3530 sub
1281 3456 1420 3552 speciali
1453 3455 1665 3550 protectione
1690 3461 1807 3526 nostra
1835 3449 1927 3524 reei-

516 3579 649 3674 pimns,
671 3578 898 3651 coneedentes
923 3588 957 3652 et
975 3579 1216 3653 confirmantes
1235 3580 1286 3652 eis
1309 3581 1347 3651 in
1367 3588 1572 3675 perpetuum
1596 3577 1789 3652 districtum
1815 3583 1851 3648 et
1868 3575 1929 3665 J'u-

517 3704 752 3778 risdictionem
770 3711 805 3774 et
819 3703 936 3776 omnia
950 3723 1070 3776 eorum
1088 3703 1180 3776 bona
1193 3724 1266 3798 que
1282 3727 1301 3776 a
1319 3703 1533 3799 temporibus
1550 3703 1834 3798 pmdeoessorum
1849 3719 1928 3772 nos·

517 3843 647 3902 trorum
673 3827 908 3923 predictorum
931 3826 976 3898 ab
1000 3827 1051 3899 eis
1076 3837 1112 3899 et
1135 3826 1280 3922 imperio
1298 3829 1390 3919 juste
1415 3836 1602 3898 tennerunt
1622 3835 1657 3898 et
1684 3823 1931 3898 rationabiliter

517 3952 727 4042 habuerunt,
744 3958 779 4024 et
796 3949 842 4022 de
859 3950 915 4022 bis
932 3951 1094 4022 omnibns
1104 3952 1206 4044 juxta
1225 3970 1356 4022 morem
1373 3948 1509 4043 imperii
1527 3947 1733 4021 investimus
1745 3947 1931 4040 Ugolinnm

516 4076 691 4170 Pagnnelli
721 4082 923 4170 potestatem
952 4073 1044 4146 dicte
1070 4072 1219 4146 civitatis
1247 4093 1310 4167 pro
1342 4081 1440 4166 purte
1466 4072 1572 4144 totius
1599 4072 1757 4144 oomunis
1784 4069 1932 4144 civitatis

520 4202 644 4294 ipsius,
659 4201 738 4293 jure
755 4207 790 4271 et
809 4199 940 4270 bonore
955 4197 1090 4292 imperii
1109 4198 1146 4268 in
1166 4196 1329 4268 omnibus
1347 4205 1562 4269 oonservato.
1580 4195 1785 4268 Mandantes
1799 4202 1835 4268 et
1849 4215 1933 4290 pre-

521 4324 629 4394 sentis
649 4322 822 4415 privilegii
842 4321 1045 4394 anctoritate
1071 4319 1214 4393 tirmiter
1236 4320 1452 4413 injungentes
1474 4329 1515 4390 ut
1539 4339 1761 4414 quecumque
1786 4339 1934 4413 persona

523 4445 592 4516 alta
613 4445 671 4515 vel
693 4443 854 4534 bumilis,
870 4445 1100 4517 ecclesiastiea
1123 4445 1179 4516 vel
1204 4444 1384 4534 secularis,
1411 4443 1534 4515 civitas
1554 4465 1616 4515 seu
1644 4463 1793 4516 comune
1816 4451 1935 4516 eontra

524 4569 615 4638 lianc
634 4565 884 4659 receptionem,
903 4567 1156 4639 oonoessionem
1178 4575 1213 4639 et
1228 4564 1519 4638 confirmationem
1537 4575 1687 4640 nostram
1706 4567 1828 4639 uenire
1852 4587 1936 4662 pre-

524 4689 712 4784 sumpserit
727 4697 864 4759 centum
880 4687 985 4760 libras
1000 4689 1076 4760 anri
1094 4699 1288 4784 oomponat,
1306 4711 1454 4783 quarum
1470 4687 1637 4764 medietas
1650 4711 1786 4764 camere
1804 4699 1934 4778 nostre,
