4368 5876
538 617 597 680 180
1037 617 1247 681 turbanter
1274 619 1449 682 securint
1762 623 1841 702 [dns.
1859 625 1944 686 ml.

535 755 637 829 bonis
654 754 728 828 suis
745 755 926 828 stabilibus
944 765 980 828 et
992 756 1179 829 mobilibus
1191 756 1259 830 snb
1272 767 1388 831 nostra
1401 757 1611 853 protectione
1624 759 1765 856 speciali
1782 770 1817 832 et
1830 759 1946 835 delen·

536 881 633 954 sione
644 880 779 977 imperii
796 880 1024 978 suscepimus,
1039 889 1074 954 et
1089 902 1149 954 eos
1159 903 1201 954 nc
1211 880 1357 956 heredes
1369 903 1490 956 eornm
1505 881 1665 957 demanio
1681 894 1797 957 nostro
1810 882 1946 980 proprio

536 1015 572 1079 et
599 1005 734 1102 imperii
757 1005 951 1102 recepimus
974 1015 1140 1104 perpetuo
1162 1003 1373 1081 retinendos.
1395 1005 1630 1082 conmdontes
1653 1007 1785 1082 eisdem
1807 1007 1946 1102 suisque

536 1129 726 1204 heredibus
747 1153 788 1204 uc
810 1131 980 1228 imperiali
1007 1132 1209 1206 auctoritate
1228 1153 1276 1205 ex
1297 1139 1390 1205 certa
1407 1131 1552 1206 scientia
1574 1116 1814 1206 confirmantes
1828 1153 1946 1207 omncs

536 1265 658 1348 terras,
686 1257 935 1353 possessiones,
965 1257 1150 1330 tenimenta
1178 1265 1213 1330 et
1237 1255 1330 1330 bona
1354 1257 1471 1331 omnia
1495 1258 1631 1332 stabilia
1655 1267 1690 1332 et
1717 1258 1947 1352 mobilisque

535 1403 629 1454 nunc
642 1381 818 1478 possident
831 1391 866 1455 et
884 1383 921 1454 in
934 1392 1110 1480 posterum
1125 1380 1229 1454 dante
1245 1382 1391 1456 Domino
1405 1390 1566 1479 poterunt
1582 1383 1741 1481 adipisci.
1762 1384 1947 1457 Statuimns

534 1507 641 1602 igitur
664 1516 699 1580 et
721 1507 892 1604 imperiali
912 1508 1027 1582 edicio
1057 1505 1199 1580 tirmiter
1220 1509 1395 1582 sancimus
1415 1517 1455 1580 ut
1483 1507 1528 1582 de
1549 1519 1661 1584 cetero
1686 1511 1781 1582 nulla
1807 1509 1944 1598 civitas,

536 1633 672 1705 nullum
701 1654 903 1725 commune,
936 1634 1052 1706 nullus
1072 1654 1203 1726 comes,
1228 1633 1424 1708 vicecomes
1446 1643 1482 1706 et
1504 1635 1600 1709 nullu
1625 1656 1781 1730 unquam
1804 1654 1948 1731 persona

537 1758 737 1848 magnevol
756 1778 881 1854 parva,
904 1757 1135 1830 ecclesiastica
1151 1757 1208 1830 vel
1226 1757 1410 1849 secularis,
1428 1757 1601 1854 predictos
1626 1757 1747 1833 fideles
1765 1768 1899 1832 nostros
1913 1767 1948 1831 et

537 1881 674 1956 comitis
694 1883 866 1979 pretaxati
892 1883 948 1956 vel
975 1903 1094 1956 eorum
1114 1879 1278 1975 beredcs,
1298 1883 1474 1956 civitatem
1491 1884 1595 1958 eliam
1618 1886 1784 1980 prolatam
1802 1895 1837 1957 et
1854 1885 1948 1957 cives

537 2006 693 2102 ejusdem
728 2018 847 2082 contra
880 2008 986 2102 bnjus
1021 2017 1136 2080 nostre
1168 2005 1388 2104 protectionis
1417 2018 1453 2082 et
1486 2008 1754 2084 confirmationis
1786 2010 1947 2106 paginam

538 2133 691 2207 audeant
707 2135 888 2207 molestare
908 2135 964 2205 vel
983 2131 1088 2207 modo
1107 2131 1225 2227 aliquo
1229 2186 1604 2208 ..........
1635 2189 1646 2227 ,
1670 2134 1734 2208 sed
1751 2135 1818 2208 snb
1833 2144 1947 2208 nostra

540 2259 748 2355 protectione
770 2269 805 2333 et
836 2258 1035 2333 delensione
1063 2267 1098 2331 et
1117 2257 1278 2332 demanio
1304 2268 1421 2332 nostro
1443 2269 1480 2332 et
1499 2259 1633 2356 imperii
1657 2259 1756 2334 libori
1782 2269 1818 2334 et
1840 2260 1947 2355 quieti

539 2383 738 2457 consistant.
759 2383 977 2480 Quicumque
994 2392 1110 2456 autem
1133 2391 1253 2456 contra
1271 2381 1361 2455 hanc
1381 2391 1530 2456 nostram
1546 2385 1789 2479 protectionem
1808 2395 1843 2458 et
1860 2407 1949 2459 con-

540 2507 766 2583 firmationem
796 2509 916 2583 venire
946 2507 1218 2606 presumpserit,
1254 2505 1530 2603 indignationem
1562 2518 1713 2582 nostrum
1749 2531 1787 2582 se
1817 2510 1951 2584 noverit

538 2635 688 2728 graviter
702 2635 923 2709 incursurum
939 2642 975 2708 et
986 2655 1050 2731 pro
1063 2655 1154 2730 pena
1166 2641 1304 2706 centum
1320 2632 1425 2705 libras
1437 2633 1514 2707 anri
1529 2633 1651 2730 optimi
1665 2635 1945 2731 compositurnm,

538 2761 757 2836 medietatem
770 2759 914 2856 quidem
929 2781 1064 2832 camere
1081 2766 1214 2850 onore,
1229 2759 1333 2832 uliam
1345 2755 1565 2832 medietatem
1581 2759 1743 2852 injuriam
1759 2762 1881 2857 pessis.
1907 2762 1950 2835 Ut

540 2897 656 2961 sutem
683 2886 750 2960 bec
775 2896 889 2960 nostra
907 2885 1083 2958 concessio
1104 2893 1140 2957 et
1161 2881 1373 2958 confirmatio
1388 2881 1493 2956 robur
1517 2883 1670 2958 obtineat
1692 2893 1898 2981 perpetuum
1915 2895 1949 2958 ct

541 3012 740 3086 inviolabile
754 3010 1022 3101 firmamentum,
1040 3030 1179 3106 presens
1190 3008 1415 3106 privilegium
1429 3007 1533 3080 scribi
1547 3016 1582 3080 et
1596 3007 1707 3104 sigillo
1721 3017 1837 3082 nostre
1850 3009 1948 3084 celsi·

541 3136 673 3213 tudinis
685 3138 854 3230 jussimus
867 3136 1010 3208 inlerins
1022 3133 1187 3208 roborari.

590 3267 700 3361 Hujus
726 3265 777 3337 rei
803 3271 906 3336 testes
930 3269 1011 3334 snnt
1042 3255 1236 3333 Gualterins
1263 3256 1475 3332 Catanicnsis
1498 3257 1683 3354 episcopus
1711 3257 1808 3353 regni
1836 3258 1949 3332 Sicilie

541 3391 781 3481 cancellarius,
808 3388 984 3461 Bererdue
1008 3386 1271 3460 Panormitanus
1299 3382 1596 3478 archiepiscopus,
1626 3382 1788 3456 Nicotaus
1820 3371 1949 3456 Taren-

544 3521 637 3592 tinus
656 3515 780 3610 [urchi]
802 3513 1006 3610 episcopus,
1033 3510 1204 3585 Berardns
1224 3508 1453 3583 Messanensis
1474 3505 1754 3604 archiepiscopus
1775 3505 1846 3604 (l),
1865 3507 1949 3581 Diu·

540 3642 668 3742 poldns
682 3638 836 3714 marchio
852 3639 897 3713 de
914 3638 1073 3732 Hobnrg,
1094 3635 1282 3709 Rainaldus
1298 3633 1535 3730 duxSpoieti,
1556 3631 1741 3706 Anselmus
1757 3631 1802 3706 de
1820 3634 1948 3706 Iustin-

540 3791 609 3865 gen
629 3765 874 3854 marescalcus,
899 3763 1077 3838 Conradus
1100 3762 1145 3836 de
1166 3759 1282 3836 ilerda
1306 3759 1532 3852 camerarius,
1555 3757 1753 3854 Friden'gns
1775 3758 1820 3833 de
1843 3759 1949 3855 Stopb

538 3893 718 3992 pincerna.

590 4019 735 4112 Signum
755 4013 886 4089 domini
903 4012 1067 4086 Friderici
1086 4010 1302 4085 invictissimi
1320 4010 1549 4084 Romanorum
1564 4005 1798 4104 imperatorie,
1816 4029 1951 4107 semper

541 4145 697 4238 augusti,
714 4151 748 4216 et
762 4141 854 4237 regis
871 4139 998 4214 Sicilie.
1017 4135 1305 4235 (Mcnoprummo.)

589 4272 715 4343 Datum
741 4266 837 4363 apud
859 4265 1070 4355 Messanam,
1102 4283 1194 4336 anno
1221 4259 1394 4336 dominice
1420 4254 1663 4362 incarnationis
1690 4256 1739 4330 Μ.
1764 4257 1827 4332 CC.
1852 4260 1947 4352 XXI,

543 4415 662 4468 mense
690 4392 818 4484 madii,
849 4389 1036 4463 indictione
1058 4388 1125 4480 IX,
1154 4395 1321 4480 regnante
1344 4385 1486 4460 domino
1513 4379 1693 4456 Frederico
1720 4367 1951 4456 Romanorum

581 4675 620 4750 (l)
638 4673 669 4730 ln
691 4671 829 4747 impressis
850 4671 958 4729 nomine
970 4685 1113 4746 perperam
1132 4669 1342 4728 intervertuutur
1357 4665 1411 4726 boo
1423 4665 1503 4725 modu
1515 4682 1524 4722 t
1538 4686 1552 4721 ι
1566 4661 1699 4724 Berurdut
1719 4663 1881 4722 lemtim
1894 4665 1952 4738 epl-

545 4789 640 4850 ⁸0⁰P¹⁸⁸
651 4773 722 4846 (⁸1⁰),
737 4771 919 4830 Memmii
931 4767 1146 4844 ombiepiscoput
1157 4767 1296 4828 Niccieto.
