4292 5894
195 606 295 666 lantcr.
314 604 374 688 ll]
643 606 840 667 tttsronra
864 603 1154 667 nlanomarlca
1545 601 1604 662 327

196 741 280 812 libet
298 733 498 835 magnatum
520 749 555 813 et
574 741 719 814 aliorum
737 741 861 814 Christi
878 738 1033 815 fidelium
1048 760 1162 834 usqne
1186 735 1232 811 ad
1256 737 1389 810 obitum
1417 734 1606 832 supradicti

195 863 286 958 regis
301 864 474 936 Gnillelmi
491 863 634 938 secundi
652 865 847 939 consobrini
865 865 971 938 nostri
987 861 1170 938 recolende
1184 861 1349 934 memoris
1362 861 1606 934 monasterium

196 988 310 1084 ipsum
333 988 525 1061 dinoscitur
548 992 711 1063 tenuisse.
737 989 793 1063 Ad
818 990 917 1082 cnjus
943 999 1058 1063 autem
1085 988 1137 1061 rei
1162 987 1361 1060 memoriam
1384 994 1419 1058 et
1441 985 1547 1058 robur
1569 983 1606 1055 in

196 1122 398 1210 perpetuum
420 1114 609 1187 valiturum
627 1136 767 1211 presens
787 1114 1010 1210 privilegium
1035 1111 1268 1186 renovationis
1285 1121 1320 1184 et
1339 1091 1606 1182 confirmationis

196 1259 258 1334 per
275 1259 399 1310 manus
419 1237 583 1310 iohannis
605 1239 650 1312 da
671 1238 787 1334 Capua
802 1239 928 1312 notarii
949 1246 984 1310 et
1001 1235 1113 1310 tidelis
1132 1235 1238 1307 nostri
1259 1233 1362 1306 scribi
1383 1231 1551 1323 jnssimus
1572 1241 1607 1304 at

195 1359 309 1454 sigillo
327 1369 442 1434 nostre
462 1361 677 1434 celsitudinis
693 1362 857 1455 roborari,
876 1384 980 1454 anno,
999 1383 1118 1434 mense
1138 1368 1172 1434 et
1186 1357 1373 1431 indictione
1388 1355 1603 1451 subscriptis.

245 1485 371 1555 Datum
397 1485 493 1578 apud
515 1485 663 1558 lllontem
694 1484 810 1558 Sancti
830 1485 1016 1576 lobannis,
1042 1506 1134 1557 anno
1163 1483 1336 1556 dominica
1362 1479 1608 1554 incarnationis

196 1607 374 1680 millesimo
402 1608 639 1683 ducentesimo
662 1609 957 1701 vicesimotertio,
981 1629 1099 1680 mense
1117 1606 1249 1696 martii,
1275 1604 1464 1678 indictione
1487 1603 1607 1676 unde-

197 1731 298 1824 cima,
317 1731 451 1826 imperii
476 1731 609 1808 domini
626 1733 732 1806 nostri
752 1734 916 1808 Friderici
936 1735 997 1806 Dei
1015 1733 1124 1828 gratia
1140 1731 1359 1805 invictissimi
1376 1731 1607 1802 Romanorum

197 1855 422 1951 imperatoris,
440 1879 575 1954 semper
589 1860 728 1954 augusti
742 1869 776 1932 et
792 1859 1028 1955 gloriosissimi
1045 1859 1136 1954 regis
1148 1858 1262 1930 Sicilie
1276 1856 1492 1945 annotatio,
1507 1853 1606 1948 regni

197 2000 279 2052 vero
298 1980 413 2054 Sicilie
425 1982 592 2056 vicesimo
609 1983 742 2078 quinto,
760 1984 915 2056 feliciter.
930 1983 1054 2056 Amen.

243 2103 316 2198 Ego
340 2105 507 2198 begarius
525 2107 801 2206 archipresbyter
825 2107 928 2182 castri
951 2107 1115 2181 Geldonis
1136 2107 1314 2203 exemplar
1336 2105 1442 2200 hujus
1468 2103 1543 2179 vidi
1571 2113 1607 2178 et

196 2229 309 2322 legere
327 2229 463 2302 audivi.

244 2349 316 2443 Ego
332 2351 527 2426 Aminadab
548 2353 661 2445 judex
682 2355 785 2428 castri
809 2353 973 2429 Geldonis
992 2354 1205 2429 autendcum
1226 2353 1330 2445 buJus
1351 2350 1473 2424 audivi
1499 2361 1534 2425 et
1551 2353 1605 2424 le·

195 2475 380 2567 gerauldi.

243 2599 316 2692 Ego
332 2600 445 2692 judex
464 2602 633 2674 Robertus
651 2603 775 2676 Sancte
795 2603 902 2676 Marie
922 2603 967 2676 de
985 2602 1098 2676 Cercis
1122 2602 1334 2676 autenticum
1352 2601 1457 2692 hujus
1476 2601 1550 2674 vidi
1569 2611 1604 2674 et

195 2724 308 2816 legere
325 2724 459 2798 andivi.

535 3058 585 3066 --ι-
591 3060 597 3066 .
603 3057 1383 3069 -m--n--a--u-—u--m--nm-——n--u———u

247 3350 353 3434 Tunc
373 3362 517 3437 tractus
533 3365 599 3437 est
626 3381 649 3437 a
676 3356 934 3440 cardinalibus
955 3358 996 3440 in
1020 3358 1269 3468 Campaniam
1295 3361 1517 3468 imperator,
1538 3361 1604 3445 ubi
1661 3430 1712 3460 m
1728 3376 1797 3469 lm,

191 3483 306 3566 etiam
324 3486 478 3571 hortatu
495 3489 596 3599 regis
614 3489 915 3602 ierosolymitani
938 3503 975 3576 et
992 3493 1166 3604 magistri
1183 3495 1322 3577 domus
1340 3495 1545 3606 Hospitalis
1564 3523 1605 3581 se
1735 3485 1756 3516 ⁰'

191 3619 382 3701 commisit
404 3621 484 3731 ipse
509 3647 622 3732 papa.
644 3623 691 3705 Et
709 3625 812 3733 apud
833 3624 1076 3708 Ferentinum
1098 3625 1245 3709 habens
1267 3652 1355 3709 cum
1378 3627 1604 3737 imperatore

191 3750 445 3863 colloquium,
460 3756 636 3863 promisit
650 3757 800 3866 publice
817 3784 939 3868 usque
958 3759 1007 3841 ad
1026 3759 1223 3842 biennium
1235 3759 1276 3840 in
1291 3761 1426 3845 Terrae
1444 3763 1603 3847 Sanctae

192 3884 406 3968 subsidium
424 3887 689 3996 transfretare,
713 3890 887 3973 etlilium
905 3891 995 3973 dicti
1017 3892 1119 4004 regis
1141 3893 1279 3977 ducere
1297 3892 1336 3974 in
1354 3920 1512 3979 uxorem
1526 3897 1601 4008 ju-

191 4017 290 4099 ravit
308 4016 385 4130 (1)
402 4018 502 4102 Rrec.
524 4047 570 4102 ns
590 4021 630 4104 S.
654 4023 792 4130 Grau,
815 4023 985 4108 chronic.
1007 4029 1059 4106 cd
1077 4054 1165 4107 aaa.
1210 4117 1214 4124 ,

509 4259 565 4270 nnn-—

225 4395 262 4468 (t)
279 4395 319 4452 ci.
333 4395 401 4454 intra
413 4395 514 4456 litteras
527 4397 636 4456 lloncrii
647 4413 746 4473 papae,
760 4397 836 4458 datas
849 4399 987 4474 Laterani,
1002 4407 1116 4460 exeunte
1129 4402 1209 4462 maio.
