4298 5898
550 543 612 606 500
1050 558 1264 624 salutante!
1289 561 1461 626 SECUNDI
1772 564 1852 643 [An.
1871 567 1961 628 1225.

551 675 757 785 Imperator
774 681 874 764 XXII
883 683 983 794 julii.
1000 687 1132 800 Ibique
1150 693 1201 774 ad
1218 719 1307 776 eum
1320 695 1427 776 missi
1445 719 1468 776 a
1485 717 1584 802 papa
1600 693 1677 776 duo
1689 696 1849 779 veniunt
1865 723 1959 779 car-

550 809 715 914 dinales,
732 813 908 925 Pelagius
922 819 1062 904 scilicet
1075 823 1303 910 Albanensis
1316 827 1514 937 episcopus
1526 851 1571 908 ac
1585 825 1706 910 Gualo
1719 828 1819 911 tituli
1833 829 1959 913 Sancti

548 941 700 1028 Martini
713 947 909 1060 presbyter
921 954 1138 1040 rardmalis.
1155 959 1254 1042 Rrec.
1272 987 1318 1042 na
1332 960 1373 1044 S.
1393 961 1531 1066 Grau,
1548 960 1718 1043 Cbronic.
1735 966 1786 1042 cd
1804 991 1894 1044 aaa.

373 1655 376 1664 ·
462 1683 485 1714 n
600 1603 836 1714 Fridericus‚
865 1609 1125 1695 Romanorum
1155 1614 1374 1724 imperator,
1408 1615 1538 1698 scribit
1567 1613 1735 1697 Honorio
1767 1639 1889 1722 papae
1917 1639 1956 1695 se

425 1737 454 1820 t
473 1756 507 1822 .’
546 1736 801 1822 Albanensem
828 1743 1046 1852 episcopum
1073 1757 1111 1829 et
1138 1745 1265 1831 Sancti
1295 1749 1445 1832 Martini
1467 1746 1698 1830 cardinalem
1730 1747 1780 1829 ad
1812 1773 1854 1828 se
1879 1774 1953 1828 re-

546 1870 692 1953 nientcs
709 1873 981 1958 honorabiliter
998 1879 1222 1989 suscepisse,
1240 1890 1277 1962 et
1295 1907 1408 1990 super
1425 1881 1472 1963 iis
1489 1907 1587 1991 quae
1600 1906 1667 1962 rex
1684 1889 1722 1962 ct
1738 1881 1953 1989 patriarcha

544 2000 879 2114 lerosolymitenus
896 2017 934 2090 et
950 2012 1132 2119 magister
1149 2012 1466 2097 Theutonioorum
1485 2022 1739 2096 necaverunt
1751 2011 1863 2122 juxta
1883 2011 1951 2120 ip-

544 2133 623 2217 sius
640 2135 918 2246 beneplacitum
931 2145 1173 2249 processisse.

625 2375 745 2452 (Inedlt.
758 2395 797 2438 ex
809 2378 888 2440 libr.
900 2397 972 2442 cm.
988 2383 1085 2444 Geraia·
1097 2401 1251 2462 aarum,
1262 2386 1477 2450 aad0Blbbotb.
1494 2403 1554 2466 reg.
1567 2387 1674 2461 Parta,
1685 2401 1751 2447 anc.
1765 2385 1852 2448 londa
1865 2386 1947 2460 latia,

660 2491 796 2559 ueras,
808 2485 861 2546 tol.
880 2496 934 2548 rar
950 2495 1029 2550 racto
1041 2489 1151 2570 vaso.)

588 2697 788 2772 Beatissimo
809 2701 897 2795 patri
920 2702 1060 2776 domino
1082 2705 1233 2779 Honorio
1256 2707 1319 2779 Dei
1345 2707 1454 2800 gratia
1476 2714 1692 2779 sacrosancte
1712 2705 1866 2779 Romane
1884 2705 1948 2776 Ec·

540 2821 643 2894 closis
665 2844 801 2897 summo
822 2825 993 2920 pontifici,
1013 2829 1214 2902 Fredericus
1236 2829 1358 2902 eadem
1383 2829 1494 2922 gratia
1513 2831 1746 2904 Romanorum
1764 2831 1948 2925 imperator

538 2949 572 3013 et
588 2963 651 3014 rex
666 2945 781 3018 SIcilie
798 2969 934 3043 semper
957 2959 1143 3041 augustus,
1162 2951 1308 3023 salutem
1325 2959 1361 3022 et
1377 2951 1604 3024 reverentiam
1627 2949 1780 3023 filialem.
1800 2951 1946 3022 Venera-

537 3065 624 3137 biles
643 3067 762 3140 iratres
779 3081 911 3144 vestros
925 3071 1105 3145 dominum
1125 3071 1356 3146 Albanensem
1378 3072 1580 3168 episcopum
1598 3081 1633 3145 et
1647 3072 1829 3145 dominum
1841 3070 1883 3142 G.
1904 3072 1945 3141 ti·

538 3189 601 3260 tuli
616 3191 730 3262 Sancti
744 3193 881 3266 Martini
896 3195 1128 3268 venerabilem
1142 3197 1380 3293 presbytamm
1396 3197 1607 3270 cardinalem
1621 3195 1802 3268 affcctione
1813 3195 1945 3267 siccem

535 3320 571 3385 et
591 3312 721 3387 bonore
743 3317 945 3391 condecenti
961 3320 1178 3415 suscepimus
1198 3329 1233 3392 et
1251 3319 1344 3415 ipsos
1359 3321 1499 3416 ylariter
1515 3320 1670 3394 vidimus
1692 3329 1729 3394 et
1745 3318 1943 3393 audivimus

535 3436 729 3531 diligenter.
756 3439 867 3533 Super
889 3441 944 3513 bis
968 3451 1083 3514 antem
1107 3464 1176 3536 que
1199 3446 1298 3536 [per]
1319 3441 1485 3516 illustrem
1507 3465 1625 3538 regem
1651 3452 1686 3517 et
1710 3441 1941 3516 venerabilem

533 3561 761 3655 patriarcham
779 3565 1100 3660 lerosolymitanum
1117 3577 1152 3638 et
1166 3567 1366 3661 magistrum
1383 3567 1509 3640 domus
1523 3567 1815 3640 Theutonioorum
1829 3585 1940 3636 coram

470 3755 473 3760 .
530 3684 734 3776 paternitate
748 3698 862 3759 vestra
876 3689 971 3760 luere
989 3699 1129 3761 tractata
1144 3700 1178 3760 et
1201 3711 1264 3784 per
1280 3711 1344 3761 vos
1359 3699 1394 3762 et
1414 3691 1629 3764 venerabiles
1644 3689 1840 3763 cardinales
1862 3708 1941 3759 con-

530 3807 620 3878 sulta
637 3807 896 3884 deliberatione
922 3813 1082 3908 provisa,
1110 3814 1210 3904 juxta
1237 3813 1492 3908 beneplacitum
1523 3815 1776 3910 processimus,
1803 3810 1940 3904 siugula

529 3931 728 4004 executioni
747 3934 970 4025 mandantes,
989 3943 1091 4031 prout
1112 3936 1147 4007 in
1167 3937 1364 4030 patentibus
1387 3937 1509 4010 litteris
1528 3937 1623 4010 bulla
1644 3958 1750 4012 aurea
1768 3936 1940 4031 insignitis

529 4056 703 4150 profusius
724 4059 929 4133 continetur.
950 4123 954 4136 .

577 4181 703 4254 Datum
717 4183 811 4278 apud
824 4184 988 4256 Sanctum
1002 4182 1223 4273 Germanum,
1240 4183 1379 4258 XXVIII
1389 4183 1481 4278 julii,
1499 4185 1576 4257 XIII
1591 4184 1803 4258 indictionis.
