4436 5870
276 559 373 620 mm.
389 554 436 638 9.]
724 549 922 612 nrsronm
944 546 1234 610 urruonnrrca.
1647 545 1689 607 sn

323 694 448 764 Datum
462 689 499 760 in
515 687 636 761 castris
652 688 748 782 apud
766 696 915 760 castrum
931 685 1092 758 Resolum
1110 681 1197 780 (εἰς),
1215 681 1322 781 [anno
1338 681 1510 756 dominice
1524 682 1689 756 incarna-

276 809 394 910 tionis]
412 811 575 900 MCCXX‚
593 810 781 884 indictione
794 811 870 883 vlll
886 808 949 906 (a),
964 807 1120 881 kalendis
1139 806 1342 880 decembris.

488 1125 1471 1142 mmmm-um...

331 1404 558 1510 fridericus,
570 1402 830 1488 Romanorum
843 1403 1063 1512 imperator,
1075 1404 1125 1486 ud
1139 1402 1451 1512 supplicationem
1461 1405 1629 1489 Benivoli
1643 1407 1691 1490 de
1713 1429 1895 1530 nemppe

278 1535 410 1620 Rellan
432 1547 470 1620 et
491 1536 618 1620 Jacobi
636 1537 685 1619 de
702 1536 826 1646 liugn
843 1535 982 1620 civitati
996 1535 1252 1620 vercellarum
1265 1536 1465 1620 confirmat
1477 1538 1689 1651 privilegia,
1745 1535 1861 1578 amsa.

278 1669 501 1753 donationes
514 1678 552 1752 et
564 1669 826 1753 concessiones
840 1668 889 1752 ab
905 1694 976 1752 aro
992 1677 1030 1750 et
1050 1678 1157 1777 patre
1172 1693 1243 1752 suo
1266 1694 1332 1752 seu
1356 1670 1405 1752 ab
1424 1670 1541 1754 altero
1559 1696 1691 1755 eorum

278 1802 401 1885 eidem
420 1802 561 1886 civitati
579 1801 672 1886 olim
691 1801 852 1885 indulta.

357 2045 443 2128 (nnc
458 2063 508 2122 ap.
522 2045 631 2106 Hister.
638 2050 719 2124 potr.
732 2060 871 2118 muns,
886 2041 982 2104 chart.
996 2044 1062 2118 t.1,
1076 2059 1104 2120 p.
1125 2051 1219 2116 taos,
1234 2049 1355 2106 curante
1368 2043 1499 2108 Arnedeo
1511 2045 1638 2124 Peyron,
1652 2063 1691 2108 ex

277 2154 361 2230 copia
374 2153 508 2214 authent.
522 2153 555 2212 in
568 2151 651 2212 arob.
666 2150 796 2226 archiep.
812 2147 1123 2222 vercell.‚1v,mum.
1138 2159 1172 2208 n⁰
1187 2145 1234 2226 a.)

325 2361 519 2434 Fridericus
545 2362 720 2435 secundus
738 2361 859 2433 divina
876 2360 1013 2432 favente
1034 2360 1215 2432 elementia
1238 2361 1468 2432 Romanorum
1492 2363 1687 2458 imperator,

279 2507 413 2581 semper
430 2497 601 2578 augustus
625 2496 660 2558 et
683 2507 747 2558 rex
769 2485 896 2557 Sicilie.
918 2485 1107 2578 imperialis
1128 2485 1306 2557 clementie
1324 2495 1504 2557 mansueta
1526 2489 1690 2562 serenitas

277 2608 357 2682 ideo
386 2611 564 2683 consuevit
584 2619 666 2682 vota
689 2609 845 2682 fidelium
873 2608 1022 2702 benigne
1046 2607 1226 2681 admittere
1253 2617 1293 2679 ut
1312 2629 1377 2704 pro
1400 2609 1549 2682 servitiis
1570 2612 1690 2686 merita

277 2734 427 2805 conserat
450 2743 485 2805 et
507 2732 554 2805 ad
582 2733 723 2806 servitia
748 2731 926 2805 sinceritas
949 2729 1111 2825 augendo
1138 2729 1294 2803 fidelium
1323 2731 1475 2825 ipsorum
1503 2733 1537 2804 in
1566 2735 1690 2808 melius

277 2859 472 2930 voluntates
501 2858 658 2930 inducat.
686 2859 902 2952 Quapropter
928 2865 1047 2927 notum
1073 2855 1218 2926 iacimus
1252 2857 1424 2928 universis
1449 2867 1519 2930 mm
1545 2882 1690 2953 presen-

278 2981 370 3052 tibus
387 3002 494 3076 quam
518 2982 642 3053 suturis
663 2979 760 3075 quod
786 3002 849 3053 nos
870 2979 1084 3052 attendentes
1103 2977 1208 3052 fidem
1232 3001 1273 3052 ao
1294 2980 1512 3054 devotionem
1534 2983 1688 3057 fidelium

278 3113 472 3177 nostrorum
488 3105 534 3178 de
549 3107 723 3196 Vercellis,
744 3105 870 3176 intuitu
889 3103 1111 3175 serviciorum
1132 3125 1201 3197 que
1220 3125 1332 3197 usque
1349 3127 1441 3178 nunc
1457 3106 1689 3180 exbibuerunt

277 3229 473 3301 eelsitudini
499 3238 613 3301 nostre
628 3251 670 3302 ac
691 3229 727 3300 in
748 3239 849 3301 antea
864 3236 1024 3322 poterunt
1037 3225 1219 3318 exhibere,
1238 3227 1419 3321 privilegia
1436 3237 1470 3301 et
1488 3230 1688 3306 donationes

276 3373 337 3425 seu
357 3353 594 3426 concessiones
607 3352 722 3426 eidem
736 3352 867 3425 civitati
880 3353 924 3425 de
940 3350 1103 3423 Vercellis
1114 3349 1196 3421 olim
1212 3351 1319 3423 iactas
1333 3373 1354 3424 a
1367 3352 1508 3425 domino
1520 3355 1688 3430 Friderioo

276 3477 452 3572 quondam
475 3499 542 3550 avo
563 3489 678 3551 nostro
700 3488 735 3550 et
756 3476 896 3550 domino
918 3476 1064 3547 Henrico
1083 3474 1260 3569 quondam
1281 3486 1377 3571 patre
1398 3489 1514 3552 nostro
1533 3481 1689 3555 felicissi-

275 3601 342 3672 mis
366 3603 596 3673 Romanorum
619 3601 884 3695 imperatoribus
906 3597 1088 3672 recolende
1105 3597 1269 3670 memorie
1290 3601 1346 3672 vel
1365 3602 1411 3674 ab
1431 3604 1537 3676 altero
1552 3627 1688 3679 eorum·

277 3725 358 3796 dem
370 3726 534 3798 Benivolo
547 3725 592 3799 de
604 3726 721 3798 Bellan
735 3735 770 3798 et
784 3725 910 3797 Iacobo
925 3723 970 3795 de
983 3723 1096 3815 Rugia
1109 3723 1210 3795 nobis
1227 3723 1401 3797 humiliter
1416 3729 1689 3822 supplicantibus

277 3847 415 3920 nomine
435 3850 593 3923 comunis
615 3859 650 3921 et
671 3847 905 3921 universitatis
922 3846 1152 3918 Vorcallarum
1166 3867 1229 3940 pro
1246 3847 1321 3942 ipso
1336 3850 1475 3920 comuni
1493 3862 1527 3922 et
1542 3853 1688 3926 univer-

275 3970 376 4043 sitate
404 3973 554 4066 presenti
581 3973 765 4068 privilegio
790 3970 1052 4057 confirmamus,
1078 3970 1282 4043 mandantes
1308 3981 1341 4043 et
1371 3971 1512 4045 firmiter
1538 3981 1687 4070 presenti

276 4095 457 4190 privilegio
478 4104 665 4168 statuentes
684 4103 856 4191 qnatenus
874 4094 988 4167 nullus
1004 4089 1089 4192 [sit]
1108 4095 1169 4188 qui
1184 4104 1302 4167 eontra
1325 4097 1522 4169 eorumdem
1541 4099 1686 4192 impera·

276 4228 388 4290 torum
409 4219 588 4314 privilegia
605 4222 661 4293 vel
680 4219 930 4292 donationes'et
946 4216 1184 4289 concessiones
1199 4218 1347 4312 prefatas
1364 4219 1536 4291 civitatem
1552 4223 1686 4296 Vercel-

275 4342 387 4412 larum
404 4341 572 4436 impedire
594 4365 656 4415 seu
685 4346 863 4415 molestare
884 4348 1071 4437 presumat.
1097 4340 1198 4425 Quod
1218 4343 1279 4435 qui
1307 4345 1528 4437 presumserit
1550 4358 1687 4421 centnm

275 4463 379 4536 libras
396 4465 472 4538 auri
495 4474 677 4561 componat
693 4486 839 4560 quarum
860 4465 1027 4538 medietas
1050 4483 1185 4536 camere
1202 4473 1333 4557 nostre,
1351 4466 1457 4541 altera
1475 4489 1557 4542 vero
1577 4473 1688 4567 passis

316 4652 356 4730 (al
377 4657 497 4718 Rectius
516 4657 607 4720 VIIII.
