4272 5886
212 524 311 586 lvnrer.
330 516 390 604 lt]
665 515 863 580 HISTORIA
889 515 1182 580 nlrtovarrca.
1569 521 1630 584 555

212 680 283 732 non
303 655 473 730 immerito
495 654 608 751 potuit
628 653 838 751 comparari,
858 655 920 750 qui
944 663 1082 749 propter
1103 661 1246 751 peccata
1269 675 1334 729 sna
1353 655 1628 752 repromissionis

214 793 339 856 terram
359 801 581 876 nequaquam
598 779 734 874 ingredi
752 787 969 868 meruerunt;
988 779 1050 873 qui
1067 790 1253 874 antequam
1267 781 1456 854 Jerusalem
1473 782 1626 874 intraret,

214 915 323 978 morte
344 904 411 978 ruit
431 903 611 1000 repentina
636 905 673 976 in
695 903 850 999 quodam
874 904 1018 976 flumine
1040 904 1243 992 suffocatus,
1264 907 1365 997 cujus
1387 907 1536 980 animam
1562 929 1630 1002 op-

215 1041 328 1106 tamus
350 1029 397 1104 ad
420 1029 556 1102 celestis
580 1030 768 1102 Jerusalem
793 1029 1010 1103 consorcium
1036 1030 1247 1124 pervenisse.
1272 1030 1394 1104 Postea
1420 1033 1511 1104 siout
1537 1041 1630 1106 totus

214 1155 309 1229 orbis
324 1154 504 1228 manifeste
523 1153 639 1246 novit,
659 1151 781 1226 divina
798 1154 885 1226 ultio
901 1151 991 1228 filios
1007 1155 1101 1247 ejus,
1121 1155 1306 1228 Henricum
1323 1156 1487 1230 videlicet
1501 1166 1536 1229 et
1548 1157 1630 1229 Phi·

214 1281 363 1377 lippum‚
380 1281 492 1374 tetigit
508 1287 544 1353 et
560 1279 710 1376 punivit.
729 1278 823 1364 Quid
839 1301 922 1374 ergo
940 1279 976 1351 in
991 1279 1120 1352 malitia
1137 1280 1318 1375 gloriaris?
1335 1281 1427 1366 Quid
1444 1281 1479 1353 in
1493 1280 1630 1376 iniqui-

215 1416 286 1480 tate
308 1405 487 1480 desideras
508 1427 584 1479 essa
605 1394 752 1502 potensi
776 1403 868 1490 Quid
892 1403 1057 1478 invadere
1075 1405 1195 1479 niteris
1212 1405 1344 1498 aliena,
1366 1427 1446 1478 cum
1465 1407 1630 1480 latissime

217 1531 390 1604 sufficiant
404 1531 467 1604 tibi
486 1539 547 1605 tna
559 1538 594 1604 et
608 1552 689 1602 cnm
707 1530 783 1626 ipsa
796 1551 867 1603 non
889 1530 938 1602 sis
955 1531 1059 1624 longo
1077 1540 1231 1626 tempore
1248 1531 1493 1627 possessurus?
1511 1532 1630 1606 Nescis

217 1655 313 1752 qnod
327 1677 425 1730 mens
440 1655 592 1753 potentie
613 1655 719 1728 avida
734 1676 804 1727 non
824 1655 922 1728 novit
935 1655 1089 1748 gaudere
1107 1655 1291 1748 concessis,
1311 1677 1376 1728 nee
1392 1677 1413 1728 a
1428 1655 1544 1728 vetitis
1562 1657 1630 1728 ab·

218 1780 346 1854 stinere
373 1780 530 1854 conaris?
559 1782 702 1874 Ignoras
729 1779 827 1875 quod
858 1801 920 1876 per
950 1779 1159 1872 injusticiam
1189 1781 1269 1876 plus
1301 1778 1461 1876 petendi,
1495 1803 1631 1854 sumrna

219 1905 323 1979 totins
342 1904 451 1980 debiti
475 1906 667 1978 vacuatur?
684 1906 830 1978 Dubitas
851 1905 937 1999 quin
959 1905 1115 1978 amittere
1135 1903 1357 2002 privilegium
1379 1913 1550 1977 mereatur
1569 1904 1630 2001 qui

218 2027 385 2124 permissa
404 2029 472 2101 sibi
488 2029 643 2103 abutitur
658 2029 849 2126 potestate?
863 2030 938 2102 Hoc
956 2029 985 2100 si
1003 2029 1146 2123 quidem
1163 2052 1234 2102 non
1251 2039 1432 2126 propterea
1447 2030 1630 2104 scribimus

221 2162 260 2226 ul
287 2153 456 2249 imperiali
482 2175 608 2228 corone
634 2154 795 2248 injuriam
819 2154 971 2247 irrogare
1000 2155 1171 2246 velimus,
1201 2153 1264 2229 sed
1289 2163 1327 2227 ut
1351 2154 1525 2249 possimus
1550 2166 1629 2230 tea

221 2279 338 2375 pravis
357 2279 491 2353 actibus
508 2301 672 2354 revocare
691 2280 788 2354 etad
807 2281 903 2354 viam
923 2281 1091 2354 reducere
1111 2281 1280 2354 veritatis.
1298 2281 1389 2368 Quia
1403 2290 1535 2376 quanto
1551 2303 1631 2377 per-

221 2424 340 2478 sonam
364 2414 459 2478 tuam
477 2404 567 2478 inter
583 2414 715 2480 ceteros
736 2405 912 2502 principes
932 2405 1135 2480 christianos
1151 2406 1329 2480 sinceriori
1350 2404 1529 2500 diligimus
1542 2408 1631 2480 cari-

221 2537 307 2619 tate,
330 2538 426 2604 tanto
448 2530 625 2604 molestius
646 2540 682 2604 et
706 2530 850 2624 gravius
874 2540 1076 2628 reputamus
1098 2531 1194 2628 qnod
1216 2553 1259 2606 ea
1279 2533 1391 2606 lacere
1411 2553 1481 2606 non
1502 2532 1632 2604 vereris

220 2675 289 2747 qno
305 2653 342 2726 in
360 2663 475 2731 nostra
491 2655 690 2730 redundare
707 2656 912 2752 gravissima
926 2657 1128 2751 gravamina
1147 2656 1387 2749 dinoscuntur,
1408 2677 1473 2730 nec
1488 2656 1633 2730 intueris

220 2779 372 2875 corporis
396 2780 620 2877 opprobrium
641 2803 707 2856 nec
732 2782 847 2856 anime
874 2780 1131 2860 detrimentum.
1154 2782 1240 2854 Cum
1262 2781 1369 2876 igitur
1390 2779 1507 2875 gladio
1526 2781 1634 2878 spiri-

220 2902 303 2975 tuali
321 2903 412 2978 hona
430 2905 661 2980 ecclesiastica
685 2905 872 2980 defendere
890 2916 1070 2982 teneamur
1088 2917 1124 2981 et
1141 2906 1185 2980 de
1202 2907 1357 3002 quolibet
1373 2916 1514 3003 peccato
1536 2927 1633 2978 mor-

221 3028 281 3099 tali
296 3029 467 3126 corripere
488 3031 677 3126 quemlibet
699 3031 923 3106 christianum
942 3055 984 3107 ac
1007 3033 1111 3106 etiam
1132 3033 1163 3106 si
1188 3054 1330 3106 necesse
1348 3032 1453 3104 luerit
1474 3052 1537 3128 per
1551 3052 1633 3104 cen·

219 3173 334 3227 suram
351 3135 617 3229 ecclesiasticam
634 3177 804 3247 coercere,
821 3167 855 3232 te
868 3135 1063 3250 monemus,
1078 3157 1279 3231 inducimus
1293 3166 1328 3231 et
1340 3157 1517 3231 hortamur
1530 3165 1634 3250 atque

220 3277 287 3349 sub
312 3299 404 3374 pena
425 3281 795 3356 excommunicationis
821 3283 883 3356 tibi
906 3282 1032 3356 damus
1049 3281 1193 3355 tirmiter
1211 3281 1248 3354 in
1266 3279 1438 3356 mandatis
1462 3289 1635 3375 qnatenus

220 3402 415 3498 Apostolice
429 3404 528 3478 Sedis
539 3407 620 3499 jura
637 3406 683 3481 de
700 3417 813 3482 cetero
828 3431 891 3505 per
907 3417 941 3482 te
957 3410 1015 3484 vel
1030 3430 1092 3505 per
1111 3407 1218 3482 alium
1235 3406 1432 3481 nullatenus
1447 3405 1632 3501 inquietes,
1720 3423 1729 3438 ·

220 3535 254 3600 et
269 3549 339 3623 que
360 3528 461 3602 nobis
475 3533 599 3624 jurasti
621 3553 760 3608 servare
782 3532 925 3608 studeas
947 3535 1024 3608 sine
1049 3533 1192 3626 fraude,
1219 3533 1256 3606 in
1273 3533 1369 3607 nulla
1394 3531 1635 3626 magnitudine

218 3651 275 3724 vel
291 3653 443 3748 potentia
461 3654 681 3751 confidendo,
711 3658 795 3754 qnia
818 3681 889 3732 non
906 3670 958 3734 est
975 3659 1072 3756 apud
1086 3661 1197 3732 Deum
1220 3658 1373 3755 acceptio
1394 3677 1631 3754 personarum.

219 3775 388 3871 Scriptum
402 3786 455 3851 est
467 3780 561 3852 onim
578 3781 626 3856 itu
643 3806 651 3854 ι
671 3781 872 3856 «iudicabo
885 3805 1051 3879 magnum
1066 3793 1106 3855 ut
1117 3805 1281 3881 parvum,
1302 3809 1320 3855 n
1337 3792 1373 3856 el
1386 3783 1471 3857 alibi
1488 3810 1496 3854 :
1514 3781 1636 3855 «Con-

218 3901 314 3975 stitui
332 3913 365 3978 te
383 3927 489 4003 super
504 3918 623 4003 gentes
646 3918 681 3983 et
707 3932 814 4004 regna
831 3920 871 3983 ut
890 3912 1020 3984 evellas
1039 3921 1075 3984 et
1099 3910 1277 4003 (leaenas,
1298 3909 1465 4007 dissipes,
1493 3908 1634 3983 edifices

218 4034 323 4124 atque
348 4029 494 4126 plantes.
524 4059 542 4104 n
571 4034 808 4109 Plantavimus
833 4035 927 4108 enim
956 4034 1148 4133 provinca
1178 4033 1409 4110 ecclesiastica
1433 4033 1539 4107 vitem
1565 4055 1634 4130 quo

219 4172 319 4226 versa
341 4164 393 4228 est
409 4155 511 4232 nobis
529 4159 566 4231 in
583 4159 851 4236 amaritudinem
869 4162 1113 4237 labrustarum.
1135 4162 1266 4238 Caveas
1283 4183 1327 4235 ne
1344 4174 1525 4258 propterea
1541 4161 1633 4232 Deus

219 4275 373 4352 destruat
386 4289 420 4354 te
437 4281 475 4354 in
492 4281 595 4358 linem
612 4294 647 4358 et
664 4285 817 4360 radicem
832 4295 929 4361 tuam
946 4286 991 4360 de
1009 4297 1097 4361 terra
1113 4285 1306 4361 viventium
1325 4286 1469 4375 evellat,
1488 4282 1633 4380 dissipet

219 4409 323 4496 atque
339 4404 527 4502 dispergat.
546 4410 616 4482 Nos
631 4420 747 4484 antem
772 4433 841 4485 non
862 4412 1051 4509 poterimus
1074 4413 1222 4502 evitare,
1245 4411 1276 4483 si
1298 4410 1361 4485 diu
1382 4410 1495 4483 intua
1519 4409 1634 4484 dura-

219 4528 311 4600 veris
326 4530 511 4627 pravitate,
529 4535 617 4631 quin
632 4545 666 4610 te
684 4536 852 4611 sententia
869 4538 1097 4612 anathematis
1117 4533 1309 4634 feriamus(
1333 4533 1361 4633 ).

258 4672 294 4748 (⁴)
313 4675 355 4734 Gl-
365 4693 447 4754 supra
458 4695 489 4756 p.
502 4683 640 4756 5l9,‚not.
653 4683 700 4760 (l),
712 4684 747 4745 de
762 4685 860 4746 litteris
873 4685 1001 4746 Fridenci
1013 4685 1048 4745 nd
1062 4686 1186 4746 homines
1199 4685 1313 4746 tumre
1324 4683 1427 4760 Spoleti
1438 4683 1548 4744 directis
1558 4689 1587 4743 et
1601 4684 1635 4744 nd
