4298 5898
175 602 275 663 Iunior.
294 593 355 679 12]
625 588 822 652 HISTORIA
848 583 1141 650 ntrnortartcn.
1527 583 1588 648 435

179 732 302 808 dantes
321 727 417 826 quod
443 727 561 800 nullus
585 724 675 819 dux,
698 724 869 816 marchio,
888 743 1022 813 comes,
1044 723 1102 796 val
1125 721 1242 816 aliqua
1262 741 1412 817 persona
1434 719 1504 794 atta
1528 719 1587 793 rel

178 854 337 944 humilis,
361 851 592 930 ecclesiastica
614 852 672 925 val
692 849 887 940 mundana,
913 847 1108 947 pradictum
1128 846 1376 920 monasterium
1396 846 1433 918 in
1455 845 1588 920 eisdem

179 981 281 1054 bouis
306 979 381 1053 suis
405 986 524 1052 contra
553 975 759 1068 hujusmodi
785 973 1006 1070 protectionis
1029 980 1065 1046 et
1091 971 1360 1047 confirmationis
1382 979 1497 1045 noane
1526 991 1588 1068 pa·

180 1102 297 1198 pinam
322 1101 516 1197 inquietare
537 1099 667 1174 audeat
685 1099 741 1172 vol
765 1096 871 1171 modo
888 1095 1044 1191 quolibet
1061 1094 1276 1192 perturbare.
1299 1093 1402 1180 Quod
1423 1093 1486 1188 qui
1506 1114 1591 1189 pre-

180 1228 364 1324 sumpserit
395 1246 521 1322 penam
548 1231 687 1310 centum
719 1223 884 1296 librarum
909 1222 986 1296 auri
1012 1230 1218 1317 componat,
1246 1241 1395 1315 quarum
1421 1216 1591 1292 medietas

180 1350 265 1426 fisco
284 1359 400 1424 nostro
422 1349 611 1445 etreliqua
638 1347 806 1422 medietas
832 1345 994 1441 injuriam
1020 1346 1132 1443 passis
1152 1345 1378 1441 persolvatur.
1398 1340 1455 1417 Ad
1486 1343 1591 1436 hujus

181 1477 298 1572 itaque
324 1475 546 1573 protectionis
572 1483 609 1548 et
630 1472 902 1548 confirmationis
930 1471 1132 1546 memoriam
1156 1478 1191 1544 et
1213 1469 1372 1543 stabilem
1395 1465 1591 1542 firmitatem

180 1622 323 1698 presens
340 1601 507 1697 scriptum
528 1598 603 1673 fieri
620 1597 764 1672 fecimus
781 1605 816 1672 et
831 1597 944 1691 sigilio
957 1605 1074 1670 nostro
1087 1595 1189 1670 solito
1207 1593 1351 1668 fecimus
1368 1593 1588 1686 communiri,

181 1745 285 1818 anno,
306 1745 425 1797 mense
438 1733 473 1806 at
489 1721 678 1797 indictione
695 1720 897 1818 subscriptis
914 1719 929 1817 (
951 1718 979 1816 ).

227 1853 355 1924 Datum
372 1850 408 1922 iu
427 1847 566 1922 civitate
589 1847 753 1935 Cathanc,
769 1866 862 1920 auno
876 1844 1051 1922 dominico
1064 1841 1310 1918 incarnationis
1326 1839 1507 1916 millesimo
1519 1838 1591 1914 du-

181 1973 368 2048 centesimo
383 1973 556 2068 vigesimo
570 1979 707 2068 quarto,
725 1969 960 2063 mansejuuii,
979 1969 1039 2042 XI·
1055 1967 1244 2044 indictione
1259 1962 1318 2063 (d).

236 2620 469 2728 Friderious,
493 2621 755 2708 Romanorum
775 2623 1000 2734 imperator,
1016 2621 1056 2703 iu
1075 2647 1197 2706 unum
1213 2621 1454 2734 privilegium
1471 2621 1594 2735 redigi
1739 2738 1747 2752 .

182 2753 291 2862 facit,
310 2764 466 2840 renovat
483 2764 521 2840 et
541 2756 743 2841 confirmat
763 2757 841 2841 duo
858 2755 1055 2867 priuilegia
1078 2782 1161 2839 ase
1182 2758 1412 2841 monasterio
1435 2755 1595 2841 Sanctae

182 2889 323 2974 Mariae
348 2891 486 2975 Montis
509 2891 678 3003 Virginis
705 2891 873 2999 indulte,
897 2892 1067 3002 primum
1093 2918 1224 2976 mense
1249 2891 1351 2975 maio
1372 2891 1495 2999 1221,
1525 2918 1594 2976 se-

184 3024 355 3109 cundum
373 3036 501 3109 autem
518 3052 649 3112 mense
662 3025 761 3137 julio
781 3027 899 3107 1222.

267 3239 390 3322 (Inedtt.
405 3241 438 3302 in
452 3239 572 3303 nrchtro
586 3241 698 3304 Montis
711 3241 810 3321 vua,
824 3242 885 3304 vol.
900 3241 985 3314 VIII,
1000 3255 1035 3302 n⁰
1045 3251 1096 3316 on,
1110 3258 1146 3304 ex
1160 3241 1296 3322 ortgtnalt
1308 3245 1395 3322 cujus
1407 3243 1551 3320 scrtptura
1564 3243 1596 3302 tn

304 3347 403 3409 madio
414 3363 608 3427 pergamenae
621 3355 788 3427 temporum
801 3350 911 3427 thurta
924 3347 986 3410 tere
998 3349 1096 3410 deletu
1108 3346 1176 3430 est.)

235 3559 439 3634 Fmdericus
458 3561 518 3634 Dei
539 3563 648 3656 gratia
665 3562 897 3637 Romanorum
918 3563 1122 3658 imperator,
1142 3583 1278 3659 semper
1298 3571 1467 3658 augustus
1482 3571 1518 3638 et
1531 3584 1596 3638 rex

186 3684 313 3758 Sicilie.
341 3685 406 3760 Per
426 3707 568 3783 presens
583 3688 759 3784 ,scriptum
782 3696 902 3762 notum
928 3687 1073 3760 tacimus
1097 3687 1270 3761 universis
1287 3687 1451 3761 fidelibus
1472 3688 1597 3763 nostris

187 3819 257 3882 tam
280 3811 497 3906 presentibus
516 3834 622 3907 qnam
649 3812 774 3884 futuris
793 3810 889 3906 quod
910 3811 1083 3885 Iohannes
1102 3811 1309 3884 venerabilis
1332 3811 1441 3886 abbas
1458 3821 1493 3886 et
1514 3835 1597 3888 oon·

186 3944 312 4007 ventus
335 3937 532 4008 monasterii
553 3939 677 4012 Sancte
697 3937 805 4012 Maria
824 3937 951 4012 Montis
976 3935 1130 4032 Virginis
1148 3933 1268 4010 fideles
1289 3938 1400 4011 nostri
1424 3959 1487 4035 per
1507 3939 1597 4013 duos

189 4058 235 4132 de
250 4059 411 4132 tratribus
433 4061 507 4134 suis
528 4061 725 4137 celsitudini
746 4073 862 4136 nostre
879 4061 951 4136 duo
969 4061 1150 4157 privilegia
1166 4071 1407 4157 presentarunt
1426 4062 1492 4161 ipsi
1513 4085 1597 4138 mo-

187 4183 336 4256 nasterio
357 4193 436 4280 post
452 4185 584 4260 curiam
603 4185 802 4283 Capuanum
821 4210 844 4261 a
862 4186 964 4261 nobis
978 4185 1133 4277 indulta,
1151 4195 1185 4259 et
1201 4187 1369 4280 maiestati
1391 4197 1507 4262 nostra
1527 4190 1597 4266 de-

187 4309 302 4381 votius
319 4310 559 4405 supplicarunt
580 4319 621 4384 ut
641 4333 682 4384 eu
704 4311 884 4385 transcribi
900 4321 937 4386 et
955 4313 991 4383 in
1008 4322 1123 4384 unum'
1137 4310 1250 4407 redigi
1263 4311 1483 4408 priuilegium
1504 4317 1597 4390 face-

186 4451 321 4520 remus3
344 4452 493 4527 quorum
509 4434 719 4508 continentia
733 4435 812 4508 talis
825 4443 902 4509 est:

227 4605 266 4687 (a)
289 4609 347 4686 Ap.
361 4608 546 4670 Bonncmant
557 4610 771 4692 mprwrtptir,
786 4613 886 4674 minut
898 4618 983 4674 recte

229 4711 271 4793 (d)
293 4713 343 4775 Sto
355 4716 387 4775 lu
399 4715 511 4778 codice.
522 4715 643 4780 Rectius
654 4723 754 4781 tamen
767 4719 921 4798 legendum
934 4719 1014 4781 atr.
