4368 5876
216 676 314 736 trurcr.
330 673 375 754 9.]
664 670 862 733 HISTORIA
888 666 1181 731 utruousrlcn
1574 662 1627 724 181

218 809 423 907 imperatore
441 807 607 904 glorioso,
626 829 763 902 semper
783 818 949 902 augusto,
968 815 1003 880 et
1022 827 1104 900 rege
1123 801 1256 895 Sicilie,
1275 822 1368 875 anuo
1387 799 1485 896 regui
1503 802 1579 894 ejus
1594 799 1631 870 iu

216 933 400 1008 Germania
421 934 486 1026 IX,
514 933 660 1025 [Sicilie]
687 933 816 1023 XXIII,
844 931 980 1029 imperii
1000 953 1085 1005 vero
1105 929 1182 1023 ejus
1205 948 1297 1003 auno
1319 926 1448 1023 prime,
1474 925 1629 1000 feliciter.
1665 977 1666 982 ,

216 1059 340 1134 Amen.

271 1505 504 1616 Fridericus‚
528 1507 789 1591 Romanorum
807 1506 1032 1618 Imperator,
1057 1502 1287 1588 monasterio
1305 1502 1466 1586 Sanctae
1491 1501 1631 1588 Mariae
1681 1511 1816 1618 ms

218 1639 356 1724 Montis
369 1640 536 1752 VirgiuIs
549 1641 721 1724 concedit
736 1649 774 1724 et
789 1639 991 1726 coufirmat
1004 1638 1178 1723 homiues
1191 1648 1229 1722 21
1245 1662 1503 1748 possessuues
1516 1664 1632 1746 quos·
1715 1620 1783 1665 ⁸⁸¹⁰·

219 1773 311 1855 dam
328 1774 368 1856 iu
388 1775 595 1858 lenimento
615 1773 873 1886 Magdelouis,
893 1801 964 1858 noc
980 1799 1059 1857 nou
1081 1781 1118 1856 et
1139 1770 1326 1882 hospitale
1346 1798 1559 1882 pauperum
1584 1773 1634 1856 de

219 1907 380 1996 Nuceria
396 1918 435 1994 et
447 1919 571 1993 totum
586 1911 692 2021 qnod
708 1911 877 2020 possidet
894 1910 934 1992 iu
952 1909 1142 1994 territorio
1159 1907 1284 1992 Sarni.

300 2126 425 2208 (Insilit.
441 2129 474 2190 Iu
497 2125 704 2191 1122122222
718 2128 823 2190 umato
841 2125 932 2209 Virp„
947 2127 1005 2189 rol.
1021 2127 1106 2206 VIII,
1119 2136 1154 2187 u⁰
1169 2135 1219 2188 62.
1235 2126 1322 2203 Quod
1341 2125 1463 2204 qrrldem
1484 2126 1584 2188 <laturi
1602 2128 1635 2189 Iu

360 2241 547 2313 naucumpto
567 2237 659 2314 Ipsius
672 2237 856 2314 Imperatoris
868 2237 1010 2297 Frlderici
1022 2236 1061 2296 ad
1075 2251 1146 2295 anu.
1166 2243 1261 2308 1221,
1276 2234 1635 2313 222222]2212,1112122-

359 2342 513 2403 tummodo
536 2343 651 2420 locum,
676 2359 789 2405 aunum
811 2349 842 2405 et
861 2359 992 2404 mensem
1016 2341 1055 2403 ad
1077 2342 1239 2403 ornandam
1260 2342 1505 2404 documentorum
1530 2343 1635 2404 seriem

360 2449 551 2531 Iudicemus.)

271 2638 472 2713 Frederieue
487 2639 549 2712 Dei
570 2639 680 2735 gratia
696 2640 928 2713 Romanorum
950 2639 1147 2734 imperator,
1168 2661 1303 2736 semper
1319 2648 1506 2736 augustus,
1521 2655 1555 2713 et
1571 2663 1634 2714 rex

220 2763 349 2838 Sicilie.
366 2763 453 2836 Cum
466 2764 554 2836 inter
571 2773 683 2838 cetera
698 2764 835 2862 pietatis
851 2785 976 2861 opera,
993 2773 1059 2838 etc.

271 2889 396 2962 Datum
423 2889 460 2962 in
489 2889 628 2963 clvitale
657 2891 832 2979 Messene,
861 2910 953 2962 euno
981 2887 1153 2964 dominice
1181 2889 1426 2966 iucarnationIs
1453 2891 1634 2966 millesimo

223 3012 460 3088 ducentesimo
475 3014 641 3089 vicesimo
654 3015 783 3111 primo,
802 3035 921 3088 mense
937 3013 1062 3105 madii,
1078 3015 1265 3090 iudictIcue
1283 3038 1391 3106 noua,
1409 3026 1476 3090 etc.

277 3557 509 3667 indeficue,
528 3559 790 3646 Romanorum
816 3561 1040 3672 imperator,
1060 3565 1289 3650 monasterio
1312 3567 1470 3653 8222122
1495 3571 1634 3656 Mariae
1684 3591 1817 3690 ma

224 3693 274 3776 de
286 3691 425 3779 Noeris
440 3693 696 3777 Cistereieusis
708 3695 869 3805 ordinis,
880 3697 1130 3784 Messanensis
1144 3699 1341 3810 dioecesis,
1351 3702 1548 3815 privilegia
1561 3706 1633 3788 sibi
1716 3673 1818 3744 Μ’

220 3826 331 3937 juxta
348 3828 655 3914 constitutionem
679 3830 830 3940 Capuae
855 3831 996 3916 editam
1021 3843 1260 3943 praesentata
1282 3837 1445 3920 restituit
1470 3847 1507 3922 et
1532 3865 1634 3924 cou-

223 3959 365 4045 firmat.

307 4177 398 4252 (sut.
413 4193 459 4257 ap.
475 4177 584 4260 Pmuo,
595 4175 675 4242 Stctt
689 4196 777 4258 ruer„
792 4188 816 4244 t.
830 4182 870 4257 11,
886 4183 1032 4260 supplem.
1045 4199 1078 4260 p.
1091 4191 1179 4260 1224,
1192 4184 1244 4245 ced
1255 4186 1426 4282 incorrecte,
1436 4194 1471 4250 ut
1482 4187 1523 4249 lbi
1535 4189 1632 4266 solet.)

274 4366 705 4444 Fridericusliomancrum
716 4370 913 4468 Imperator,
925 4393 1060 4471 semper
1070 4383 1251 4471 ungimine,
1266 4371 1330 4474 [ct]
1341 4398 1406 4450 rex
1413 4377 1538 4450 Sicilie.
1548 4377 1633 4452 Cum

226 4499 363 4565 sanctas
385 4494 547 4568 ecclesias
571 4503 606 4568 ct
626 4497 703 4570 loca
722 4497 933 4571 venerabilia
955 4499 1086 4594 quibus
1106 4501 1246 4596 placens
1259 4501 1331 4576 Deo
1350 4503 1470 4598 religio
1485 4504 1636 4578 noscitur

226 4617 374 4692 militare
385 4619 453 4714 piis
465 4617 648 4715 (o)meutIs
660 4631 775 4696 nostre
789 4624 898 4696 oculis
911 4624 1085 4699 iutuemur
1101 4637 1135 4700 et
1148 4648 1190 4702 ea
1200 4629 1320 4703 votive
1330 4629 1540 4704 liberalitatis
1557 4655 1635 4705 mu·

269 4795 311 4872 (a)
331 4796 390 4874 Ap.
403 4751 663 4879 Plrrnmjaclim
675 4803 704 4861 et
717 4817 729 4858 .·
741 4799 822 4878 qnod
835 4817 924 4864 renen
936 4803 1058 4864 omuino
1071 4809 1159 4865 caret.
