4296 5898
564 555 625 618 aaa
1064 545 1278 612 raroenrcr
1306 545 1511 612 saccant·
1791 548 1976 628 [amma

637 681 1979 768 (mmttmmbstuttgartemt,exeoptapergnnmarecubxltlexeunoe,quabe

676 795 789 858 ciculus
810 794 979 858 cbadmum
995 794 1111 857 adord.
1122 793 1266 857 Tbeutoo.
1285 790 1483 870 spectantium
1495 785 1684 870 cooperitur.)

604 980 643 1052 ln
666 981 805 1054 nomine
828 989 945 1054 sancte
967 990 1003 1054 et
1024 978 1207 1052 individue
1225 977 1412 1051 Trinitatis.
1436 977 1631 1052 Fridericus
1656 976 1834 1052 secundus
1858 978 1973 1054 divina

555 1106 693 1178 favente
711 1103 892 1178 clementia
913 1105 1143 1178 Romanorum
1162 1103 1361 1200 imperator,
1378 1123 1514 1198 semper
1528 1111 1697 1198 augustus
1712 1111 1748 1176 et
1766 1123 1834 1176 rex
1846 1103 1969 1178 Sicilie.

554 1227 742 1324 Imperialis
763 1228 967 1302 excellentia
988 1227 1100 1323 exigit
1121 1235 1160 1301 ut
1182 1227 1273 1300 deut
1290 1227 1411 1300 ceteris
1428 1227 1604 1322 potestatis
1627 1227 1779 1300 culmine
1799 1228 1974 1324 premine-

553 1375 652 1446 mus,
674 1353 721 1426 ita
746 1353 882 1449 pietatis
906 1353 1023 1428 studio
1052 1351 1175 1427 ceteris
1201 1359 1385 1448 preeuntes
1411 1351 1574 1425 omnibus
1603 1351 1811 1448 prebeamus
1838 1353 1973 1426 virtutis

550 1479 770 1574 exemplum,
789 1478 943 1552 maxime
960 1477 1173 1552 liberalitatis
1189 1475 1343 1550 officium
1361 1475 1557 1550 exercendo
1576 1475 1669 1550 circa
1688 1476 1867 1572 religionis
1883 1499 1972 1572 aug-

552 1612 708 1676 mentum
721 1611 756 1676 et
768 1603 899 1674 cultum
914 1601 1026 1676 divini
1044 1602 1194 1678 nominis
1207 1601 1459 1697 ampliandum.
1473 1601 1524 1674 Ea
1537 1609 1677 1697 propter
1692 1610 1814 1676 notum
1830 1602 1973 1674 belmas

552 1727 724 1801 universis
740 1727 864 1802 nostris
883 1725 1045 1802 fidelibus
1062 1737 1133 1802 tam
1149 1728 1367 1823 presentibus
1383 1749 1490 1823 quam
1510 1726 1635 1799 suturis
1652 1724 1751 1820 qnod
1768 1725 1911 1821 quidam
1926 1725 1971 1800 de

551 1852 713 1927 iratribus
733 1851 858 1925 domus
876 1851 1054 1949 hospitalis
1073 1855 1198 1926 Sancte
1223 1851 1332 1926 blarie
1357 1851 1394 1923 in
1420 1850 1632 1924 iherusalem
1659 1851 1967 1942 Theutcniocrum,

552 1975 669 2048 dilecti
696 1975 797 2050 nobis
822 1976 859 2048 in
878 1976 1046 2069 Domino,
1070 1975 1117 2050 ad
1144 1984 1258 2050 uosbe
1280 1974 1466 2069 majestatis
1483 1975 1691 2071 presentiam
1711 1975 1891 2050 venientes
1908 1996 1970 2071 pro

552 2109 650 2196 parte
668 2101 908 2174 universorum
924 2102 1067 2175 trabum
1087 2101 1244 2196 ejusdem
1262 2101 1388 2176 domus
1406 2099 1605 2174 celsitudini
1623 2109 1740 2173 nostre
1758 2111 1829 2174 tem
1847 2099 1969 2174 devote

550 2248 654 2321 qnam
680 2225 855 2300 humiliter
879 2227 1119 2323 supplicarunt
1143 2235 1183 2300 ut
1204 2224 1364 2322 predium
1390 2224 1535 2297 ecclesie
1557 2225 1681 2298 Sancte
1704 2225 1811 2299 blarie
1837 2225 1873 2298 in
1897 2227 1968 2298 lle-

550 2351 705 2445 gelstede
719 2349 769 2448 (c)
784 2351 888 2423 situm
905 2351 1000 2446 quod
1018 2373 1038 2424 a
1055 2351 1218 2424 iratribus
1234 2349 1379 2423 ecclesie
1400 2351 1525 2422 Sancte
1546 2347 1653 2422 blaria
1674 2349 1719 2422 ad
1741 2349 1872 2442 gradus
1896 2351 1966 2422 lla·

550 2475 695 2570 guntine
709 2495 773 2571 pro
792 2483 931 2548 centnm
948 2475 1074 2548 marcis
1088 2475 1222 2569 argenti
1237 2483 1394 2547 emerunt
1408 2482 1444 2546 et
1460 2473 1677 2547 advocatiam
1692 2496 1714 2547 a
1733 2473 1860 2549 dilecto
1874 2477 1965 2571 prin·

550 2599 626 2695 cipe
657 2609 775 2672 nostro
804 2599 955 2696 Syvrido
980 2598 1182 2694 llaguntiue
1204 2598 1298 2671 sedis
1319 2597 1577 2696 archiepiscopo
1603 2599 1653 2672 eis
1680 2599 1738 2694 pia
1766 2600 1966 2674 liberalitate

548 2745 748 2797 concessam
772 2723 922 2817 ibidem,
941 2723 1111 2818 adquam
1135 2723 1210 2818 ipsa
1231 2721 1372 2797 donatio
1388 2723 1583 2819 specialiter
1607 2722 1817 2820 pertinebat,
1839 2724 1906 2797 sibi
1930 2733 1963 2797 et

549 2848 804 2921 suecessoribus
822 2849 896 2920 suis
920 2869 962 2922 ac
984 2869 1105 2920 eorum
1126 2847 1246 2921 domui
1267 2846 1469 2921 confirmare
1489 2857 1606 2920 nostra
1623 2847 1789 2922 serenitas
1807 2848 1964 2942 dignare·

550 2983 617 3044 tur.
640 2973 710 3045 Nos
727 2972 834 3066 igitar
852 2973 1018 3068 profectui
1039 2983 1073 3046 et
1092 2981 1278 3067 augmento
1295 2971 1450 3068 predicte
1471 2972 1598 3046 domas
1619 2994 1661 3045 eo
1681 2973 1833 3068 amplius
1855 2975 1961 3047 inten-

550 3096 632 3171 dere
654 3097 832 3192 cupientes
852 3118 923 3192 quo
945 3119 1008 3194 per
1030 3097 1141 3193 ipsam
1168 3098 1235 3170 sub
1256 3099 1352 3169 cultu
1369 3096 1546 3191 religionis
1567 3105 1602 3170 et
1622 3095 1742 3170 babitu
1765 3098 1894 3171 sorcius
1917 3097 1961 3172 ad

549 3221 784 3296 liberationem
810 3221 912 3295 Terre
932 3223 1054 3294 Sancte
1079 3220 1117 3292 in
1138 3242 1210 3316 qua
1230 3220 1387 3294 Salvator
1415 3229 1528 3294 noster
1554 3221 1775 3318 corporaliter
1802 3223 1961 3318 mysteria

547 3354 663 3418 nostre
682 3343 930 3441 redemptionis
949 3345 1110 3418 exhibuit
1138 3399 1147 3416 .
1180 3399 1188 3418 .
1218 3397 1228 3418 .
1260 3397 1269 3416 .
1297 3344 1355 3442 (i),
1376 3355 1490 3441 preter
1511 3345 1734 3420 humanitatis
1757 3347 1871 3422 officia
1895 3369 1961 3443 que

546 3470 780 3565 multipliciter
805 3469 1055 3566 impenduntur
1079 3469 1292 3566 pauperibus
1318 3478 1354 3543 et
1381 3468 1550 3561 infirmis,
1577 3469 1794 3546 attendentes
1821 3471 1959 3568 quidem

544 3592 724 3668 honestam
742 3593 850 3667 vitam
867 3603 904 3667 et
920 3593 1122 3689 religionem
1143 3593 1355 3668 laudabilem
1372 3594 1573 3669 eorumdem
1591 3597 1735 3669 fratrum
1752 3594 1884 3670 ibidem
1898 3599 1959 3672 Do

542 3719 637 3792 mino
659 3719 880 3793 laudabiliter
899 3719 1164 3807 tamulantium,
1189 3717 1382 3815 predictum
1405 3720 1566 3816 predium
1585 3730 1622 3793 et
1644 3719 1862 3796 advocatiam
1882 3743 1957 3795 cum

522 3853 725 3941 patronatu
747 3844 908 3935 ecclesie,
928 3844 1020 3939 agris
1038 3843 1140 3918 cultis
1162 3853 1197 3917 et
1218 3844 1373 3933 incultis,
1392 3846 1547 3941 pascuis,
1569 3845 1692 3942 pratis,
1711 3867 1882 3941 aquarum
1899 3847 1957 3922 do

543 3969 720 4063 cursibus,
737 3971 813 4044 looo
829 3953 1077 4061 molendinari,
1095 3969 1293 4044 hominibus
1308 3980 1344 4044 et
1363 3993 1444 4044 oum
1462 3971 1624 4046 omnibus
1640 3972 1718 4046 aliis
1733 3972 1839 4067 justis
1855 3974 1956 4070 perti·

542 4095 668 4169 nentiis
684 4104 719 4168 et
734 4095 926 4169 rationibus
941 4095 1026 4187 suis,
1041 4095 1107 4168 sibi
1121 4102 1156 4168 et
1167 4096 1425 4169 successoribus
1439 4096 1513 4170 suis
1527 4118 1570 4171 ao
1587 4096 1709 4172 domui
1725 4098 1901 4173 nominate
1914 4099 1956 4172 de

541 4231 655 4294 nostre
677 4219 890 4294 liberalitatis
906 4221 1017 4314 gratia
1032 4219 1068 4291 in
1083 4229 1290 4316 perpetuum
1306 4221 1571 4315 confirmamus,
1590 4222 1681 4296 sicut
1695 4243 1738 4296 ea
1754 4223 1872 4297 omnia
1890 4233 1953 4297 lam

540 4367 560 4419 a
577 4345 741 4420 iratribus
756 4367 863 4442 qaam
882 4353 919 4418 et
931 4344 1189 4440 archiepiscopo
1207 4345 1403 4418 memoratis
1418 4354 1501 4418 sunt
1517 4346 1766 4422 rationabiliter
1780 4357 1948 4438 maecum

579 4575 622 4656 (a)
638 4575 697 4653 Ap.
710 4576 989 4656 boehmer‚ltegest
1006 4577 1125 4653 imper„
1139 4592 1173 4637 na
1183 4584 1242 4639 tte
1260 4597 1268 4638 ε
1284 4575 1460 4661 Napolatedae.

580 4680 619 4763 (b)
641 4683 731 4745 Deest
740 4684 854 4762 ailquid
865 4686 898 4746 ln
909 4686 993 4764 copia
1009 4704 1017 4746 ε
1032 4679 1179 4770 militotw
1191 4691 1244 4747 aut
1256 4685 1440 4764 huiusmodi.
