4368 5876
553 551 611 613 136
1056 551 1269 614 salutaret
1295 551 1471 614 sacuam
1782 552 1861 638 [Asa.
1881 554 1968 616 19³1.

458 687 460 692 ’
523 757 526 764 ,
551 687 714 762 vendidit
730 697 765 760 et
783 695 924 780 gustum
950 685 1000 784 (a)
1021 685 1067 760 de
1083 689 1201 762 Raons
1227 689 1376 762 vassallo
1400 710 1481 762 cum
1511 687 1674 762 omnibus
1695 690 1970 784 possessionibus

555 811 681 884 suiset
698 832 818 884 omues
835 811 920 884 alias
939 811 1145 886 elemosinas
1163 833 1234 907 que
1246 810 1363 885 eidem
1385 813 1531 886 ecclesis
1547 813 1628 886 date
1648 813 1783 886 suntin
1801 814 1970 888 territorio

553 936 677 1010 Arsole
701 946 736 1010 ct
754 945 966 1033 terramque
983 948 1036 1010 est
1056 937 1093 1009 in
1113 939 1191 1010 loco
1207 938 1270 1010 ubi
1295 937 1424 1010 dicitur
1439 938 1580 1010 Carrara
1597 939 1635 1010 iu
1658 939 1826 1012 territorio
1848 939 1969 1012 Peluss

551 1083 657 1156 qnam
675 1062 790 1135 dictus
813 1062 1049 1135 Mastaielloue
1067 1072 1102 1135 et
1115 1063 1313 1136 bonifacius
1329 1084 1393 1158 pro
1412 1063 1615 1136 remissione
1637 1072 1857 1158 peccatorum
1881 1085 1969 1136 suo-

551 1209 628 1258 rum
641 1187 733 1258 dicte
744 1186 888 1259 ecclesie
903 1187 1119 1278 obtulerunt,
1136 1197 1171 1258 st
1185 1187 1366 1260 arbustum
1382 1186 1479 1281 quod
1492 1197 1544 1260 est
1559 1188 1594 1259 in
1609 1189 1714 1260 casali
1729 1188 1857 1282 Fagnni
1872 1188 1967 1282 quod

549 1311 615 1383 fuit
635 1309 863 1384 Bartholomei
881 1310 927 1383 de
944 1310 1072 1407 Crypta
1095 1310 1191 1384 etde
1209 1312 1384 1407 Ligusrra.
1406 1311 1635 1384 Concsdimus
1657 1313 1763 1386 etiam
1780 1323 1816 1385 et
1836 1313 1966 1386 contir-

550 1457 686 1509 mamus
695 1437 839 1508 ccclesia
852 1437 968 1509 Sancti
982 1436 1131 1532 Spiritus
1145 1436 1191 1509 de
1204 1438 1373 1510 territorio
1385 1437 1519 1512 blaralli
1533 1446 1643 1509 totum
1654 1438 1749 1532 quod
1764 1439 1967 1511 Thomasius

417 1573 421 1580 '
549 1560 594 1634 de
611 1563 724 1634 llorca
740 1560 856 1633 eidem
874 1561 1019 1634 ecclesis
1032 1561 1157 1634 obtulit
1171 1572 1206 1634 et
1220 1561 1383 1634 vendidit
1398 1563 1435 1634 in
1450 1562 1620 1635 territorio
1634 1563 1695 1634 Joe
1707 1560 1883 1635 etblaralfi
1896 1571 1966 1635 tum

549 1685 595 1760 de
607 1687 769 1760 demanio
782 1709 888 1781 quum
899 1685 946 1758 de
960 1686 1074 1759 leudis
1087 1695 1122 1758 st
1135 1687 1344 1779 tenimentis,
1356 1697 1391 1760 ct
1402 1687 1548 1760 ecclesis
1562 1687 1676 1760 Sancti
1686 1686 1888 1782 Spiritusds
1900 1697 1966 1760 ter-

549 1811 667 1884 ritorio
678 1811 793 1884 Caleni
808 1811 844 1881 in
858 1811 933 1884 loeo
943 1811 1005 1883 ubi
1016 1811 1162 1885 Farralis
1174 1812 1301 1884 dicitur
1315 1813 1403 1885 illud
1415 1813 1512 1910 quod
1529 1813 1702 1885 comitissa
1711 1811 1910 1907 Adelagisia
1921 1814 1966 1886 do

551 1935 688 2008 Cascrta
697 1935 1043 2008 sthomasiusfilius
1052 1936 1500 2029 ajusdictseoclssioSanoti
1510 1938 1658 2033 Spiritus
1668 1937 1965 2012 secundumteno-

550 2081 624 2130 rem
636 2059 887 2131 instrumentis
903 2058 996 2134 dicta
1009 2060 1182 2134 comitissa
1195 2071 1231 2134 ct
1240 2059 1424 2133 Thomasio
1437 2060 1508 2132 lilio
1517 2062 1593 2152 ejus
1608 2060 1738 2133 conditi
1749 2062 1963 2154 obtulerunt,

550 2184 682 2257 scilicet
696 2184 857 2256 starciam
869 2183 916 2256 de
932 2184 1110 2280 Rapidella
1126 2194 1161 2258 st
1178 2207 1292 2258 casam
1306 2186 1418 2258 Mauri
1430 2195 1464 2258 et
1475 2187 1609 2258 Farralc
1627 2195 1662 2258 et
1678 2185 1916 2260 molendinum
1931 2197 1967 2260 et

549 2329 677 2381 venam
689 2307 734 2380 ds
738 2361 1104 2381 ..........
1123 2318 1158 2380 et
1172 2331 1299 2383 venam
1309 2307 1354 2382 da
1362 2309 1505 2382 Picroue
1513 2331 1593 2382 cum
1603 2309 1705 2403 aquis
1718 2319 1753 2382 et
1760 2311 1920 2406 piscariis
1931 2321 1967 2384 st

548 2434 617 2507 viis
629 2442 665 2506 et
681 2456 760 2505 cum
778 2433 940 2505 omnibus
957 2431 1086 2506 finibus
1099 2445 1134 2506 st
1149 2435 1366 2530 pertinentiis
1382 2435 1457 2507 suis
1474 2443 1545 2508 tam
1562 2433 1608 2508 ds
1624 2433 1787 2508 demanio
1800 2457 1907 2530 quam
1921 2435 1966 2510 ds

548 2558 665 2631 iendis
682 2568 716 2630 et
733 2557 942 2630 tenimentis.
960 2557 1190 2630 Conoedimus
1205 2568 1241 2631 et
1256 2558 1499 2632 confirmamus
1523 2558 1730 2630 monasterio
1747 2559 1862 2630 Sancti
1880 2559 1966 2655 Spi-

549 2681 637 2754 ritus
652 2681 697 2755 de
710 2683 805 2755 Silva
821 2683 943 2754 Oreole
958 2691 993 2754 et
1008 2683 1154 2756 ecclesie
1169 2684 1284 2756 Sancti
1300 2683 1450 2778 Spiritus
1464 2683 1589 2754 Tutore
1604 2682 1641 2753 in
1657 2682 1827 2754 territorio
1842 2683 1965 2756 Pelusa

549 2815 584 2878 et
605 2808 722 2878 Turris
740 2806 862 2880 Palatii
880 2815 915 2878 ct
930 2806 1075 2880 ecclesie
1092 2808 1208 2880 Sancti
1230 2809 1379 2903 Spiritus
1396 2807 1441 2879 da
1466 2805 1597 2878 Marulli
1622 2815 1658 2878 st
1680 2806 1826 2877 ecclesie
1849 2805 1964 2878 Sancti

548 2931 695 3025 Spiritus
714 2929 759 3003 de
779 2930 947 3002 territorio
967 2929 1083 3003 Caleni
1104 2953 1226 3004 omnes
1247 2931 1481 3028 possessiones
1499 2953 1588 3025 quas
1614 2931 1650 3002 in
1672 2931 1823 3024 presenti
1846 2930 1966 3024 possi-

550 3056 634 3128 dent
656 3056 712 3127 val
738 3055 775 3125 iu
793 3064 894 3128 autea
911 3055 1109 3146 oblatione,
1134 3031 1319 3130 donatione
1342 3066 1377 3128 et
1402 3054 1606 3128 venditione
1631 3063 1793 3150 poterunt
1815 3052 1964 3149 adipisci

549 3179 654 3253 dante
667 3179 812 3251 Domino
826 3187 896 3252 tam
911 3178 957 3252 de
972 3179 1134 3254 demanio
1147 3203 1254 3275 quam
1270 3179 1315 3254 de
1331 3179 1444 3252 leudis
1460 3189 1495 3252 et
1508 3179 1706 3252 tenimentis
1720 3188 1755 3250 et
1769 3201 1850 3251 cum
1867 3180 1963 3251 omni

544 3305 623 3395 jure
641 3313 756 3376 nostra
773 3305 942 3396 majestati
963 3327 1025 3378 sen
1043 3305 1279 3400 quorumlibet
1294 3305 1553 3378 benefactorum
1570 3313 1762 3376 vestrorum
1778 3303 1863 3376 inde
1879 3325 1966 3398 per-

548 3429 671 3520 tineat,
691 3429 992 3501 nonobstantibus
1008 3431 1200 3524 privilegiis
1216 3451 1279 3503 seu
1293 3430 1420 3504 licteris
1434 3453 1455 3503 a
1470 3439 1588 3502 nostra
1605 3429 1783 3520 majestate
1798 3428 1965 3500 hactonus

546 3553 603 3626 vel
619 3555 745 3627 amodo
765 3553 967 3648 impetratis.
987 3555 1143 3628 Preterca
1162 3555 1385 3629 concedimus
1399 3554 1493 3627 dicto
1514 3552 1721 3626 monasterio
1740 3552 1858 3624 Sancti
1878 3553 1964 3647 Spi-

546 3679 634 3750 ritus
657 3678 702 3752 de
722 3679 816 3752 Silva
829 3681 951 3752 Orcole
974 3689 1009 3752 et
1032 3681 1178 3753 ecclesie
1203 3681 1319 3754 Sancti
1346 3678 1493 3775 Spiritus
1511 3679 1657 3766 Tuiare,
1683 3676 1800 3748 Turris
1822 3675 1961 3764 Palatii,

546 3803 677 3878 Marulli
700 3813 735 3876 et
756 3803 873 3877 Caleni
895 3813 935 3876 ut
951 3804 1053 3878 liceat
1077 3805 1209 3879 eisdem
1230 3827 1293 3901 pro
1310 3803 1514 3877 necessariis
1538 3823 1657 3875 earnm
1682 3801 1790 3873 libere
1811 3799 1965 3874 vendero

545 3931 609 4021 [et]
622 3949 735 4001 emere
748 3939 783 4001 et
792 3927 890 4024 quod
900 3929 946 4002 ab
958 3931 1052 4002 omni
1065 3929 1248 4024 plateatico
1258 3940 1294 4001 et
1307 3929 1468 4024 passagio
1481 3938 1517 4000 et
1529 3926 1685 4022 quolibet
1697 3925 1764 3999 alio
1770 3925 1964 3998 exactionis

544 4075 671 4148 genere
688 4052 758 4124 sint
775 4054 947 4126 immunes
961 4063 996 4126 st
1007 4052 1103 4147 quod
1121 4053 1223 4126 liccat
1241 4053 1292 4126 eis
1308 4075 1371 4150 pro
1387 4053 1596 4126 animalibus
1617 4051 1690 4122 suis
1705 4050 1814 4122 libera
1831 4049 1964 4144 ubique

543 4180 671 4252 habere
692 4200 822 4275 pascua
839 4186 874 4250 et
890 4178 935 4252 da
953 4179 1168 4273 quibuslibet
1183 4180 1384 4251 nemoribus
1405 4178 1499 4272 ligna
1516 4175 1644 4250 viridia
1662 4185 1697 4248 st
1712 4174 1805 4246 sicca
1823 4195 1887 4269 pro
1902 4195 1964 4246 co-

545 4304 711 4376 moditate
738 4302 823 4376 dicti
848 4303 1046 4376 monasterii
1070 4314 1106 4377 et
1128 4303 1300 4377 dictarum
1325 4305 1472 4376 aliarum
1502 4301 1726 4375 ecclesiarum
1750 4296 1905 4372 incidam
1928 4310 1964 4372 st

546 4428 662 4500 omnia
683 4427 822 4500 novalia
843 4426 951 4500 libere
977 4427 1052 4500 sina
1073 4428 1309 4522 quommlibet
1331 4427 1581 4524 impedimento
1605 4435 1641 4498 et
1658 4425 1851 4498 invasione.
1874 4423 1965 4496 Con-

584 4694 624 4768 (a)
644 4691 780 4752 Forsitan
792 4689 954 4754 eviratum.
