<?xml version="1.0" encoding="UTF-8"?>
<!DOCTYPE html PUBLIC "-//W3C//DTD XHTML 1.0 Transitional//EN"
    "http://www.w3.org/TR/xhtml1/DTD/xhtml1-transitional.dtd">
<html xmlns="http://www.w3.org/1999/xhtml" xml:lang="en" lang="en">
 <head>
  <title>
</title>
<meta http-equiv="Content-Type" content="text/html;charset=utf-8" />
  <meta name='ocr-system' content='tesseract 3.04.00' />
  <meta name='ocr-capabilities' content='ocr_page ocr_carea ocr_par ocr_line ocrx_word'/>
</head>
<body>
  <div class='ocr_page' id='page_1' title='image "./historiadiploma08fredgoog_0513.png"; bbox 0 0 4298 5898; ppageno 0'>
   <div class='ocr_carea' id='block_1_1' title="bbox 193 567 1160 661">
    <p class='ocr_par' dir='ltr' id='par_1_1' title="bbox 193 567 1160 661">
     <span class='ocr_line' id='line_1_1' title="bbox 193 567 1160 661; baseline -0.017 -17"><span class='ocrx_word' id='word_1_1' title='bbox 193 584 294 644; x_wconf 67' lang='lat' dir='ltr'>raum.</span> <span class='ocrx_word' id='word_1_2' title='bbox 312 575 384 661; x_wconf 68' lang='lat' dir='ltr'>rap</span> <span class='ocrx_word' id='word_1_3' title='bbox 643 567 841 633; x_wconf 87' lang='lat' dir='ltr'>ursronrn</span> <span class='ocrx_word' id='word_1_4' title='bbox 865 568 1160 631; x_wconf 84' lang='lat' dir='ltr'>urruouarrcn</span> 
     </span>
    </p>
   </div>
   <div class='ocr_carea' id='block_1_2' title="bbox 251 1113 1753 1230">
    <p class='ocr_par' dir='ltr' id='par_1_2' title="bbox 251 1113 1753 1230">
     <span class='ocr_line' id='line_1_2' title="bbox 251 1113 1753 1230; baseline -0.007 -28"><span class='ocrx_word' id='word_1_5' title='bbox 251 1119 483 1227; x_wconf 87' lang='lat' dir='ltr'>Fridaricus,</span> <span class='ocrx_word' id='word_1_6' title='bbox 521 1122 782 1205; x_wconf 89' lang='lat' dir='ltr'>Romanorum</span> <span class='ocrx_word' id='word_1_7' title='bbox 822 1121 1045 1230; x_wconf 89' lang='lat' dir='ltr'>imperator,</span> <span class='ocrx_word' id='word_1_8' title='bbox 1079 1118 1185 1228; x_wconf 83' lang='lat' dir='ltr'>jurat</span> <span class='ocrx_word' id='word_1_9' title='bbox 1217 1115 1465 1227; x_wconf 81' lang='lat' dir='ltr'>personaliter</span> <span class='ocrx_word' id='word_1_10' title='bbox 1499 1124 1537 1196; x_wconf 92' lang='lat' dir='ltr'>et</span> <span class='ocrx_word' id='word_1_11' title='bbox 1571 1113 1611 1193; x_wconf 92' lang='lat' dir='ltr'>in</span> <span class='ocrx_word' id='word_1_12' title='bbox 1691 1131 1753 1184; x_wconf 53' lang='lat' dir='ltr'>aaa</span> 
     </span>
    </p>
   </div>
   <div class='ocr_carea' id='block_1_3' title="bbox 1668 1184 1774 1228">
    <p class='ocr_par' dir='ltr' id='par_1_3' title="bbox 1668 1184 1774 1228">
     <span class='ocr_line' id='line_1_3' title="bbox 1668 1184 1774 1228; baseline 0.019 -2"><span class='ocrx_word' id='word_1_13' title='bbox 1668 1184 1774 1228; x_wconf 78' lang='lat' dir='ltr'>Sanctum</span> 
     </span>
    </p>
   </div>
   <div class='ocr_carea' id='block_1_4' title="bbox 197 1239 1797 2159">
    <p class='ocr_par' dir='ltr' id='par_1_4' title="bbox 197 1239 1797 2159">
     <span class='ocr_line' id='line_1_4' title="bbox 197 1239 1797 1365; baseline 0 -30"><span class='ocrx_word' id='word_1_14' title='bbox 197 1254 328 1335; x_wconf 89' lang='lat' dir='ltr'>anima</span> <span class='ocrx_word' id='word_1_15' title='bbox 359 1281 429 1337; x_wconf 91' lang='lat' dir='ltr'>sua</span> <span class='ocrx_word' id='word_1_16' title='bbox 454 1253 696 1365; x_wconf 88' lang='lat' dir='ltr'>Raynaldum</span> <span class='ocrx_word' id='word_1_17' title='bbox 727 1255 864 1336; x_wconf 91' lang='lat' dir='ltr'>ducem</span> <span class='ocrx_word' id='word_1_18' title='bbox 892 1251 1033 1361; x_wconf 79' lang='lat' dir='ltr'>Spoleti</span> <span class='ocrx_word' id='word_1_19' title='bbox 1055 1250 1186 1362; x_wconf 88' lang='lat' dir='ltr'>jurare</span> <span class='ocrx_word' id='word_1_20' title='bbox 1212 1249 1303 1332; x_wconf 86' lang='lat' dir='ltr'>facit</span> <span class='ocrx_word' id='word_1_21' title='bbox 1324 1276 1364 1331; x_wconf 94' lang='lat' dir='ltr'>se</span> <span class='ocrx_word' id='word_1_22' title='bbox 1387 1248 1436 1330; x_wconf 89' lang='lat' dir='ltr'>ab</span> <span class='ocrx_word' id='word_1_23' title='bbox 1453 1246 1611 1329; x_wconf 91' lang='lat' dir='ltr'>instanti</span> <span class='ocrx_word' id='word_1_24' title='bbox 1648 1239 1797 1346; x_wconf 61' lang='lat' dir='ltr'>⁰⁸3¹lillm’</span> 
     </span>
     <span class='ocr_line' id='line_1_5' title="bbox 198 1379 1613 1498; baseline -0.008 -28"><span class='ocrx_word' id='word_1_25' title='bbox 198 1396 362 1498; x_wconf 80' lang='lat' dir='ltr'>augusto</span> <span class='ocrx_word' id='word_1_26' title='bbox 376 1387 585 1495; x_wconf 90' lang='lat' dir='ltr'>praesentis</span> <span class='ocrx_word' id='word_1_27' title='bbox 599 1387 689 1468; x_wconf 89' lang='lat' dir='ltr'>anni</span> <span class='ocrx_word' id='word_1_28' title='bbox 703 1387 752 1468; x_wconf 91' lang='lat' dir='ltr'>ad</span> <span class='ocrx_word' id='word_1_29' title='bbox 766 1387 864 1468; x_wconf 89' lang='lat' dir='ltr'>duos</span> <span class='ocrx_word' id='word_1_30' title='bbox 877 1411 999 1468; x_wconf 88' lang='lat' dir='ltr'>annos</span> <span class='ocrx_word' id='word_1_31' title='bbox 1012 1385 1052 1464; x_wconf 94' lang='lat' dir='ltr'>in</span> <span class='ocrx_word' id='word_1_32' title='bbox 1069 1381 1284 1466; x_wconf 88' lang='lat' dir='ltr'>subsidium</span> <span class='ocrx_word' id='word_1_33' title='bbox 1297 1381 1433 1464; x_wconf 80' lang='lat' dir='ltr'>Terrae</span> <span class='ocrx_word' id='word_1_34' title='bbox 1453 1379 1613 1462; x_wconf 78' lang='lat' dir='ltr'>Sanctae</span> 
     </span>
     <span class='ocr_line' id='line_1_6' title="bbox 199 1511 1613 1632; baseline -0.006 -30"><span class='ocrx_word' id='word_1_35' title='bbox 199 1521 470 1632; x_wconf 77' lang='lat' dir='ltr'>transiturum,</span> <span class='ocrx_word' id='word_1_36' title='bbox 490 1518 708 1629; x_wconf 89' lang='lat' dir='ltr'>ibidemque</span> <span class='ocrx_word' id='word_1_37' title='bbox 729 1545 798 1628; x_wconf 92' lang='lat' dir='ltr'>per</span> <span class='ocrx_word' id='word_1_38' title='bbox 819 1518 893 1600; x_wconf 89' lang='lat' dir='ltr'>hoo</span> <span class='ocrx_word' id='word_1_39' title='bbox 914 1516 1080 1626; x_wconf 90' lang='lat' dir='ltr'>spatium</span> <span class='ocrx_word' id='word_1_40' title='bbox 1102 1515 1283 1623; x_wconf 89' lang='lat' dir='ltr'>temporis</span> <span class='ocrx_word' id='word_1_41' title='bbox 1301 1511 1406 1596; x_wconf 83' lang='lat' dir='ltr'>m&#39;ille</span> <span class='ocrx_word' id='word_1_42' title='bbox 1428 1512 1613 1594; x_wconf 89' lang='lat' dir='ltr'>militibus</span> 
     </span>
     <span class='ocr_line' id='line_1_7' title="bbox 198 1645 1615 1761; baseline -0.004 -27"><span class='ocrx_word' id='word_1_43' title='bbox 198 1652 462 1760; x_wconf 80' lang='lat' dir='ltr'>provisurum3</span> <span class='ocrx_word' id='word_1_44' title='bbox 483 1652 746 1761; x_wconf 90' lang='lat' dir='ltr'>depositurum</span> <span class='ocrx_word' id='word_1_45' title='bbox 767 1651 923 1758; x_wconf 88' lang='lat' dir='ltr'>insuper</span> <span class='ocrx_word' id='word_1_46' title='bbox 945 1647 1182 1731; x_wconf 90' lang='lat' dir='ltr'>inmanibus</span> <span class='ocrx_word' id='word_1_47' title='bbox 1206 1647 1307 1758; x_wconf 88' lang='lat' dir='ltr'>regis</span> <span class='ocrx_word' id='word_1_48' title='bbox 1325 1656 1363 1729; x_wconf 94' lang='lat' dir='ltr'>et</span> <span class='ocrx_word' id='word_1_49' title='bbox 1377 1645 1615 1755; x_wconf 87' lang='lat' dir='ltr'>patriarchae</span> 
     </span>
     <span class='ocr_line' id='line_1_8' title="bbox 199 1778 1618 1895; baseline -0.004 -27"><span class='ocrx_word' id='word_1_50' title='bbox 199 1784 435 1868; x_wconf 88' lang='lat' dir='ltr'>Hierusalem</span> <span class='ocrx_word' id='word_1_51' title='bbox 466 1795 503 1867; x_wconf 89' lang='lat' dir='ltr'>et</span> <span class='ocrx_word' id='word_1_52' title='bbox 534 1785 708 1895; x_wconf 80' lang='lat' dir='ltr'>magistri</span> <span class='ocrx_word' id='word_1_53' title='bbox 738 1783 945 1893; x_wconf 84' lang='lat' dir='ltr'>Hospitalis</span> <span class='ocrx_word' id='word_1_54' title='bbox 968 1781 1290 1864; x_wconf 87' lang='lat' dir='ltr'>Theutonicorum</span> <span class='ocrx_word' id='word_1_55' title='bbox 1316 1789 1469 1862; x_wconf 90' lang='lat' dir='ltr'>centum</span> <span class='ocrx_word' id='word_1_56' title='bbox 1496 1778 1618 1862; x_wconf 93' lang='lat' dir='ltr'>millia</span> 
     </span>
     <span class='ocr_line' id='line_1_9' title="bbox 200 1913 1615 2027; baseline -0.002 -29"><span class='ocrx_word' id='word_1_57' title='bbox 200 1920 401 2000; x_wconf 85' lang='lat' dir='ltr'>unciarum</span> <span class='ocrx_word' id='word_1_58' title='bbox 420 1917 518 2023; x_wconf 85' lang='lat' dir='ltr'>auri,</span> <span class='ocrx_word' id='word_1_59' title='bbox 535 1943 634 2027; x_wconf 92' lang='lat' dir='ltr'>quae</span> <span class='ocrx_word' id='word_1_60' title='bbox 653 1917 725 1999; x_wconf 93' lang='lat' dir='ltr'>sibi</span> <span class='ocrx_word' id='word_1_61' title='bbox 742 1926 829 2026; x_wconf 90' lang='lat' dir='ltr'>post</span> <span class='ocrx_word' id='word_1_62' title='bbox 847 1913 1193 1998; x_wconf 86' lang='lat' dir='ltr'>transfretationem</span> <span class='ocrx_word' id='word_1_63' title='bbox 1209 1914 1416 1996; x_wconf 86' lang='lat' dir='ltr'>reddentur</span> <span class='ocrx_word' id='word_1_64' title='bbox 1433 1913 1615 1995; x_wconf 80' lang='lat' dir='ltr'>inservi-</span> 
     </span>
     <span class='ocr_line' id='line_1_10' title="bbox 199 2044 1614 2159; baseline -0.003 -28"><span class='ocrx_word' id='word_1_65' title='bbox 199 2051 253 2133; x_wconf 89' lang='lat' dir='ltr'>tio</span> <span class='ocrx_word' id='word_1_66' title='bbox 271 2049 340 2132; x_wconf 91' lang='lat' dir='ltr'>Dei</span> <span class='ocrx_word' id='word_1_67' title='bbox 356 2051 617 2159; x_wconf 85' lang='lat' dir='ltr'>expendenda,</span> <span class='ocrx_word' id='word_1_68' title='bbox 632 2049 692 2133; x_wconf 87' lang='lat' dir='ltr'>rel</span> <span class='ocrx_word' id='word_1_69' title='bbox 707 2050 757 2133; x_wconf 91' lang='lat' dir='ltr'>ad</span> <span class='ocrx_word' id='word_1_70' title='bbox 771 2049 971 2133; x_wconf 87' lang='lat' dir='ltr'>arbitrium</span> <span class='ocrx_word' id='word_1_71' title='bbox 990 2048 1228 2153; x_wconf 86' lang='lat' dir='ltr'>eorumdem,</span> <span class='ocrx_word' id='word_1_72' title='bbox 1244 2047 1276 2128; x_wconf 90' lang='lat' dir='ltr'>si</span> <span class='ocrx_word' id='word_1_73' title='bbox 1294 2072 1372 2131; x_wconf 92' lang='lat' dir='ltr'>non</span> <span class='ocrx_word' id='word_1_74' title='bbox 1387 2044 1614 2129; x_wconf 82' lang='lat' dir='ltr'>transiverit.</span> 
     </span>
    </p>
   </div>
   <div class='ocr_carea' id='block_1_5' title="bbox 285 2259 1617 2555">
    <p class='ocr_par' dir='ltr' id='par_1_5' title="bbox 285 2259 1617 2555">
     <span class='ocr_line' id='line_1_11' title="bbox 285 2259 1616 2346; baseline -0.002 -20"><span class='ocrx_word' id='word_1_75' title='bbox 285 2265 412 2346; x_wconf 78' lang='lat' dir='ltr'>(Edlder.</span> <span class='ocrx_word' id='word_1_76' title='bbox 428 2261 770 2339; x_wconf 77' lang='lat' dir='ltr'>Lunro,1leicluarcbe&#39;o,</span> <span class='ocrx_word' id='word_1_77' title='bbox 792 2265 884 2344; x_wconf 86' lang='lat' dir='ltr'><strong>x1x,</strong></span> <span class='ocrx_word' id='word_1_78' title='bbox 898 2273 929 2326; x_wconf 77' lang='lat'>2.</span> <span class='ocrx_word' id='word_1_79' title='bbox 940 2265 1163 2338; x_wconf 75' lang='lat' dir='ltr'>-Rnrnnuu.,</span> <span class='ocrx_word' id='word_1_80' title='bbox 1174 2259 1283 2324; x_wconf 69' lang='lat' dir='ltr'>Ausul</span> <span class='ocrx_word' id='word_1_81' title='bbox 1299 2259 1407 2338; x_wconf 58' lang='lat' dir='ltr'>ecch,</span> <span class='ocrx_word' id='word_1_82' title='bbox 1421 2268 1446 2324; x_wconf 91' lang='lat' dir='ltr'>t.</span> <span class='ocrx_word' id='word_1_83' title='bbox 1465 2263 1534 2323; x_wconf 86' lang='lat' dir='ltr'>lad</span> <span class='ocrx_word' id='word_1_84' title='bbox 1546 2279 1616 2324; x_wconf 87' lang='lat' dir='ltr'>anu.</span> 
     </span>
     <span class='ocr_line' id='line_1_12' title="bbox 323 2367 1617 2450; baseline -0.005 -16"><span class='ocrx_word' id='word_1_85' title='bbox 323 2381 399 2434; x_wconf 74' lang='lat'>1225</span> <span class='ocrx_word' id='word_1_86' title='bbox 406 2416 416 2447; x_wconf 90' lang='lat'><strong><em>,</em></strong></span> <span class='ocrx_word' id='word_1_87' title='bbox 431 2377 445 2444; x_wconf 76' lang='lat' dir='ltr'>s</span> <span class='ocrx_word' id='word_1_88' title='bbox 464 2371 802 2447; x_wconf 76' lang='lat' dir='ltr'>lV.-Wuunrwsuo,</span> <span class='ocrx_word' id='word_1_89' title='bbox 818 2371 887 2434; x_wconf 80' lang='lat' dir='ltr'>Noc.</span> <span class='ocrx_word' id='word_1_90' title='bbox 904 2367 1026 2450; x_wconf 60' lang='grc' dir='ltr'>ΝΜ,</span> <span class='ocrx_word' id='word_1_91' title='bbox 1040 2371 1098 2442; x_wconf 80' lang='lat' dir='ltr'>XI,</span> <span class='ocrx_word' id='word_1_92' title='bbox 1117 2387 1149 2447; x_wconf 84' lang='lat' dir='ltr'>p.</span> <span class='ocrx_word' id='word_1_93' title='bbox 1173 2377 1203 2448; x_wconf 75' lang='grc' dir='ltr'>θ,</span> <span class='ocrx_word' id='word_1_94' title='bbox 1217 2386 1257 2430; x_wconf 87' lang='lat' dir='ltr'>ex</span> <span class='ocrx_word' id='word_1_95' title='bbox 1276 2369 1348 2430; x_wconf 82' lang='lat' dir='ltr'>cod.</span> <span class='ocrx_word' id='word_1_96' title='bbox 1364 2371 1460 2432; x_wconf 74' lang='lat' dir='ltr'>Vetto.</span> <span class='ocrx_word' id='word_1_97' title='bbox 1478 2377 1564 2429; x_wconf 71' lang='lat'><strong>622³.</strong></span> <span class='ocrx_word' id='word_1_98' title='bbox 1577 2399 1617 2414; x_wconf 89' lang='lat'>-</span> 
     </span>
     <span class='ocr_line' id='line_1_13' title="bbox 322 2475 957 2555; baseline -0.005 -14"><span class='ocrx_word' id='word_1_99' title='bbox 322 2479 438 2554; x_wconf 81' lang='lat' dir='ltr'>sz,</span> <span class='ocrx_word' id='word_1_100' title='bbox 449 2477 577 2539; x_wconf 74' lang='lat' dir='ltr'>Monam.</span> <span class='ocrx_word' id='word_1_101' title='bbox 590 2477 666 2540; x_wconf 75' lang='lat' dir='ltr'>Hor.</span> <span class='ocrx_word' id='word_1_102' title='bbox 679 2479 789 2552; x_wconf 68' lang='lat' dir='ltr'>Gerre,</span> <span class='ocrx_word' id='word_1_103' title='bbox 804 2477 857 2550; x_wconf 87' lang='lat' dir='ltr'>1v,</span> <span class='ocrx_word' id='word_1_104' title='bbox 873 2475 957 2555; x_wconf 80' lang='lat'><strong>255.)</strong></span> 
     </span>
    </p>
   </div>
   <div class='ocr_carea' id='block_1_6' title="bbox 203 2663 1622 4747">
    <p class='ocr_par' dir='ltr' id='par_1_6' title="bbox 203 2663 1622 4747">
     <span class='ocr_line' id='line_1_14' title="bbox 252 2663 1617 2760; baseline -0.002 -22"><span class='ocrx_word' id='word_1_105' title='bbox 252 2665 454 2738; x_wconf 87' lang='lat' dir='ltr'>Fredericus</span> <span class='ocrx_word' id='word_1_106' title='bbox 472 2665 535 2737; x_wconf 89' lang='lat' dir='ltr'>Dei</span> <span class='ocrx_word' id='word_1_107' title='bbox 560 2665 671 2760; x_wconf 89' lang='lat' dir='ltr'>gratia</span> <span class='ocrx_word' id='word_1_108' title='bbox 688 2666 917 2738; x_wconf 81' lang='lat' dir='ltr'>Romanorum</span> <span class='ocrx_word' id='word_1_109' title='bbox 943 2663 1140 2758; x_wconf 87' lang='lat' dir='ltr'>imperator,</span> <span class='ocrx_word' id='word_1_110' title='bbox 1161 2683 1295 2757; x_wconf 84' lang='lat' dir='ltr'>semper</span> <span class='ocrx_word' id='word_1_111' title='bbox 1312 2671 1481 2757; x_wconf 81' lang='lat' dir='ltr'>augustus</span> <span class='ocrx_word' id='word_1_112' title='bbox 1502 2673 1536 2734; x_wconf 87' lang='lat' dir='ltr'>ct</span> <span class='ocrx_word' id='word_1_113' title='bbox 1552 2684 1617 2735; x_wconf 84' lang='lat' dir='ltr'>rex</span> 
     </span>
     <span class='ocr_line' id='line_1_15' title="bbox 203 2785 1619 2885; baseline -0.001 -23"><span class='ocrx_word' id='word_1_114' title='bbox 203 2789 331 2862; x_wconf 90' lang='lat' dir='ltr'>Sicilie.</span> <span class='ocrx_word' id='word_1_115' title='bbox 357 2790 421 2862; x_wconf 89' lang='lat' dir='ltr'>Par</span> <span class='ocrx_word' id='word_1_116' title='bbox 445 2812 587 2885; x_wconf 87' lang='lat' dir='ltr'>presens</span> <span class='ocrx_word' id='word_1_117' title='bbox 614 2790 780 2885; x_wconf 88' lang='lat' dir='ltr'>scriptum</span> <span class='ocrx_word' id='word_1_118' title='bbox 801 2797 922 2861; x_wconf 91' lang='lat' dir='ltr'>notum</span> <span class='ocrx_word' id='word_1_119' title='bbox 941 2788 1087 2860; x_wconf 87' lang='lat' dir='ltr'>tacimus</span> <span class='ocrx_word' id='word_1_120' title='bbox 1109 2787 1277 2859; x_wconf 88' lang='lat' dir='ltr'>universis</span> <span class='ocrx_word' id='word_1_121' title='bbox 1302 2785 1399 2881; x_wconf 93' lang='lat' dir='ltr'>quod</span> <span class='ocrx_word' id='word_1_122' title='bbox 1422 2809 1485 2858; x_wconf 91' lang='lat' dir='ltr'>nos</span> <span class='ocrx_word' id='word_1_123' title='bbox 1503 2796 1619 2860; x_wconf 90' lang='lat' dir='ltr'>traus-</span> 
     </span>
     <span class='ocr_line' id='line_1_16' title="bbox 203 2911 1618 3006; baseline 0 -21"><span class='ocrx_word' id='word_1_124' title='bbox 203 2914 335 2986; x_wconf 89' lang='lat' dir='ltr'>ibimus</span> <span class='ocrx_word' id='word_1_125' title='bbox 362 2914 398 2986; x_wconf 92' lang='lat' dir='ltr'>in</span> <span class='ocrx_word' id='word_1_126' title='bbox 424 2913 621 2988; x_wconf 87' lang='lat' dir='ltr'>subsidium</span> <span class='ocrx_word' id='word_1_127' title='bbox 642 2914 745 2986; x_wconf 86' lang='lat' dir='ltr'>Terra</span> <span class='ocrx_word' id='word_1_128' title='bbox 770 2913 894 2986; x_wconf 86' lang='lat' dir='ltr'>Sancte</span> <span class='ocrx_word' id='word_1_129' title='bbox 921 2913 967 2985; x_wconf 91' lang='lat' dir='ltr'>ab</span> <span class='ocrx_word' id='word_1_130' title='bbox 998 2911 1140 2984; x_wconf 88' lang='lat' dir='ltr'>instanti</span> <span class='ocrx_word' id='word_1_131' title='bbox 1158 2918 1306 3005; x_wconf 84' lang='lat' dir='ltr'>augusto</span> <span class='ocrx_word' id='word_1_132' title='bbox 1328 2911 1497 3006; x_wconf 85' lang='lat' dir='ltr'>presentis</span> <span class='ocrx_word' id='word_1_133' title='bbox 1519 2912 1618 2985; x_wconf 90' lang='lat' dir='ltr'>tertie</span> 
     </span>
     <span class='ocr_line' id='line_1_17' title="bbox 203 3035 1619 3131; baseline -0.004 -19"><span class='ocrx_word' id='word_1_134' title='bbox 203 3038 341 3112; x_wconf 88' lang='lat' dir='ltr'>decime</span> <span class='ocrx_word' id='word_1_135' title='bbox 359 3035 554 3111; x_wconf 87' lang='lat' dir='ltr'>indictionis</span> <span class='ocrx_word' id='word_1_136' title='bbox 574 3037 621 3112; x_wconf 87' lang='lat' dir='ltr'>ad</span> <span class='ocrx_word' id='word_1_137' title='bbox 638 3037 728 3111; x_wconf 86' lang='lat' dir='ltr'>duos</span> <span class='ocrx_word' id='word_1_138' title='bbox 745 3059 872 3128; x_wconf 88' lang='lat' dir='ltr'>annos,</span> <span class='ocrx_word' id='word_1_139' title='bbox 893 3044 928 3108; x_wconf 87' lang='lat' dir='ltr'>et</span> <span class='ocrx_word' id='word_1_140' title='bbox 949 3057 1011 3131; x_wconf 93' lang='lat' dir='ltr'>per</span> <span class='ocrx_word' id='word_1_141' title='bbox 1034 3035 1214 3108; x_wconf 90' lang='lat' dir='ltr'>biennium</span> <span class='ocrx_word' id='word_1_142' title='bbox 1237 3035 1430 3108; x_wconf 85' lang='lat' dir='ltr'>tenebimus</span> <span class='ocrx_word' id='word_1_143' title='bbox 1455 3035 1504 3107; x_wconf 92' lang='lat' dir='ltr'>ibi</span> <span class='ocrx_word' id='word_1_144' title='bbox 1526 3035 1619 3108; x_wconf 88' lang='lat' dir='ltr'>milla</span> 
     </span>
     <span class='ocr_line' id='line_1_18' title="bbox 203 3158 1617 3255; baseline 0.003 -25"><span class='ocrx_word' id='word_1_145' title='bbox 203 3159 330 3232; x_wconf 89' lang='lat' dir='ltr'>milites</span> <span class='ocrx_word' id='word_1_146' title='bbox 348 3160 607 3252; x_wconf 87' lang='lat' dir='ltr'>adnumerum,</span> <span class='ocrx_word' id='word_1_147' title='bbox 629 3160 676 3232; x_wconf 90' lang='lat' dir='ltr'>ita</span> <span class='ocrx_word' id='word_1_148' title='bbox 691 3158 788 3255; x_wconf 91' lang='lat' dir='ltr'>quod</span> <span class='ocrx_word' id='word_1_149' title='bbox 805 3159 835 3231; x_wconf 91' lang='lat' dir='ltr'>si</span> <span class='ocrx_word' id='word_1_150' title='bbox 855 3158 981 3253; x_wconf 88' lang='lat' dir='ltr'>aliquis</span> <span class='ocrx_word' id='word_1_151' title='bbox 999 3158 1045 3233; x_wconf 90' lang='lat' dir='ltr'>de</span> <span class='ocrx_word' id='word_1_152' title='bbox 1062 3159 1137 3254; x_wconf 92' lang='lat' dir='ltr'>ipso</span> <span class='ocrx_word' id='word_1_153' title='bbox 1154 3181 1298 3232; x_wconf 89' lang='lat' dir='ltr'>numero</span> <span class='ocrx_word' id='word_1_154' title='bbox 1315 3167 1442 3232; x_wconf 87' lang='lat' dir='ltr'>statuto</span> <span class='ocrx_word' id='word_1_155' title='bbox 1465 3170 1617 3255; x_wconf 91' lang='lat' dir='ltr'>tempore</span> 
     </span>
     <span class='ocr_line' id='line_1_19' title="bbox 204 3282 1618 3380; baseline 0.001 -24"><span class='ocrx_word' id='word_1_156' title='bbox 204 3282 326 3356; x_wconf 77' lang='lat' dir='ltr'>deesse</span> <span class='ocrx_word' id='word_1_157' title='bbox 348 3286 540 3379; x_wconf 86' lang='lat' dir='ltr'>contigerit,</span> <span class='ocrx_word' id='word_1_158' title='bbox 561 3286 597 3357; x_wconf 92' lang='lat' dir='ltr'>in</span> <span class='ocrx_word' id='word_1_159' title='bbox 616 3283 868 3380; x_wconf 86' lang='lat' dir='ltr'>quinquaginta</span> <span class='ocrx_word' id='word_1_160' title='bbox 889 3283 1190 3378; x_wconf 86' lang='lat' dir='ltr'>marchisargenti</span> <span class='ocrx_word' id='word_1_161' title='bbox 1210 3305 1419 3379; x_wconf 89' lang='lat' dir='ltr'>perannum</span> <span class='ocrx_word' id='word_1_162' title='bbox 1445 3286 1618 3358; x_wconf 85' lang='lat' dir='ltr'>delectum</span> 
     </span>
     <span class='ocr_line' id='line_1_20' title="bbox 204 3407 1617 3504; baseline 0.004 -27"><span class='ocrx_word' id='word_1_163' title='bbox 204 3407 325 3480; x_wconf 91' lang='lat' dir='ltr'>militis</span> <span class='ocrx_word' id='word_1_164' title='bbox 337 3409 567 3500; x_wconf 90' lang='lat' dir='ltr'>redimemus;</span> <span class='ocrx_word' id='word_1_165' title='bbox 585 3410 769 3504; x_wconf 89' lang='lat' dir='ltr'>pecuniam</span> <span class='ocrx_word' id='word_1_166' title='bbox 783 3419 900 3483; x_wconf 87' lang='lat' dir='ltr'>autem</span> <span class='ocrx_word' id='word_1_167' title='bbox 916 3410 961 3483; x_wconf 88' lang='lat' dir='ltr'>de</span> <span class='ocrx_word' id='word_1_168' title='bbox 973 3407 1175 3502; x_wconf 90' lang='lat' dir='ltr'>hujusmodi</span> <span class='ocrx_word' id='word_1_169' title='bbox 1189 3408 1427 3504; x_wconf 87' lang='lat' dir='ltr'>redemptione</span> <span class='ocrx_word' id='word_1_170' title='bbox 1441 3411 1617 3483; x_wconf 88' lang='lat' dir='ltr'>collectam</span> 
     </span>
     <span class='ocr_line' id='line_1_21' title="bbox 204 3532 1619 3629; baseline 0.004 -26"><span class='ocrx_word' id='word_1_171' title='bbox 204 3551 269 3604; x_wconf 87' lang='lat' dir='ltr'>nos</span> <span class='ocrx_word' id='word_1_172' title='bbox 287 3533 317 3604; x_wconf 90' lang='lat' dir='ltr'>si</span> <span class='ocrx_word' id='word_1_173' title='bbox 339 3532 387 3604; x_wconf 94' lang='lat' dir='ltr'>ibi</span> <span class='ocrx_word' id='word_1_174' title='bbox 407 3533 574 3606; x_wconf 85' lang='lat' dir='ltr'>fuerimus</span> <span class='ocrx_word' id='word_1_175' title='bbox 591 3533 638 3606; x_wconf 89' lang='lat' dir='ltr'>ad</span> <span class='ocrx_word' id='word_1_176' title='bbox 655 3534 891 3607; x_wconf 82' lang='lat' dir='ltr'>testimonium</span> <span class='ocrx_word' id='word_1_177' title='bbox 907 3541 942 3606; x_wconf 88' lang='lat' dir='ltr'>et</span> <span class='ocrx_word' id='word_1_178' title='bbox 963 3533 1145 3607; x_wconf 86' lang='lat' dir='ltr'>consilium</span> <span class='ocrx_word' id='word_1_179' title='bbox 1164 3533 1257 3627; x_wconf 90' lang='lat' dir='ltr'>regis</span> <span class='ocrx_word' id='word_1_180' title='bbox 1274 3541 1308 3606; x_wconf 90' lang='lat' dir='ltr'>et</span> <span class='ocrx_word' id='word_1_181' title='bbox 1324 3533 1517 3629; x_wconf 84' lang='lat' dir='ltr'>patriarche</span> <span class='ocrx_word' id='word_1_182' title='bbox 1530 3534 1619 3608; x_wconf 90' lang='lat' dir='ltr'>Hie-</span> 
     </span>
     <span class='ocr_line' id='line_1_22' title="bbox 205 3657 1619 3753; baseline 0.001 -24"><span class='ocrx_word' id='word_1_183' title='bbox 205 3657 532 3752; x_wconf 81' lang='lat' dir='ltr'>rosolymitanorum</span> <span class='ocrx_word' id='word_1_184' title='bbox 546 3679 588 3730; x_wconf 87' lang='lat' dir='ltr'>ac</span> <span class='ocrx_word' id='word_1_185' title='bbox 602 3658 755 3752; x_wconf 81' lang='lat' dir='ltr'>magistri</span> <span class='ocrx_word' id='word_1_186' title='bbox 775 3658 900 3732; x_wconf 88' lang='lat' dir='ltr'>domus</span> <span class='ocrx_word' id='word_1_187' title='bbox 914 3658 1204 3731; x_wconf 86' lang='lat' dir='ltr'>Tbeutonioorum</span> <span class='ocrx_word' id='word_1_188' title='bbox 1223 3667 1258 3730; x_wconf 88' lang='lat' dir='ltr'>et</span> <span class='ocrx_word' id='word_1_189' title='bbox 1271 3658 1416 3730; x_wconf 89' lang='lat' dir='ltr'>aliorum</span> <span class='ocrx_word' id='word_1_190' title='bbox 1433 3658 1619 3753; x_wconf 89' lang='lat' dir='ltr'>proborum</span> 
     </span>
     <span class='ocr_line' id='line_1_23' title="bbox 205 3779 1620 3878; baseline 0.003 -27"><span class='ocrx_word' id='word_1_191' title='bbox 205 3779 387 3852; x_wconf 91' lang='lat' dir='ltr'>hominum</span> <span class='ocrx_word' id='word_1_192' title='bbox 403 3782 450 3855; x_wconf 92' lang='lat' dir='ltr'>de</span> <span class='ocrx_word' id='word_1_193' title='bbox 468 3790 555 3854; x_wconf 90' lang='lat' dir='ltr'>terra</span> <span class='ocrx_word' id='word_1_194' title='bbox 575 3780 704 3854; x_wconf 86' lang='lat' dir='ltr'>ibidem</span> <span class='ocrx_word' id='word_1_195' title='bbox 723 3779 770 3852; x_wconf 88' lang='lat' dir='ltr'>ad</span> <span class='ocrx_word' id='word_1_196' title='bbox 785 3781 966 3854; x_wconf 87' lang='lat' dir='ltr'>servitium</span> <span class='ocrx_word' id='word_1_197' title='bbox 992 3783 1074 3854; x_wconf 82' lang='lat' dir='ltr'>lesu</span> <span class='ocrx_word' id='word_1_198' title='bbox 1090 3781 1213 3854; x_wconf 87' lang='lat' dir='ltr'>Christi</span> <span class='ocrx_word' id='word_1_199' title='bbox 1228 3782 1467 3878; x_wconf 87' lang='lat' dir='ltr'>expendamus</span> <span class='ocrx_word' id='word_1_200' title='bbox 1482 3783 1518 3854; x_wconf 91' lang='lat' dir='ltr'>iu</span> <span class='ocrx_word' id='word_1_201' title='bbox 1534 3805 1620 3855; x_wconf 88' lang='lat' dir='ltr'>usus</span> 
     </span>
     <span class='ocr_line' id='line_1_24' title="bbox 205 3904 1621 4002; baseline 0.002 -25"><span class='ocrx_word' id='word_1_202' title='bbox 205 3904 346 3977; x_wconf 71' lang='lat' dir='ltr'>medem</span> <span class='ocrx_word' id='word_1_203' title='bbox 369 3905 424 3979; x_wconf 89' lang='lat' dir='ltr'>vel</span> <span class='ocrx_word' id='word_1_204' title='bbox 446 3907 551 3998; x_wconf 89' lang='lat' dir='ltr'>alios,</span> <span class='ocrx_word' id='word_1_205' title='bbox 572 3907 634 3978; x_wconf 93' lang='lat' dir='ltr'>ubi</span> <span class='ocrx_word' id='word_1_206' title='bbox 652 3907 703 3980; x_wconf 87' lang='lat' dir='ltr'>oia</span> <span class='ocrx_word' id='word_1_207' title='bbox 726 3905 838 4000; x_wconf 87' lang='lat' dir='ltr'>magia</span> <span class='ocrx_word' id='word_1_208' title='bbox 864 3906 979 3977; x_wconf 88' lang='lat' dir='ltr'>visum</span> <span class='ocrx_word' id='word_1_209' title='bbox 1004 3906 1107 3978; x_wconf 82' lang='lat' dir='ltr'>luerit</span> <span class='ocrx_word' id='word_1_210' title='bbox 1126 3906 1305 4002; x_wconf 84' lang='lat' dir='ltr'>expedire.</span> <span class='ocrx_word' id='word_1_211' title='bbox 1329 3906 1431 3991; x_wconf 90' lang='lat' dir='ltr'>Quod</span> <span class='ocrx_word' id='word_1_212' title='bbox 1455 3907 1485 3978; x_wconf 89' lang='lat' dir='ltr'>si</span> <span class='ocrx_word' id='word_1_213' title='bbox 1503 3908 1621 4000; x_wconf 86' lang='lat' dir='ltr'>aliquo</span> 
     </span>
     <span class='ocr_line' id='line_1_25' title="bbox 207 4029 1620 4126; baseline 0.004 -27"><span class='ocrx_word' id='word_1_214' title='bbox 207 4047 374 4101; x_wconf 84' lang='lat' dir='ltr'>casuros</span> <span class='ocrx_word' id='word_1_215' title='bbox 394 4029 559 4103; x_wconf 90' lang='lat' dir='ltr'>acciderit</span> <span class='ocrx_word' id='word_1_216' title='bbox 575 4039 659 4102; x_wconf 91' lang='lat' dir='ltr'>tunc</span> <span class='ocrx_word' id='word_1_217' title='bbox 681 4029 823 4122; x_wconf 86' lang='lat' dir='ltr'>abesse,</span> <span class='ocrx_word' id='word_1_218' title='bbox 843 4038 1029 4103; x_wconf 88' lang='lat' dir='ltr'>memorata</span> <span class='ocrx_word' id='word_1_219' title='bbox 1051 4031 1200 4126; x_wconf 86' lang='lat' dir='ltr'>pecunia</span> <span class='ocrx_word' id='word_1_220' title='bbox 1219 4031 1255 4102; x_wconf 88' lang='lat' dir='ltr'>iu</span> <span class='ocrx_word' id='word_1_221' title='bbox 1276 4029 1509 4125; x_wconf 88' lang='lat' dir='ltr'>predictorum</span> <span class='ocrx_word' id='word_1_222' title='bbox 1527 4032 1620 4126; x_wconf 83' lang='lat' dir='ltr'>regis</span> 
     </span>
     <span class='ocr_line' id='line_1_26' title="bbox 208 4153 1622 4250; baseline 0.002 -25"><span class='ocrx_word' id='word_1_223' title='bbox 208 4162 244 4225; x_wconf 88' lang='lat' dir='ltr'>et</span> <span class='ocrx_word' id='word_1_224' title='bbox 261 4153 453 4248; x_wconf 88' lang='lat' dir='ltr'>patriarche</span> <span class='ocrx_word' id='word_1_225' title='bbox 475 4177 515 4228; x_wconf 84' lang='lat' dir='ltr'>ac</span> <span class='ocrx_word' id='word_1_226' title='bbox 540 4154 695 4250; x_wconf 78' lang='lat' dir='ltr'>magistri</span> <span class='ocrx_word' id='word_1_227' title='bbox 721 4155 846 4228; x_wconf 89' lang='lat' dir='ltr'>domus</span> <span class='ocrx_word' id='word_1_228' title='bbox 872 4155 995 4226; x_wconf 86' lang='lat' dir='ltr'>Sancte</span> <span class='ocrx_word' id='word_1_229' title='bbox 1015 4154 1122 4226; x_wconf 88' lang='lat' dir='ltr'>Maria</span> <span class='ocrx_word' id='word_1_230' title='bbox 1145 4153 1433 4227; x_wconf 76' lang='lat' dir='ltr'>theutonicorum</span> <span class='ocrx_word' id='word_1_231' title='bbox 1459 4155 1622 4228; x_wconf 90' lang='lat' dir='ltr'>manibus</span> 
     </span>
     <span class='ocr_line' id='line_1_27' title="bbox 208 4277 1619 4376; baseline 0.003 -28"><span class='ocrx_word' id='word_1_232' title='bbox 208 4277 401 4372; x_wconf 88' lang='lat' dir='ltr'>deponetur</span> <span class='ocrx_word' id='word_1_233' title='bbox 429 4301 491 4376; x_wconf 90' lang='lat' dir='ltr'>per</span> <span class='ocrx_word' id='word_1_234' title='bbox 519 4279 613 4376; x_wconf 91' lang='lat' dir='ltr'>ipsos</span> <span class='ocrx_word' id='word_1_235' title='bbox 640 4279 677 4351; x_wconf 92' lang='lat' dir='ltr'>iu</span> <span class='ocrx_word' id='word_1_236' title='bbox 706 4280 808 4352; x_wconf 86' lang='lat' dir='ltr'>Terra</span> <span class='ocrx_word' id='word_1_237' title='bbox 836 4281 960 4352; x_wconf 86' lang='lat' dir='ltr'>Sancte</span> <span class='ocrx_word' id='word_1_238' title='bbox 983 4278 1122 4372; x_wconf 85' lang='lat' dir='ltr'>negotio</span> <span class='ocrx_word' id='word_1_239' title='bbox 1146 4277 1396 4374; x_wconf 69' lang='lat' dir='ltr'>expendenda:</span> <span class='ocrx_word' id='word_1_240' title='bbox 1419 4278 1619 4373; x_wconf 87' lang='lat' dir='ltr'>Passagium</span> 
     </span>
     <span class='ocr_line' id='line_1_28' title="bbox 209 4400 1621 4500; baseline 0.003 -28"><span class='ocrx_word' id='word_1_241' title='bbox 209 4400 373 4474; x_wconf 89' lang='lat' dir='ltr'>dabimus</span> <span class='ocrx_word' id='word_1_242' title='bbox 396 4402 427 4474; x_wconf 91' lang='lat' dir='ltr'>si</span> <span class='ocrx_word' id='word_1_243' title='bbox 452 4405 611 4477; x_wconf 87' lang='lat' dir='ltr'>venerint</span> <span class='ocrx_word' id='word_1_244' title='bbox 640 4403 676 4476; x_wconf 94' lang='lat' dir='ltr'>iu</span> <span class='ocrx_word' id='word_1_245' title='bbox 700 4402 813 4500; x_wconf 90' lang='lat' dir='ltr'>primo</span> <span class='ocrx_word' id='word_1_246' title='bbox 836 4402 996 4499; x_wconf 82' lang='lat' dir='ltr'>passagio</span> <span class='ocrx_word' id='word_1_247' title='bbox 1024 4403 1081 4476; x_wconf 89' lang='lat' dir='ltr'>vel</span> <span class='ocrx_word' id='word_1_248' title='bbox 1103 4402 1140 4473; x_wconf 91' lang='lat' dir='ltr'>iu</span> <span class='ocrx_word' id='word_1_249' title='bbox 1165 4401 1302 4475; x_wconf 90' lang='lat' dir='ltr'>duobus</span> <span class='ocrx_word' id='word_1_250' title='bbox 1327 4402 1621 4498; x_wconf 86' lang='lat' dir='ltr'>subsequentibus</span> 
     </span>
     <span class='ocr_line' id='line_1_29' title="bbox 209 4526 1621 4623; baseline 0.003 -25"><span class='ocrx_word' id='word_1_251' title='bbox 209 4526 390 4622; x_wconf 82' lang='lat' dir='ltr'>passagiis,</span> <span class='ocrx_word' id='word_1_252' title='bbox 417 4526 557 4600; x_wconf 88' lang='lat' dir='ltr'>duobus</span> <span class='ocrx_word' id='word_1_253' title='bbox 578 4527 734 4601; x_wconf 88' lang='lat' dir='ltr'>millibus</span> <span class='ocrx_word' id='word_1_254' title='bbox 752 4527 900 4599; x_wconf 88' lang='lat' dir='ltr'>militum</span> <span class='ocrx_word' id='word_1_255' title='bbox 923 4536 958 4600; x_wconf 87' lang='lat' dir='ltr'>et</span> <span class='ocrx_word' id='word_1_256' title='bbox 981 4526 1120 4600; x_wconf 76' lang='lat' dir='ltr'>familiis</span> <span class='ocrx_word' id='word_1_257' title='bbox 1145 4527 1345 4600; x_wconf 86' lang='lat' dir='ltr'>eorumdem</span> <span class='ocrx_word' id='word_1_258' title='bbox 1367 4535 1402 4600; x_wconf 89' lang='lat' dir='ltr'>et</span> <span class='ocrx_word' id='word_1_259' title='bbox 1426 4548 1489 4623; x_wconf 94' lang='lat' dir='ltr'>pro</span> <span class='ocrx_word' id='word_1_260' title='bbox 1512 4529 1621 4602; x_wconf 89' lang='lat' dir='ltr'>milite</span> 
     </span>
     <span class='ocr_line' id='line_1_30' title="bbox 207 4649 1617 4747; baseline 0.003 -28"><span class='ocrx_word' id='word_1_261' title='bbox 207 4649 319 4722; x_wconf 87' lang='lat' dir='ltr'>tribus</span> <span class='ocrx_word' id='word_1_262' title='bbox 343 4650 461 4747; x_wconf 89' lang='lat' dir='ltr'>equis;</span> <span class='ocrx_word' id='word_1_263' title='bbox 487 4651 656 4726; x_wconf 85' lang='lat' dir='ltr'>ducemus</span> <span class='ocrx_word' id='word_1_264' title='bbox 681 4651 860 4726; x_wconf 89' lang='lat' dir='ltr'>nobiseum</span> <span class='ocrx_word' id='word_1_265' title='bbox 887 4661 1026 4726; x_wconf 88' lang='lat' dir='ltr'>centum</span> <span class='ocrx_word' id='word_1_266' title='bbox 1052 4651 1233 4726; x_wconf 76' lang='lat' dir='ltr'>salandras</span> <span class='ocrx_word' id='word_1_267' title='bbox 1253 4661 1288 4726; x_wconf 88' lang='lat' dir='ltr'>et</span> <span class='ocrx_word' id='word_1_268' title='bbox 1304 4650 1497 4726; x_wconf 86' lang='lat' dir='ltr'>tenebimus</span> <span class='ocrx_word' id='word_1_269' title='bbox 1514 4652 1617 4747; x_wconf 92' lang='lat' dir='ltr'>quin·</span> 
     </span>
    </p>
   </div>
   <div class='ocr_carea' id='block_1_7' title="bbox 0 0 2172 5892">
    <p class='ocr_par' dir='ltr' id='par_1_7' title="bbox 0 0 2172 5892">
     <span class='ocr_line' id='line_1_31' title="bbox 0 0 2172 5892; baseline 0 0"><span class='ocrx_word' id='word_1_270' title='bbox 0 0 2172 5892; x_wconf 95' lang='lat' dir='ltr'> </span> 
     </span>
    </p>
   </div>
  </div>
 </body>
</html>
