4368 5876
223 618 321 680 halet.
337 613 382 693 9.]
673 604 870 668 HISTORIA
894 599 1188 666 bretol-tauma.
1584 594 1639 656 let

225 744 429 832 hannis'in
460 741 580 827 Plano
606 749 645 823 et
669 737 872 823 conventui
901 735 984 846 ejus
1016 733 1188 818 concedit
1216 742 1253 814 et
1284 730 1486 814 confirmat
1513 729 1644 812 omnia

226 909 326 995 quae
357 878 554 991 quondam
581 873 780 959 Petronius
807 897 936 955 eomes
959 869 1141 952 Alexinae
1172 867 1297 952 eidem
1328 866 1461 950 domui
1489 867 1646 948 donavit

227 1043 316 1103 eum
342 1015 517 1098 libertate
543 1033 753 1119 aquarum,
774 1005 983 1089 herbarum
1005 1014 1043 1087 et
1063 1004 1258 1115 lignorum
1289 1031 1411 1116 usque
1439 1007 1488 1088 ad
1515 1007 1647 1090 decem

228 1149 408 1234 milliaria
434 1149 474 1229 in
505 1143 691 1249 circuitu,
724 1149 881 1251 excepta
906 1149 1056 1224 tantum
1083 1138 1176 1223 ville
1204 1139 1402 1248 Precinae‚
1432 1169 1550 1252 quam
1577 1171 1647 1228 suo

228 1281 415 1395 imperiali
431 1279 609 1364 demanio
625 1285 804 1360 reservat.

310 1499 437 1583 (lnedlt.
452 1501 484 1560 ln
497 1496 721 1560 eonbrmetlone
736 1493 858 1558 Robcrtl
874 1492 991 1554 Stelllae
1012 1495 1106 1571 regis,
1121 1493 1184 1554 dat.
1209 1493 1331 1572 Neapnll
1344 1510 1395 1572 per
1408 1495 1647 1558 Bmtbolomeum

351 1609 517 1685 dampna.
537 1621 608 1666 ann.
632 1612 722 1677 1³17,
743 1601 791 1662 dle
811 1609 847 1662 14
860 1603 957 1680 Junll,
979 1601 1035 1662 XV
1057 1601 1177 1675 indict,
1191 1618 1237 1678 ap.
1255 1599 1381 1683 eaput,
1397 1605 1429 1662 lu
1442 1603 1551 1665 archiv.
1570 1606 1649 1666 Nea-

353 1717 427 1795 pol.,
442 1715 512 1776 Lttt
536 1711 572 1774 B.
591 1711 645 1772 iol.
667 1718 781 1784 taum
795 1711 855 1770 nlsl
873 1709 953 1787 quod
976 1709 1128 1784 Zirmas,
1149 1705 1279 1790 Famiql.
1299 1705 1390 1770 nobil.
1408 1707 1647 1792 dltcl.,samipl.

354 1818 475 1895 Gemite,
494 1838 524 1898 p.
542 1828 578 1880 tt
594 1835 693 1890 verso,
710 1824 826 1896 pmtsm
845 1817 1006 1894 quamdam
1025 1816 1117 1894 bujus
1132 1818 1278 1896 prlvlleglt
1291 1818 1373 1898 qnod
1386 1822 1419 1878 ln
1431 1819 1557 1899 Regesto
1571 1822 1648 1883 lectu

351 1931 561 1993 dlffletlllmum
579 1933 641 2002 est,
656 1928 829 1987 concinnius
841 1923 1001 2000 cxblbuit.)

281 2123 321 2195 ln
342 2119 483 2194 nomine
501 2118 563 2190 Dei
582 2116 691 2190 eterni
709 2113 896 2188 Salvatoris
917 2113 1026 2186 nostri
1046 2116 1128 2187 lesa
1152 2113 1288 2186 Christi.
1309 2113 1434 2188 Amen.
1455 2117 1650 2193 Friderieus

233 2248 354 2324 divina
370 2248 509 2319 lavante
525 2241 707 2316 clementia
719 2242 952 2314 Romanorum
971 2239 1169 2336 imperator,
1188 2261 1324 2337 semper
1342 2254 1511 2337 augustus
1529 2255 1564 2317 et
1586 2267 1649 2318 rex

232 2373 360 2447 Sicilie.
386 2369 459 2443 Etsi
477 2369 610 2442 caduca
626 2368 695 2439 sint
712 2366 829 2439 omnia
849 2387 891 2438 ac
909 2375 1105 2459 temporum
1127 2364 1353 2438 diuturnitate
1375 2368 1546 2457 labantur,
1569 2381 1651 2442 sunt

233 2509 348 2572 tamen
360 2519 408 2569 ex
423 2495 622 2567 hominibus
636 2493 754 2587 aliqua
770 2499 936 2587 perpetue
952 2490 1131 2562 stabilitati
1148 2511 1320 2582 connexa,
1336 2493 1394 2566 illa
1406 2493 1568 2566 videlicet
1580 2519 1651 2590 que

235 2622 367 2696 divinis
387 2620 506 2694 dedita
531 2619 684 2690 cultibus
708 2615 908 2689 hereditatis
933 2614 995 2686 Dei
1022 2615 1214 2686 funiculum
1242 2613 1445 2714 [satagunt]
1475 2619 1563 2692 iuter
1589 2621 1652 2694 bo-

236 2750 348 2820 mines
364 2745 544 2841 ampliare,
567 2753 652 2816 tuac
668 2743 833 2839 precipue
855 2763 934 2814 oum
953 2743 1028 2814 loca
1046 2741 1257 2815 venerabilia
1280 2743 1315 2814 in
1335 2745 1464 2837 quibus
1480 2747 1651 2843 principa·

237 2875 313 2946 liter
326 2875 399 2944 Deo
417 2871 606 2942 monastica
622 2869 742 2963 regula
759 2868 882 2940 militat
899 2868 1062 2939 muniant
1079 2867 1270 2941 munimine
1284 2868 1503 2965 imperatorie
1520 2879 1652 2966 majes-

236 2999 317 3072 tatis
327 3010 361 3070 et
373 2997 424 3070 eis
437 2995 647 3069 monimenta
659 3015 751 3089 quac
764 2993 839 3088 ipsa
853 3001 1006 3066 vetustas
1022 3014 1089 3065 non
1104 2991 1206 3065 diluit
1218 2994 1493 3069 consideratione
1504 2999 1650 3093 provida

238 3126 443 3218 largiuntur.
471 3121 661 3217 Eapropter
696 3129 816 3192 notum
841 3120 987 3192 lecimus
1015 3120 1189 3191 universis
1228 3120 1352 3192 nostris
1391 3121 1553 3196 fidelibus
1581 3133 1649 3197 tam

238 3247 456 3344 presentibus
482 3267 588 3341 quam
621 3245 746 3316 lutaris
775 3241 871 3338 quod
901 3264 965 3315 nos
998 3243 1221 3316 meditatione
1248 3245 1403 3340 piissima
1437 3248 1653 3322 attendentes

238 3373 386 3469 qualiter
403 3381 563 3444 sanctum
583 3369 830 3442 monasterium
849 3367 966 3440 Sancti
989 3367 1155 3441 lobannis
1172 3369 1207 3440 in
1223 3370 1327 3442 Plano
1347 3393 1367 3443 a
1388 3373 1565 3466 quondam
1584 3377 1653 3448 Pe-

239 3499 350 3572 tronio
379 3497 504 3571 comite
536 3495 684 3568 Alexine
715 3495 849 3591 pietatis
878 3494 1006 3565 intuitu
1032 3502 1259 3590 propagatam
1287 3497 1495 3594 multiplices
1522 3501 1654 3573 fructus

240 3624 368 3721 prodiit
390 3623 497 3696 laude
521 3622 646 3716 dignos
673 3631 708 3694 et
734 3621 983 3694 incrementum
1002 3621 1155 3717 suscepit
1176 3621 1398 3717 spiritualiter
1418 3634 1454 3696 et
1476 3634 1654 3720 tempora-

242 3750 318 3822 liter
333 3749 482 3822 Domino
508 3746 711 3821 famulando
733 3755 769 3820 et
791 3747 866 3839 ejus
888 3744 1024 3818 abbatis
1047 3767 1088 3818 ac
1108 3747 1251 3817 fratrum
1279 3745 1409 3820 ibidem
1433 3752 1654 3825 militantium

240 3873 374 3946 tlbristo
388 3874 468 3946 lesu
481 3893 564 3967 erga
577 3883 727 3946 nostram
742 3868 1032 3964 magnificentiam
1049 3893 1129 3941 cum
1143 3869 1214 3944 fide
1230 3872 1371 3945 devotio
1384 3895 1519 3968 semper
1531 3878 1652 3966 crevit,

242 3999 500 4072 considerantes
517 3998 621 4070 etiam
647 3998 817 4070 celebrem
838 3996 944 4068 vitam
968 4006 1005 4069 et
1024 3997 1167 4068 honeste
1186 3997 1362 4088 religionis
1380 4000 1511 4071 cultum
1528 4002 1657 4094 quibus

242 4124 391 4197 dilectus
414 4123 515 4196 uobis
535 4123 570 4195 in
586 4122 732 4195 Domino
749 4121 918 4195 llobertus
932 4121 1139 4194 venerabilis
1157 4122 1265 4194 abbas
1284 4123 1441 4216 ejusdem
1460 4127 1657 4199 monasterii

242 4250 358 4323 Sancti
376 4250 542 4324 lobannis
559 4259 594 4322 et
607 4258 802 4321 conventus
819 4247 930 4345 ipsius
944 4250 1130 4321 clarescere
1149 4259 1351 4337 noscuntur,
1375 4258 1491 4322 eterne
1510 4252 1656 4323 retribu-

244 4376 348 4450 tionis
366 4377 509 4450 obtentu
533 4385 567 4448 et
586 4396 649 4472 pro
670 4373 825 4447 remedio
847 4373 1041 4446 animarum
1063 4374 1320 4468 progenitorum
1337 4383 1529 4446 nostrorum
1545 4397 1657 4448 reeor-

244 4501 394 4574 dationis
413 4500 529 4574 inclite
546 4522 609 4574 nec
630 4521 699 4572 non
715 4521 777 4595 pro
792 4498 914 4572 salutis
929 4508 1043 4571 nostre
1059 4520 1101 4571 ae
1117 4499 1260 4572 victorie
1277 4500 1486 4573 incremento
1503 4500 1656 4596 ipsorum

246 4626 356 4700 lavari
378 4647 420 4698 ac
439 4626 608 4722 profectui
628 4624 863 4713 intendentes,
888 4623 980 4698 idem
1006 4621 1251 4697 monasterium
1274 4633 1309 4698 et
1330 4626 1376 4698 ab
1400 4626 1474 4720 ipso
1496 4627 1660 4720 grangias

245 4751 420 4845 quaslibet
442 4750 679 4847 dependentes
695 4749 770 4847 (l),
791 4751 913 4822 fratres
934 4758 970 4822 et
986 4750 1119 4824 oblatos
1143 4751 1254 4846 ipsius
1277 4774 1356 4824 cum
1378 4753 1540 4825 omnibus
1560 4753 1659 4826 bonis
