4272 5886
513 465 575 530 592
1014 468 1228 532 rntusttct
1253 470 1428 534 SECUNDl
1742 475 1824 558 [liu.
1843 479 1930 542 iffi

513 603 679 699 expensis
704 623 773 676 non
794 605 941 680 modicis
962 605 1136 680 efficacem
1158 629 1301 680 manum
1323 608 1446 682 anxilii
1472 610 1627 705 porrexit
1648 611 1819 706 obsessis,
1840 617 1932 690 vires

513 727 684 802 invasoris
713 727 900 802 debilitans
925 736 960 802 ot
990 741 1133 804 conatus
1154 731 1331 806 invasoris
1363 732 1510 807 elidens.
1547 732 1702 830 Cumque
1740 736 1931 812 obsidionis

513 853 629 927 exitus
654 854 850 928 insultantis
869 876 937 928 uon
958 855 1181 949 responderet
1198 855 1335 929 affectui
1354 867 1389 930 et
1407 868 1589 953 prorogata
1606 881 1669 954 spa
1694 859 1927 954 detensionis,

513 975 560 1049 ad
586 977 672 1050 alios
699 977 880 1052 resistendi
907 979 1062 1072 vigorem
1091 985 1155 1070 [et]
1180 977 1334 1054 animum
1355 994 1568 1056 rmnmerent
1589 983 1779 1075 convicini,
1804 1008 1844 1058 se
1864 987 1928 1059 ini·

511 1124 604 1197 quus
627 1103 684 1174 ille
709 1102 745 1175 iu
773 1101 923 1176 Siciliam
948 1105 1120 1176 transtulit
1144 1113 1182 1176 ut
1206 1106 1236 1178 si
1257 1105 1306 1178 ihi
1330 1106 1376 1179 de
1402 1128 1548 1201 persona
1569 1107 1660 1202 regis
1683 1107 1851 1182 desiderii
1875 1111 1928 1182 sni

512 1225 617 1300 finem
643 1228 841 1322 attingeret,
865 1226 913 1299 ad
936 1227 1035 1322 regni
1061 1228 1236 1323 fastigium
1263 1231 1339 1302 sine
1363 1229 1575 1304 difficultatis
1602 1233 1780 1306 obstaculo
1806 1255 1928 1330 perve-

511 1353 612 1425 niret.
635 1353 705 1426 Sed
728 1375 793 1426 nsc
819 1352 867 1424 ihi
891 1353 1110 1448 protectionis
1135 1355 1235 1426 sollte
1258 1353 1435 1428 dexteram
1461 1354 1524 1425 tihi
1549 1355 1724 1430 subtraxit
1750 1357 1923 1449 Ecclesia,

510 1481 648 1550 mittens
665 1478 749 1548 illuc
770 1477 861 1550 hone
884 1477 1047 1550 memorie
1071 1476 1254 1574 Cynthium
1279 1479 1369 1550 tituli
1394 1480 1509 1552 Sancti
1531 1479 1706 1552 laurentii
1735 1481 1772 1552 in
1798 1483 1925 1554 Lucina

509 1603 749 1698 presbyterum
775 1600 1004 1692 cardinalem,
1026 1601 1133 1676 nobili
1158 1603 1235 1676 viro
1255 1603 1380 1676 comite
1397 1603 1524 1676 Jacobs
1539 1603 1606 1698 (l),
1625 1605 1833 1678 consobrino
1850 1630 1924 1702 pre-

509 1727 698 1802 decessoris
729 1727 836 1800 nostri
864 1725 1031 1820 predicti,
1060 1726 1178 1799 multis
1200 1729 1367 1801 associato
1392 1726 1559 1799 militibus
1588 1728 1624 1799 in
1650 1728 1702 1799 tui
1728 1729 1923 1803 subsidium

509 1853 753 1926 nichilominus
778 1851 960 1924 destinato.
989 1849 1087 1924 Alius
1111 1851 1215 1924 etiam
1247 1850 1432 1924 cardinalis
1459 1851 1522 1923 tibi
1544 1852 1765 1946 postmodum
1793 1853 1924 1927 adstitit

508 1978 712 2074 deputatus,
732 1976 794 2071 qui
817 1975 886 2048 tuis
907 1974 1112 2048 utilitatibus
1129 1996 1199 2047 non
1218 1975 1382 2048 remissus
1397 1975 1446 2048 ibi
1459 1974 1551 2048 diem
1569 1977 1693 2049 clausit
1710 1987 1918 2068 extremum,

508 2109 756 2196 consequenter
775 2099 844 2174 alic
866 2099 1052 2172 substituto
1072 2107 1110 2170 ut
1131 2099 1373 2172 sollicitudinis
1392 2099 1509 2172 debite
1533 2099 1713 2194 plenitudo
1735 2101 1826 2173 circa
1847 2121 1922 2196 pcr-

507 2247 592 2300 sone
610 2235 668 2298 tue
686 2223 880 2298 custodiam
900 2243 969 2296 non
996 2222 1144 2296 deesset.
1161 2225 1294 2296 Interea
1316 2219 1480 2318 Diopuldi
1503 2222 1634 2295 malitia
1659 2224 1762 2316 longe
1785 2223 1921 2316 lateque

507 2351 635 2424 diffusa
650 2349 701 2422 sic
721 2371 759 2422 se
786 2369 847 2444 per
864 2347 989 2442 llpulie
1011 2357 1124 2443 partes
1147 2347 1350 2422 extenderat
1370 2368 1411 2418 ac
1428 2355 1516 2420 terre
1532 2347 1692 2438 haberis,
1718 2357 1920 2442 tantumque

507 2485 683 2570 receperat
705 2473 953 2545 incrementum
976 2470 1074 2565 quod
1092 2471 1232 2544 obtenta
1254 2469 1300 2544 de
1319 2469 1431 2544 nobili
1455 2471 1532 2542 viro
1551 2471 1650 2544 Petro
1667 2470 1847 2565 quondam
1865 2493 1920 2544 oo·

507 2601 590 2672 mite
607 2598 723 2671 Celani
745 2597 890 2670 victoria
907 2595 972 2690 (2),
993 2617 1056 2691 pro
1078 2597 1199 2688 majori
1221 2596 1293 2670 iere
1310 2605 1406 2691 parte
1423 2593 1581 2668 homines
1598 2593 1751 2688 regionis
1769 2617 1835 2668 suo
1854 2617 1921 2692 up-

508 2723 658 2819 plicabat
680 2722 821 2794 arbitrio
846 2741 981 2815 suoque
1002 2718 1157 2792 dominio
1181 2720 1387 2809 addicebat,
1417 2719 1453 2790 in
1479 2718 1615 2814 aliquos
1641 2719 1732 2792 sicut
1764 2730 1920 2815 poterant

506 2849 703 2922 resistentes
724 2868 767 2920 co
788 2845 965 2920 crudelius
978 2843 1226 2918 debacchando
1240 2866 1311 2940 quo
1329 2845 1448 2918 minus
1467 2843 1515 2918 de
1535 2865 1725 2942 paucorum
1748 2859 1784 2917 et
1803 2845 1920 2918 humi-

506 2975 592 3046 lium
618 2972 761 3044 timebat
786 2969 970 3066 repagulo,
997 2969 1060 3065 qni
1084 2970 1129 3044 de
1154 2971 1324 3063 maiorum
1349 2979 1384 3042 et
1407 2967 1608 3042 sublimium
1634 2969 1769 3042 viribus
1790 2970 1918 3042 trium-

506 3097 639 3194 pharat.
671 3095 827 3190 Cumque
851 3095 888 3165 in
919 3094 1077 3189 partibus
1104 3095 1173 3166 illis
1199 3115 1268 3167 non
1292 3093 1436 3168 haberet
1458 3093 1613 3166 Ecclesia
1639 3113 1745 3187 mem
1774 3094 1918 3187 erigeret

504 3230 623 3296 contra
648 3221 744 3292 illum
771 3219 967 3314 multosque
994 3226 1154 3314 sumptus
1176 3217 1330 3290 amiserit
1356 3219 1393 3288 in
1421 3215 1622 3288 hominibus
1645 3217 1821 3312 regionis,
1849 3239 1918 3312 quc

504 3367 567 3442 pro
583 3357 616 3418 te
630 3347 703 3439 jam
722 3343 804 3417 fecit
827 3363 1000 3438 expensas
1017 3343 1203 3414 multarum
1229 3341 1363 3414 milium
1383 3341 1584 3432 unciarum,
1602 3349 1739 3437 recepto
1762 3341 1809 3416 ad
1829 3363 1916 3436 opus

501 3471 553 3544 tui
575 3492 597 3545 a
617 3469 725 3543 nobili
752 3467 827 3540 viro
852 3465 1012 3542 Gnaltero
1034 3464 1212 3559 quondam
1238 3464 1365 3538 comite
1386 3465 1577 3540 Brennensi
1598 3463 1774 3540 fidelitatis
1803 3465 1918 3539 debite

497 3597 710 3688 juramento,
731 3593 846 3687 ipsum
865 3591 957 3662 misit
977 3589 1013 3662 in
1035 3610 1182 3683 regnum
1202 3600 1240 3660 ut
1257 3611 1319 3685 per
1339 3611 1421 3663 enm
1439 3589 1520 3664 elati
1539 3611 1668 3662 cornua
1687 3591 1918 3684 confringeret

503 3718 646 3792 inimici.
670 3715 848 3810 Numquid
871 3714 954 3788 huic
973 3715 1194 3788 commissum
1218 3713 1284 3786 fuit
1304 3714 1450 3810 perdere
1466 3713 1636 3810 puerum?
1656 3712 1832 3808 numquid
1853 3712 1917 3784 fuit

500 3844 584 3916 huic
609 3842 779 3916 creditum
805 3839 953 3936 spoliare
979 3840 1175 3935 pupillum?
1199 3839 1249 3912 Do
1273 3838 1396 3911 throno
1420 3837 1483 3910 Dei
1508 3837 1681 3929 judicium
1713 3837 1860 3933 prodeat
1883 3848 1918 3910 et

502 3968 614 4040 virtus
634 3965 801 4039 Altissimi
825 3975 958 4037 rectum
975 3963 1149 4056 judicium
1173 3973 1347 4057 operetur,
1371 3963 1401 4034 si
1419 3960 1589 4035 adversus
1609 3961 1798 4036 Ecclesiam
1822 3971 1916 4036 tnam

501 4093 741 4166 excellentiam
762 4089 880 4164 docuit
902 4088 983 4162 talia
1002 4089 1160 4177 credere,
1179 4087 1208 4158 si
1225 4086 1349 4160 debuit
1364 4107 1412 4160 ex
1433 4087 1501 4158 hiis
1520 4088 1650 4158 incerta
1671 4085 1859 4160 credulitas
1879 4086 1914 4157 in

534 4411 568 4484 (l)
587 4413 680 4485 agium
693 4411 727 4470 ds
740 4411 841 4470 laccho
851 4411 1001 4470 Consilium·
1012 4409 1093 4480 dicto,
1106 4409 1221 4466 Andriae
1236 4415 1329 4483 [natm
1342 4409 1450 4466 comite.
1464 4407 1503 4466 Cl.
1517 4407 1643 4466 volumen
1658 4409 1786 4483 primum,
1801 4409 1910 4482 partim

533 4509 569 4582 (2)
588 4509 695 4567 Scilicet
706 4527 798 4570 mense
806 4511 883 4584 junio
897 4513 975 4582 4200,
991 4515 1022 4566 ut
1035 4509 1063 4564 in
1075 4507 1245 4582 praecedeuti
1256 4507 1392 4566 volumina
1403 4507 1529 4566 datum.
1549 4508 1588 4565 lle
1601 4507 1645 4565 his
1658 4506 1794 4576 omnibus,
1810 4507 1846 4564 d.
1858 4505 1911 4562 ibi·

498 4607 576 4680 dem,
590 4611 703 4680 possim
