4292 5894
226 510 324 572 buter.
343 508 404 588 ll.]
674 502 871 566 HISTORIA
895 501 1188 566 btutottltt'tta
1580 503 1639 564 3¹17

226 644 331 718 trarie
354 642 541 738 scrupulus
566 640 757 732 tolleretur,
782 639 829 713 ad
846 639 1043 712 instantiam
1064 637 1257 735 patriarche
1275 636 1419 734 predicti
1438 647 1473 710 et
1493 639 1639 712 aliorum

227 767 470 860 Orientalium,
491 767 528 838 in
553 775 668 838 nostra
694 775 729 838 et
754 765 898 837 batrum
932 773 1125 836 nostrorum
1151 763 1324 860 presentia
1348 772 1384 836 et
1408 763 1641 836 multitudinis

228 892 409 966 hominum
425 892 486 987 qui
503 893 550 966 ad
562 891 773 986 colloquium
786 899 952 963 venerant
969 910 1007 961 sc
1030 889 1215 962 ducturum
1237 889 1275 961 in
1293 910 1437 962 uxorem
1452 888 1641 982 legitimam

230 1015 336 1090 filiam
358 1017 452 1107 regis
473 1015 630 1107 ejusdem
647 1013 874 1107 jurisjurandi
897 1013 1066 1108 religione
1087 1012 1249 1085 firmavit.
1272 1015 1360 1087 Sane
1376 1013 1547 1111 probabili
1565 1033 1643 1107 pre·

229 1143 427 1238 sumptione
440 1149 597 1214 tenemus
611 1139 707 1234 quod
722 1161 802 1212 cum
817 1138 995 1213 abomiuo
1007 1141 1136 1213 iactum
1152 1149 1205 1210 cst
1218 1139 1312 1213 istud
1329 1150 1368 1211 ut
1383 1139 1472 1212 votis
1487 1137 1643 1212 fidolium

231 1275 348 1363 optate
369 1266 419 1340 rei
441 1287 623 1339 successus
647 1266 807 1338 exsolvat
828 1264 925 1359 quod
950 1273 1177 1360 precouccptc
1197 1263 1271 1359 spei
1296 1262 1454 1359 preludia
1473 1263 1645 1358 promise-

232 1400 326 1483 runt,
342 1389 388 1464 ad
404 1391 461 1463 sui
480 1390 761 1464 restaurationem
781 1390 910 1484 negotii
928 1399 1027 1460 tuum
1041 1398 1078 1461 et
1090 1389 1237 1462 aliorum
1254 1411 1376 1483 regum
1389 1409 1432 1462 ac
1446 1388 1644 1485 principum

233 1517 367 1589 animos
388 1515 464 1612 ipse
486 1514 578 1587 filius
597 1514 723 1586 summi
745 1514 838 1608 regis
861 1513 1046 1604 accendet,
1071 1515 1133 1610 qui
1154 1512 1200 1588 de
1226 1525 1356 1586 secroto
1385 1515 1491 1609 patris
1515 1515 1551 1585 iu
1576 1535 1646 1608 pu-

233 1641 363 1714 blicum
387 1663 547 1734 egressus
571 1651 623 1714 est
640 1641 687 1714 ad
703 1661 841 1731 servos,
860 1639 907 1712 ad
926 1639 997 1713 ima
1013 1639 1191 1712 descendit
1214 1649 1253 1711 nt
1272 1639 1421 1712 subditis
1441 1637 1488 1710 ad
1511 1659 1647 1711 summa

233 1773 370 1863 pararet
386 1785 587 1855 ascensum,
608 1765 675 1838 sub
697 1774 784 1839 testa
804 1774 919 1838 nostre
939 1764 1155 1840 mortalitatis
1172 1763 1301 1860 figulus
1317 1763 1353 1836 in
1372 1764 1470 1837 terris
1492 1764 1591 1836 visus
1613 1772 1649 1836 et

235 1912 316 1964 cum
327 1890 528 1964 hominibus
545 1897 782 1964 conversatus.
794 1889 869 1963 Etc.

283 2017 408 2088 Datum
424 2016 580 2088 laturam
595 2012 661 2112 (t).
698 2067 1646 2087 ........................

287 2139 478 2239 [Scriptum
495 2141 636 2214 estsere
657 2141 872 2214 ineumdem
894 2140 1038 2215 modum
1061 2140 1135 2236 regi
1157 2139 1373 2234 burgariae,
1396 2140 1470 2234 regi
1489 2137 1647 2235 Angliae,

237 2275 341 2360 atque
361 2251 532 2338 uniuersis
553 2265 677 2338 Christi
694 2264 857 2338 fidelibus
875 2285 937 2360 per
959 2265 1252 2338 Tarantasiensem
1276 2264 1510 2360 provinciam,
1532 2264 1650 2337 multis

238 2395 275 2462 in
289 2390 355 2464 hac
372 2390 493 2464 ultima
508 2391 652 2489 epistola
668 2390 807 2464 mutatis
824 2411 886 2463 seu
901 2385 1063 2486 additis]

296 2989 522 3098 FridenicuS,
541 2991 803 3074 Romanorum
819 2990 1041 3102 imperator,
1061 2990 1296 3076 universitati
1314 2992 1516 3076 hominum
1535 3001 1656 3076 terrae
1700 3024 1834 3125 masam

240 3091 495 3208 Thermarum
510 3124 682 3208 concedit
694 3125 887 3209 nundinas
901 3151 1007 3208 cmm
996 3125 1161 3209 datia
1150 3109 1342 3210 immunes
1361 3127 1560 3210 annuatim
1583 3151 1655 3210 oe-
1700 3078 1796 3190 ⁸¹3³ss
1803 3133 1834 3186 ¹¹¹

243 3257 446 3342 lebrandas
464 3285 532 3368 per
552 3268 629 3343 tres
646 3259 748 3363 dies,
770 3257 946 3342 scilicet
935 3285 977 3340 m
1003 3257 1100 3344 festo
1126 3259 1227 3344 beati
1198 3260 1428 3373 tCalcgeri
1451 3261 1654 3372 martyria,

242 3390 365 3498 pridie
377 3400 415 3475 ct
427 3392 609 3503 postridie
626 3391 797 3504 ejusdem
814 3391 915 3506 festi.

330 3607 500 3690 (Memorat.
515 3628 563 3688 ap.
579 3612 701 3686 semro,
720 3612 803 3672 lucr.
823 3608 855 3670 dt
874 3610 1019 3684 Termini,
1040 3617 1111 3672 tom.
1126 3611 1174 3690 11,
1187 3627 1217 3688 p.
1237 3619 1272 3686 c,
1285 3628 1324 3672 ex
1336 3613 1442 3691 origin
1457 3611 1611 3692 pdrtlegio
1623 3613 1656 3674 tn

365 3717 448 3778 arch.
462 3717 544 3795 publ.
557 3717 759 3780 Thermttono.
769 3717 861 3796 Cujus
873 3718 993 3780 luttium
1006 3719 1212 3780 tautummodo
1224 3717 1322 3794 retem
1339 3725 1373 3780 ut
1385 3717 1555 3798 senatun)

294 3902 478 3978 Fedcricus
495 3906 558 3979 Dei
576 3907 711 4000 gratia,
731 3915 797 3978 etc.
816 3905 910 3979 licet
930 3906 1125 3980 libertatum
1143 3919 1178 3979 et
1192 3906 1447 3980 immunitatum
1461 3906 1658 3980 concessio-

247 4028 353 4103 nibus
366 4052 435 4125 qne
450 4029 539 4104 liunt
557 4054 620 4128 per
638 4033 813 4129 principes
829 4032 991 4108 fidelibus
1012 4042 1047 4107 et
1067 4033 1230 4127 subjectis
1247 4032 1421 4108 fiscalibus
1438 4033 1577 4127 juribus
1591 4032 1659 4107 de-

246 4153 335 4227 trahi
349 4155 521 4249 rideatur,
541 4158 676 4253 potiora
693 4165 807 4231 umen
825 4157 975 4231 dominis
988 4157 1120 4231 exinde
1132 4167 1334 4253 argumenta
1351 4158 1560 4254 proveniunt
1573 4159 1658 4234 dum

247 4278 315 4375 ipsi
337 4280 564 4356 beneficentio
585 4283 694 4356 titulis
715 4283 922 4358 decorantur
940 4282 1209 4356 atsubditorum
1229 4283 1381 4357 conditio
1404 4284 1449 4357 dc
1467 4283 1559 4358 bono
1576 4305 1657 4382 pro·

285 4553 322 4628 (t)
340 4555 408 4614 Cum
420 4557 534 4632 epistola
549 4537 601 4618 tlt
617 4559 681 4618 data
697 4558 780 4618 fucrit
790 4559 896 4635 Signiae
907 4561 943 4620 Vl
953 4561 1015 4620 idus
1023 4561 1106 4635 iunii,
1122 4561 1192 4619 hanc
1203 4575 1273 4636 qaue
1285 4560 1338 4620 sub
1351 4571 1383 4619 n⁰
1393 4562 1444 4619 tte
1456 4566 1565 4620 nchtm
1578 4561 1658 4638 paulo

247 4660 312 4712 auto
323 4654 472 4714 dsoessum
484 4656 520 4715 ab
533 4657 620 4731 Urbe,
635 4658 737 4718 suificat
750 4666 864 4718 exeunte
875 4659 957 4733 mmo,
971 4659 1099 4734 scriptam
1111 4659 1196 4719 fuisse
1210 4658 1334 4719 arbitrari
1346 4659 1418 4719 licet.

348 4755 390 4819 ll.
1462 4771 1501 4824 tc
