4272 5886
177 488 277 549 lenton
296 485 356 569 ld]
630 481 827 544 HISTORIA
851 481 1148 545 blrnotlrtrtcn.
1539 474 1600 538 565

300 621 353 682 rtci
366 621 382 681 l
397 617 433 698 (t.
448 617 506 696 111,
518 614 667 696 append,
679 634 710 694 p.
722 617 806 696 lte),
817 625 848 679 et
860 619 987 680 alterurn
1001 619 1121 680 Henrlcl
1131 618 1174 680 VI
1187 617 1309 678 omnino
1322 614 1475 677 consimile
1492 611 1526 690 (t.
1542 613 1597 685 IV,

296 723 443 807 append..
456 740 487 800 p.
507 726 580 798 15³)
593 725 657 800 jam
669 724 825 799 ediderint,
840 741 879 785 ex
892 726 949 786 lsto
961 723 1167 786 tantummodo
1176 723 1317 784 exhibent
1327 737 1405 802 qnae
1418 722 1495 780 circu
1508 718 1598 780 tinem

301 833 470 912 diplomatis
483 828 659 910 adduntur.)

232 1049 406 1068 .....
434 991 685 1066 confirmamus
718 993 862 1089 insuper
891 992 1006 1066 eidem
1036 992 1176 1064 heremo
1207 990 1454 1065 monasterium
1485 987 1601 1062 Sancti

181 1120 359 1194 Michaelis
378 1118 423 1193 de
447 1119 550 1190 lamo
572 1116 669 1212 quod
691 1118 724 1192 ci
749 1118 894 1192 contulit
916 1118 1134 1190 Wollcherue
1152 1116 1330 1210 qnondam
1348 1113 1604 1210 aquilegiensis

181 1245 375 1342 patriarcha
403 1253 438 1318 et
463 1244 625 1341 princeps
656 1244 812 1340 imperii,
840 1243 1034 1318 secundnm
1062 1243 1158 1337 quod
1185 1243 1222 1314 in
1252 1241 1379 1338 scripto
1409 1240 1602 1315 continetur

181 1371 309 1468 ipsius;
335 1369 578 1445 confirmantes
600 1369 828 1443 nihilominus
853 1370 920 1442 sibi
950 1369 1131 1442 ecclesiam
1160 1367 1270 1441 sancti
1295 1367 1472 1442 Michaelis
1502 1366 1602 1463 posi-

181 1496 313 1570 tamin
339 1496 469 1592 palude
488 1497 593 1589 juxta
619 1496 774 1568 canalem
802 1494 847 1568 de
866 1494 1046 1586 bluriano,
1071 1494 1161 1566 sicut
1182 1515 1259 1566 earn
1284 1515 1362 1564 cunr
1387 1490 1602 1588 pertinentiis

181 1621 255 1694 suis
283 1620 530 1716 temporalibus
552 1629 587 1692 et
613 1619 852 1715 spiritualibus
881 1622 1018 1694 Marcus
1044 1619 1256 1692 Castellanus
1277 1617 1462 1714 episcopus
1486 1637 1602 1689 eremo

181 1745 340 1844 predicto
358 1747 527 1820 concessit
545 1745 611 1842 (l).
632 1745 688 1818 Ad
703 1747 769 1820 hec
792 1755 908 1819 autem
932 1745 1064 1818 nuntiis
1089 1746 1215 1818 nostris
1235 1767 1297 1840 per
1320 1742 1452 1816 Italiam
1475 1741 1602 1815 cousti-

182 1871 284 1964 tutis,
305 1879 372 1944 elo.
399 1873 594 1945 Statuentes
617 1881 657 1942 ut
680 1871 851 1966 presentis
877 1871 1073 1966 privilegii,
1095 1881 1162 1944 elo.
1189 1870 1234 1942 Ut
1260 1879 1375 1942 autem
1401 1869 1466 1941 hec
1486 1879 1600 1941 noetm

183 1997 376 2086 concessio,
398 2006 464 2070 etc.

232 2123 343 2216 liujus
362 2142 444 2194 vero
466 2119 516 2194 rei
543 2129 649 2193 testes
675 2128 757 2194 sunt
778 2119 942 2194 Albertus
966 2118 1277 2214 blagdeburgeusis
1300 2117 1598 2214 archiepiscopus,

183 2245 303 2320 lando
324 2245 475 2340 Reginus
492 2245 788 2341 archiepiscopus,
872 2244 1034 2317 Curensis
1051 2255 1086 2315 ct
1105 2243 1213 2316 abbas
1231 2243 1341 2316 sancti
1357 2243 1458 2332 Galli,
1546 2242 1601 2315 Ci-

184 2373 315 2465 censis,
336 2372 486 2446 Iacobus
499 2371 742 2464 Taurineusis,
760 2372 808 2444 Μ.
829 2370 1010 2444 lmolensis
1026 2370 1197 2468 episcopi,
1276 2369 1352 2442 dux
1367 2369 1536 2460 Saxonie,

185 2497 401 2592 lantgravius
414 2497 616 2592 Thuringie,
630 2494 822 2570 Raineldus
839 2495 915 2568 dux
932 2497 1078 2593 Spoleti,
1097 2496 1264 2570 comesll.
1277 2493 1351 2593 (G.)
1361 2496 1406 2569 de
1418 2496 1604 2582 Queuren-

184 2621 280 2712 berc,
298 2643 414 2694 comes
428 2620 589 2717 Syiridus
608 2621 653 2696 de
668 2621 803 2694 Vienna
824 2620 932 2694 etalii
947 2622 1182 2717 quamplures.

234 2747 380 2841 Signum
403 2745 536 2820 domini
557 2745 722 2819 Friderici
746 2747 893 2820 secundi
913 2747 976 2820 Dei
998 2747 1109 2842 gratia
1130 2745 1348 2818 invictissimi
1369 2745 1603 2819 Romanorum

185 2871 415 2968 imperatorie,
429 2893 565 2968 semper
580 2872 734 2966 augusti,
753 2873 942 2946 Jerusalem
956 2881 992 2946 et
1007 2872 1123 2945 Sicilie
1140 2871 1243 2966 regis.
1262 2869 1554 2969 (Monopraormc.)

233 2998 319 3071 dcta
336 3006 419 3070 sunt
434 2996 499 3071 hec
523 3017 615 3070 anno
639 2996 815 3070 dominice
838 2997 1084 3072 incarnationis
1102 2997 1315 3089 blCCXXVl,
1335 3017 1455 3070 mense
1478 2997 1599 3085 madii,

185 3122 444 3220 quartadecima
464 3123 666 3216 indictione,
681 3123 873 3219 imperante
887 3123 1029 3198 domino
1045 3131 1162 3198 nostro
1180 3122 1356 3197 Friderico
1373 3123 1528 3197 secundo
1542 3123 1604 3197 Dei

187 3248 296 3346 gratio
316 3247 544 3356 invictissimo
560 3249 793 3322 Romanorum
810 3249 1029 3345 imperatore,
1045 3270 1181 3344 semper
1197 3259 1359 3342 augusto,
1372 3250 1557 3322 Jerusalem
1570 3258 1605 3322 et

187 3371 302 3446 Sicilie
318 3393 420 3466 rege,
437 3395 530 3447 enno
547 3374 693 3448 Romani
710 3373 848 3471 imperii
866 3375 942 3469 ejus
956 3375 1001 3447 Vl
1011 3428 1022 3469 ,
1046 3374 1145 3469 regni
1161 3375 1348 3450 Jerusalem
1364 3374 1488 3471 primo,
1506 3373 1604 3469 regni

186 3497 300 3570 Sicilie
318 3497 476 3589 XXVlll,
495 3498 652 3572 feliciter.
670 3498 795 3573 Amen.
1438 3515 1440 3520 ·

234 3623 361 3696 Datum
379 3622 476 3720 apud
490 3624 711 3714 Ravennam,
729 3646 835 3713 anno,
852 3646 972 3698 meuse
987 3633 1023 3699 et
1038 3623 1227 3700 indictione
1241 3624 1453 3722 prescriptis.

242 4173 452 4284 Imperator
472 4202 496 4260 e
513 4176 695 4261 Ravenna
711 4179 929 4287 discedens,
950 4191 1057 4264 extre
1081 4179 1300 4265 Faventiam
1318 4206 1418 4291 quae
1440 4179 1513 4264 sibi
1531 4181 1607 4264 ad-

188 4332 298 4392 uersa
315 4321 397 4394 erut
413 4311 484 4396 iter
502 4311 649 4396 hebens
669 4311 746 4426 (Ξ),
768 4315 872 4424 apud
889 4323 1058 4398 cestrum
1076 4314 1204 4397 Sancti
1221 4314 1403 4398 lobannis
1430 4315 1470 4397 in
1492 4314 1609 4399 terui-

225 4575 260 4652 (t)
280 4577 321 4638 Cl.
339 4580 422 4654 ibid,
436 4600 465 4658 p.
481 4585 544 4654 225,
558 4589 586 4640 et
599 4581 627 4640 in
639 4583 763 4659 Append.
778 4585 897 4658 docum,
912 4604 942 4661 p.
957 4589 1019 4660 dli,
1033 4587 1071 4644 ul¹
1087 4590 1149 4658 ⁴90,
1164 4591 1227 4660 494,
1241 4591 1302 4646 ⁴92.

224 4675 261 4751 (2)
281 4677 433 4739 Fridericus
449 4681 522 4757 opud
538 4679 695 4740 Ravennam
714 4699 764 4758 per
779 4683 902 4758 quinque
916 4683 992 4742 stetit
1005 4684 1201 4758 hebdomades,
1219 4683 1379 4760 nobilesque
1393 4692 1423 4744 et
1438 4686 1540 4762 legatos
1556 4704 1607 4746 ur-

1687 4171 1751 4226 dpnd

1672 4233 1769 4270 wirunt

1643 4280 1667 4326 S.
1676 4280 1797 4332 Jenmnls,

1672 4334 1766 4378 lmolem

1645 4389 1696 4433 et?

1696 4400 1792 4440 mm,

1688 4445 1755 4488 mdo.
