4272 5886
185 502 285 564 lvnrcr.
304 501 366 580 lb]
635 497 835 561 HISTORIA
858 494 1149 560 olrtottnvtcn.
1542 497 1600 559 581

186 636 479 710 convincendum.
499 637 535 708 Si
553 657 637 709 vero
655 635 830 730 quispiam
856 634 901 707 de
922 644 1010 707 terra
1032 633 1184 728 ipsorum
1203 632 1354 726 aliquem
1377 631 1424 704 de
1448 633 1603 708 libertato

186 761 394 858 pulsaverit,
415 769 450 832 et
471 761 627 856 pulsatus
650 761 797 856 probare
812 760 935 856 poterit
954 756 1049 852 quod
1066 778 1158 829 anno
1178 766 1213 829 et
1238 755 1296 829 dio
1316 757 1352 828 in
1372 756 1510 830 civitate
1527 759 1602 832 sins

189 888 382 983 pulsatione
404 885 607 975 substiterit,
632 887 788 981 pulsatus
811 884 941 958 evadit.
959 884 1002 954 Et
1024 883 1190 978 quoniam
1214 882 1446 978 predictorum
1472 883 1603 956 civium

187 1019 384 1084 nostrorum
398 1011 457 1102 jus
471 1010 507 1081 in
524 1012 620 1083 nullo
636 1009 788 1082 diminui
805 1029 867 1106 per
885 1029 948 1080 nos
968 1007 1150 1094 volumus,
1171 1005 1235 1079 sed
1258 1007 1295 1077 in
1321 1005 1482 1078 omnibus
1500 1015 1602 1100 prout

187 1141 398 1228 oportunum
415 1133 492 1206 esse
506 1132 699 1208 viderimus
719 1140 956 1227 augmentare,
978 1141 1094 1204 nostra
1113 1130 1315 1202 auctoritate
1331 1129 1603 1225 superaddentes

188 1257 414 1330 concedimus
433 1257 487 1330 eis
511 1267 550 1328 ut
577 1279 690 1352 usque
717 1258 764 1331 ad
792 1257 906 1330 locum
933 1257 1107 1351 adquam
1132 1256 1167 1326 in
1194 1254 1420 1328 inundatione
1447 1255 1603 1328 ascendit

189 1382 320 1454 lluvins
345 1383 406 1476 qui
424 1383 578 1454 Travene
600 1382 739 1472 dicitnr,
759 1382 880 1456 eadem
900 1403 967 1474 qua
992 1390 1026 1453 et
1048 1381 1137 1452 intra
1162 1380 1332 1455 civitatem
1358 1382 1515 1452 fruantur
1540 1403 1603 1476 per

187 1505 305 1578 omnia
318 1505 458 1597 J'osticia
477 1515 512 1578 et
531 1507 699 1579 libertate.
725 1507 842 1600 Usque
865 1505 912 1578 ad
929 1505 1092 1578 terminos
1112 1505 1228 1600 pontis
1253 1506 1355 1577 etiam
1383 1503 1505 1578 eadem
1531 1527 1602 1600 qua

189 1639 224 1701 ct
237 1630 274 1700 in
288 1629 428 1702 civitate
442 1639 482 1702 ut
497 1630 669 1720 diximus,
690 1651 750 1702 eos
766 1629 819 1702 uti
843 1630 1005 1700 volumus
1026 1627 1165 1721 justicia
1187 1637 1223 1700 et
1239 1626 1408 1700 libertate.
1427 1628 1502 1701 lliis
1520 1650 1602 1702 om-

188 1753 294 1825 nibus
318 1753 452 1826 dilectis
475 1754 709 1848 burgensibus
734 1754 859 1827 nostris
887 1752 1060 1825 concessis
1083 1761 1117 1825 et
1139 1753 1289 1840 collatis,
1320 1752 1486 1846 singulari
1510 1776 1602 1848 qua·

189 1878 270 1952 dam
289 1879 399 1972 gratia
415 1878 499 1973 ipsis
514 1877 630 1950 adbuc
648 1877 872 1951 concedimus
891 1886 930 1949 ut
954 1876 1124 1972 quicquid
1142 1877 1232 1948 inira
1256 1877 1430 1949 civitatem
1447 1878 1602 1970 suijuris

189 2003 225 2073 in
250 2011 424 2096 posterum
453 2001 639 2074 emendare
665 2001 855 2094 valuerint,
883 2001 958 2073 sine
978 2011 1093 2074 tamen
1118 2000 1310 2095 prejudicio
1330 2002 1435 2074 nostri
1451 1999 1599 2095 J'udiois,

189 2124 376 2200 emendare
395 2147 465 2200 non
486 2127 678 2198 obmittant.
700 2127 744 2198 Ut
769 2126 875 2218 igitur
898 2125 964 2197 hoc
984 2135 1100 2197 nostre
1123 2125 1356 2198 concessionis
1382 2125 1602 2220 privilegium

190 2251 301 2346 ipsius
323 2259 437 2324 nostre
462 2251 610 2323 civitatis
632 2251 753 2324 incolis
774 2262 886 2344 ratum
911 2261 946 2322 et
963 2251 1206 2322 inconcussum
1228 2249 1265 2321 in
1290 2261 1494 2345 perpetuum
1520 2273 1603 2346 per-

189 2385 343 2467 maneat,
364 2376 454 2448 hanc
474 2376 524 2448 eis
540 2387 669 2450 cartam
693 2384 808 2449 nostre
826 2375 1001 2470 ymaginis
1020 2375 1246 2469 impressione
1264 2375 1459 2447 roboratam
1482 2374 1602 2447 donari

189 2499 451 2592 mandavimus,
477 2500 645 2595 imperiali
669 2509 858 2573 statuentes
885 2499 1085 2572 auctoritate
1110 2508 1150 2570 ut
1175 2501 1271 2572 nulla
1293 2499 1434 2572 omnino
1456 2520 1601 2594 persona

188 2624 257 2696 alta
276 2624 332 2696 vel
350 2624 508 2716 humilis,
529 2624 757 2696 ecclesiastica
776 2625 834 2696 vel
853 2623 1037 2713 secularis,
1058 2622 1124 2695 hoc
1141 2631 1254 2695 nostre
1280 2623 1466 2714 majestatis
1494 2625 1598 2698 bene·

190 2747 307 2820 ficium
342 2769 560 2844 corrumpere
593 2748 721 2822 audeat
748 2749 805 2821 vel
829 2749 861 2822 si
889 2748 1044 2843 quolibet
1068 2746 1172 2820 modo
1200 2749 1380 2820 contraire.
1409 2747 1511 2833 Quod
1538 2751 1599 2843 qni

189 2873 301 2944 lacere
319 2871 583 2966 presumpserit,
603 2871 812 2966 quingentas
829 2872 906 2944 auri
922 2871 1027 2944 libras
1047 2893 1108 2966 pro
1125 2893 1215 2967 pena
1229 2879 1428 2967 componat,
1448 2872 1598 2945 mediam

189 3003 321 3089 partem
342 2992 428 3066 fisco
446 3001 580 3084 nostro,
599 2993 768 3087 reliquam
788 3013 869 3065 vero
888 2991 1010 3064 incolis
1025 2989 1135 3086 ipsius
1152 2991 1302 3065 civitatis
1318 2993 1597 3088 persolvendam.

192 3159 234 3172 -
255 3118 366 3208 llujns
389 3116 440 3190 rei
466 3126 569 3190 testes
598 3126 680 3190 sunt
704 3115 884 3190 Conradus
911 3116 1138 3208 Mognntinus
1157 3115 1458 3214 archiepiscopus,
1482 3118 1600 3192 Wich·

190 3262 339 3314 mannus
361 3240 670 3335 Magdebnrgensis
696 3240 994 3338 archiepiscopus,
1018 3240 1239 3314 Hartwichus
1264 3242 1458 3315 Bremensis
1482 3243 1601 3316 archi-

190 3365 391 3460 episcopus,
416 3365 617 3460 Adelhcgus
642 3364 934 3438 Hildensemensis
955 3366 1156 3461 episcopus,
1175 3365 1356 3439 Bertoldus
1378 3367 1600 3440 Nuvvenbur-

189 3489 307 3583 gensis
317 3491 514 3586 episcopus,
525 3490 695 3564 Martinus
708 3491 891 3564 ltlisnensis
905 3491 1102 3587 episcopus,
1113 3489 1332 3566 bombardus
1346 3490 1420 3564 dux
1435 3491 1598 3583 Saxonis,

190 3613 269 3686 Otto
298 3613 450 3688 marchio
476 3614 682 3708 llisnensis,
712 3615 868 3688 marchio
893 3614 1010 3706 Dedo,
1040 3613 1220 3687 Conradus
1247 3615 1442 3711 prepositus
1473 3616 1601 3690 Gosla-

189 3737 335 3829 riensis,
364 3737 584 3812 Bemhardus
620 3739 851 3832 burcgravius
886 3738 1214 3832 Magdebnrgensis,
1245 3738 1469 3814 Gevehardus
1497 3743 1601 3834 irater

190 3861 282 3953 ejus,
304 3883 420 3936 comes
435 3863 609 3957 Sigsbodo
624 3864 670 3937 de
686 3863 869 3953 Scartvelt,
890 3883 1004 3936 comes
1020 3863 1241 3936 Burcbardus
1260 3862 1305 3936 de
1322 3865 1596 3956 Waltingerode,

189 3985 290 4079 Hugo
313 3985 360 4060 de
383 3987 531 4080 Warda,
549 3989 666 4062 Tiemo
686 3987 732 4063 de
756 3987 891 4080 Coldiz,
911 3989 1127 4060 dermannus
1153 3987 1344 4062 advocatus
1367 3988 1412 4062 de
1437 3988 1595 4082 Labaka,

189 4107 399 4184 Godelridus
415 4111 606 4186 advocatus
623 4113 670 4186 de
685 4110 829 4201 staden,
848 4112 1057 4186 Giselbertus
1074 4112 1119 4186 da
1135 4112 1368 4208 Warendorp,
1385 4113 1599 4187 Walvericus

189 4233 453 4328 Sosatienensis,
472 4237 667 4312 Bernherus
681 4237 728 4310 da
743 4236 1015 4329 llrtbenebureh,
1032 4236 1143 4327 Wizo,
1162 4237 1280 4333 Eylro,
1296 4238 1495 4330 Egenollus,
1523 4236 1598 4311 Go-

190 4356 348 4432 debidns
373 4359 420 4432 de
455 4361 613 4456 Suttorp,
633 4360 792 4457 Spiridus
821 4363 965 4452 Strnve,
990 4360 1176 4447 Lubertus,
1198 4361 1408 4452 Bemgerus,
1429 4359 1529 4434 Esioo
1553 4360 1600 4434 de

189 4481 374 4555 Bardevvio
398 4490 432 4555 et
457 4482 517 4555 alii
539 4484 775 4579 quamplures.
795 4524 845 4536 -
859 4483 1004 4574 Signum
1028 4481 1158 4555 domini
1181 4482 1345 4556 Friderici
1369 4485 1598 4559 Romanorum

189 4606 330 4700 augusti
356 4604 586 4680 invictissimi.
618 4605 919 4705 (Mooopramma.)
938 4647 988 4662 --
1005 4607 1079 4700 Ego
1106 4605 1279 4681 lohannes
1306 4608 1495 4705 imperialis
1523 4609 1602 4684 aule
