4272 5886
519 582 580 646 522
1018 581 1233 646 telumue!
1259 583 1433 646 suebum
1743 582 1831 668 [An.
1856 580 1951 643 1223.

523 719 653 792 hebent
666 741 727 813 pro
738 727 836 814 parte
848 721 1047 794 monasterii
1059 720 1248 818 supradicti
1260 745 1282 795 e
1293 722 1408 817 priore
1423 729 1458 794 et
1470 721 1632 795 frutribus
1642 719 1953 795 commorantibus

522 841 620 938 apud
638 843 812 916 Muterum
837 845 971 938 regales
994 855 1064 919 tres
1081 867 1143 941 pro
1159 845 1335 938 iamdictis
1353 845 1641 942 possessionibus.
1662 848 1798 920 Fratres
1824 853 1952 919 autern

522 967 719 1060 allegabant
742 989 763 1040 e
786 979 904 1044 coutm
929 969 1084 1044 dieentes
1108 969 1204 1064 quod
1229 971 1258 1044 si
1286 971 1374 1066 quid
1401 970 1560 1045 dederint
1586 980 1740 1068 tempore
1767 979 1952 1044 retroacto

522 1092 603 1188 plns
628 1113 733 1186 quarn
756 1095 907 1189 regalem
931 1117 1040 1168 unum
1066 1095 1162 1190 quod
1180 1099 1273 1190 juste
1294 1096 1379 1170 dare
1407 1104 1657 1170 consueverunt
1684 1118 1745 1192 pro
1758 1094 1952 1188 jamdictis

522 1217 814 1311 possessionibus,
840 1240 908 1291 non
933 1219 1173 1316 pmjudicabat
1201 1220 1252 1292 eis
1275 1220 1359 1314 quia
1384 1219 1486 1292 inviti
1514 1227 1548 1293 et
1575 1239 1645 1292 non
1670 1217 1864 1292 voluntarii
1896 1218 1952 1289 fa-

522 1339 676 1433 ciebant3
693 1342 822 1416 malitia
836 1343 929 1416 enirn
944 1345 1110 1440 temporis
1127 1345 1272 1440 cogebat
1289 1365 1367 1439 eos,
1383 1355 1418 1417 et
1431 1345 1530 1418 aliter
1548 1346 1658 1417 iecere
1676 1365 1745 1416 non
1764 1352 1947 1439 poter-ant.

521 1463 661 1538 Auditis
688 1466 806 1562 itaque
827 1467 1011 1542 hincinde
1033 1471 1236 1566 propositis,
1265 1469 1453 1566 habitoque
1472 1469 1614 1542 oonsilio
1639 1467 1798 1562 diligenti
1825 1469 1951 1564 ipsum

522 1591 767 1664 monesterium
794 1591 839 1666 ab
866 1593 1082 1690 impetitione
1108 1594 1262 1691 ipsorum
1285 1595 1479 1687 bajulorum
1508 1593 1553 1668 de
1577 1594 1663 1690 ipsis
1685 1593 1784 1666 terris
1808 1601 1845 1665 et
1867 1612 1949 1664 mo·

523 1715 663 1788 lendino
690 1717 938 1792 sententialiter
960 1717 1129 1792 duximus
1152 1717 1424 1807 absolvendum,
1452 1718 1513 1791 ubi
1539 1719 1689 1790 maxime
1707 1715 1847 1814 probari
1870 1737 1947 1788 nou

522 1841 635 1935 poluit
651 1840 747 1935 quod
762 1851 916 1938 tempore
935 1843 1089 1915 felicium
1108 1863 1230 1937 regum
1249 1843 1382 1915 dictum
1399 1843 1645 1916 monasterium
1665 1843 1865 1938 plusquam
1887 1862 1946 1912 re-

524 1963 639 2057 galem
656 1987 766 2037 unum
785 1967 959 2059 solvisset3
982 1969 1079 2040 selvo
1098 1989 1160 2064 per
1176 1968 1292 2040 omnia
1310 1966 1451 2040 redditu
1465 1969 1571 2039 unius
1587 1967 1712 2061 regalis
1729 1966 1829 2062 quod
1846 1963 1945 2038 curie

525 2089 696 2186 imperiali
721 2101 856 2165 tenetur
882 2093 1033 2184 solvere,
1050 2093 1140 2164 sicut
1165 2092 1296 2164 dictum
1321 2102 1392 2184 est,
1418 2113 1481 2188 pro
1503 2091 1679 2186 agnitione
1704 2090 1942 2186 predictarum

525 2216 794 2309 possessionum.
818 2214 873 2290 Ad
890 2216 998 2308 hujus
1029 2225 1145 2289 autem
1171 2217 1221 2289 rei
1247 2225 1344 2308 geste
1365 2216 1522 2289 notitiam
1545 2225 1580 2288 et
1602 2224 1806 2312 perpetuam
1838 2213 1942 2286 firni-

526 2347 631 2412 tutem
649 2363 792 2436 presens
817 2343 983 2438 scriptum
1010 2341 1123 2414 eidem
1143 2342 1351 2414 monasterio
1370 2340 1445 2413 lieri
1468 2341 1633 2432 fecimus,
1654 2339 1859 2413 denotatum
1879 2359 1941 2434 per

527 2485 653 2538 manus
674 2466 840 2540 Nichiiori
865 2467 901 2538 in
926 2465 1039 2539 cilicio
1059 2465 1301 2559 justitiariatus
1324 2466 1430 2538 nostri
1458 2466 1626 2560 assumpti
1655 2465 1799 2556 notarii,
1827 2485 1935 2552 anno,

526 2611 645 2664 mense
657 2601 692 2664 et
703 2593 894 2666 indictione
909 2592 1181 2688 pretitulatis.·-
1189 2591 1264 2687 llgu
1277 2589 1474 2664 Alexander
1487 2589 1532 2664 de
1544 2590 1729 2664 Pelicestm
1743 2589 1896 2663 Calabris
1907 2596 1939 2660 et

528 2725 617 2789 terre
633 2717 776 2790 Jordani
798 2718 1005 2810 justitiarius
1019 2718 1217 2813 supradicta
1229 2715 1405 2790 confirmo.
1417 2717 1548 2810 -llgo
1560 2715 1768 2790 Benedictus
1784 2714 1938 2788 Cusentie

528 2850 563 2914 et
579 2840 734 2916 Calabris
748 2843 882 2936 judex,
903 2843 989 2916 visis
1005 2843 1187 2917 autenticis
1205 2853 1240 2916 et
1264 2841 1445 2915 intellectis
1471 2851 1506 2914 et
1527 2842 1682 2938 inspecto
1704 2851 1823 2914 tenore
1845 2861 1937 2912 mau-

528 2963 600 3038 dati
615 2963 745 3037 domini
756 2965 984 3060 imperatoris,
1000 2964 1085 3037 huic
1097 2965 1224 3060 scripto
1236 2962 1437 3061 subscripsi.
1447 2965 1576 3060 -llgo
1587 2963 1788 3038 Alexander
1799 2964 1938 3036 Tisenns

524 3087 639 3181 judex
655 3089 762 3161 Mileti
778 3090 875 3161 testis
892 3111 985 3162 sum.
1000 3131 1050 3144 -
1062 3090 1137 3185 Ego
1154 3088 1327 3163 lohannes
1337 3089 1472 3164 Pilosus
1481 3090 1595 3183 judex
1613 3088 1720 3162 lllileti
1735 3088 1830 3161 testis
1848 3109 1934 3159 sum.

529 3255 577 3270 ·-
592 3195 717 3299 loeium
734 3215 867 3300 διάκονος
884 3219 980 3315 παρὸν
1000 3226 1110 3316 γράφον
1130 3225 1243 3316 pdprup
1263 3218 1427 3316 ὑπιγραφα.
1443 3257 1493 3271 --
1505 3216 1579 3311 Ego
1596 3215 1665 3288 Leo
1686 3213 1833 3287 Fazttrus
1851 3211 1939 3284 lestis

531 3362 623 3415 sum.
642 3381 692 3396 -
709 3341 783 3437 Ego
801 3343 956 3416 notarius
972 3341 1170 3414 Nichiiorus
1188 3341 1387 3437 supradicta
1400 3340 1523 3437 scripsi
1535 3347 1570 3413 et
1583 3340 1680 3413 testis
1697 3361 1787 3412 sum.

778 3646 1696 3660 k—-U-——u-——m———ae—*fl—--fl

333 3973 362 4020 „
376 3919 516 4032 me,
589 3901 782 3990 Honorius
798 3929 898 4014 papa
922 3903 1113 3988 Friderioo
1129 3903 1389 3988 Romanorum
1414 3896 1632 4010 imperatori
1653 3894 1805 3978 nuntiat
1821 3917 1940 3976 seece

539 4037 664 4122 clesiis
688 4035 909 4147 Capuenee,
930 4036 1211 4144 Salernituuae,
1227 4032 1512 4138 Brundusium,
1533 4031 1731 4114 Consanus
1758 4035 1797 4110 et
1822 4025 1941 4110 Auer-

541 4198 658 4257 suuae
679 4171 747 4254 diu
769 4170 993 4254 iacentibus
1014 4170 1170 4253 tendem
1195 4168 1424 4279 prouidisse,
1448 4189 1630 4276 personas
1655 4163 1812 4246 idoneas
1837 4157 1943 4243 ordi-

542 4307 672 4388 nando
694 4306 744 4388 de
766 4329 887 4414 regno
908 4302 1091 4388 oriundus
1109 4311 1146 4386 ei
1163 4301 1314 4409 fideles,
1342 4301 1545 4411 ipsumque
1567 4299 1744 4382 hortetur>
1762 4303 1807 4376 ul
1832 4315 1944 4376 nouos

542 4439 733 4549 praelatos
753 4438 912 4549 accipiat
933 4449 971 4521 et
997 4438 1182 4544 honoret,
1198 4435 1364 4547 juraque
1385 4435 1659 4518 eis·conseruet
1679 4429 1843 4537 integre.

625 4629 728 4712 [Edld.
739 4632 847 4709 partlm
866 4631 1040 4704 Remum„
1055 4625 1167 4689 Annei.
1184 4623 1293 4703 ecus,
1312 4633 1386 4690 tom.
1403 4627 1429 4700 1,
1444 4626 1483 4688 ad
1496 4641 1566 4687 suu.
1583 4629 1671 4697 1225,
1686 4615 1942 4694 expuereger.

662 4737 792 4811 Honor„
807 4735 856 4796 llb.
871 4737 914 4808 X,
930 4738 1016 4814 epist.
1031 4735 1095 4814 55.)
