4368 5876
1046 524 1262 590 saluaulcl
1287 527 1460 590 SECUNDl
1777 523 1855 610 [dna.
1872 525 1957 588 1221.

779 851 1725 865 n——u-—wffl—-r-—a-——a

600 1123 792 1208 Honorius
806 1151 907 1234 papa
923 1126 1110 1210 universis
1127 1127 1372 1212 ecclesiarum
1391 1127 1570 1238 praelatis
1588 1153 1656 1238 per
1673 1125 1961 1232 Lcmburdiam,

547 1256 779 1367 Marchiam,
804 1259 1071 1345 Romaniolam
1096 1269 1135 1344 et
1161 1261 1338 1345 Tusciam
1364 1261 1579 1346 constitutis
1606 1259 1737 1343 scribit
1762 1287 1803 1343 se
1827 1261 1877 1343 ad
1898 1283 1962 1342 eos

546 1392 696 1476 misisse
721 1391 892 1504 legatum
916 1392 1183 1504 {Hugolinuml
1205 1395 1425 1504 episcopum
1455 1394 1670 1479 Ostiensem
1698 1393 1747 1476 ad
1773 1391 1964 1502 evangeli·

545 1528 713 1610 zandum
727 1526 888 1611 verbum
905 1528 1045 1634 crucis,
1063 1528 1125 1611 cui
1138 1554 1207 1637 per
1222 1529 1352 1612 omnia
1372 1529 1550 1612 studeant
1562 1526 1730 1611 obedire.

628 1742 727 1816 (Edld.
744 1743 924 1816 Rivalem,
938 1737 1049 1802 dcccl.
1066 1737 1172 1818 cacha„
1187 1741 1227 1804 ad
1240 1759 1309 1806 aun
1328 1751 1417 1819 tm,
1433 1739 1500 1828 Sa,
1514 1743 1582 1805 coll.
1597 1759 1667 1804 cum
1681 1741 1748 1804 cod.
1762 1758 1872 1804 coaevo
1884 1740 1962 1804 lllltl.

666 1847 775 1922 Paris,
792 1856 895 1923 sisu,
906 1847 930 1909 l.
946 1857 982 1909 ar
998 1850 1102 1925 tecm.)

595 2036 769 2110 Honorius
786 2036 985 2133 opiscopus,
1005 2057 1129 2110 servus
1146 2059 1324 2113 servorum
1337 2039 1420 2132 Dei,
1438 2037 1880 2114 venerabilibustratribus.
1911 2093 1920 2109 .
1951 2093 1961 2110 .

546 2159 842 2257 Aquilegieusiet.
875 2215 883 2233 .
916 2160 1114 2235 .Gradeusi
1131 2163 1334 2258 patriurchis
1347 2173 1393 2238 et.
1426 2217 1435 2235 .
1467 2164 1792 2254 Mediolanensi„
1824 2218 1833 2236 .
1864 2163 1966 2236 .lta-

546 2286 740 2378 venatensi,
764 2341 773 2358 .
806 2341 813 2358 .
846 2287 1041 2359 ‚lanuensi
1055 2296 1101 2359 et.
1128 2340 1137 2358 .
1169 2344 1177 2361 .
1196 2289 1322 2362 Pisano
1337 2289 1604 2386 archiepiscopis
1620 2299 1655 2362 ct
1671 2288 1842 2384 episcopis
1856 2297 1891 2362 et
1905 2288 1968 2362 di-

546 2412 644 2486 lectis
661 2409 740 2484 liliis
757 2410 980 2484 ecclesiarum
1000 2411 1139 2506 prelatis
1160 2435 1222 2507 por
1239 2413 1480 2488 lombardiam
1497 2424 1532 2488 et
1553 2413 1757 2504 lllarchiam,
1778 2413 1969 2486 Romaniu-

547 2539 616 2610 lam
633 2546 667 2610 et
681 2537 841 2609 Tusciam
857 2537 1051 2609 constitutis
1066 2536 1212 2609 salutem
1229 2546 1264 2610 et
1278 2538 1500 2634 apostolicam
1521 2539 1809 2612 benedictionem.
1832 2537 1918 2610 Cum
1934 2535 1970 2610 ie

547 2661 608 2760 qui
628 2659 821 2735 secundum
840 2684 903 2734 soe
918 2662 1203 2756 omnipotentiam
1222 2663 1408 2756 majestatis
1427 2685 1491 2736 nec
1508 2665 1584 2736 loco
1597 2673 1710 2759 potest
1731 2684 1797 2735 uec
1813 2671 1970 2758 tempore

548 2786 812 2883 comprehendi,
829 2795 868 2858 ut
884 2795 964 2881 pote
978 2785 1348 2883 incircumscriptibilis
1364 2797 1400 2860 et
1415 2787 1603 2860 immensus
1620 2795 1656 2860 et
1672 2787 1806 2860 stabilis
1823 2807 1969 2858 manens

550 2913 612 2986 dat
627 2918 751 2984 cuncta
770 2909 920 3000 moveri,
945 2909 1049 2983 luciat
1069 2910 1212 3006 spiritus
1231 2931 1315 2984 suos
1332 2913 1473 3006 angelos
1495 2921 1530 2984 et
1552 2912 1742 3002 ministros,
1764 2920 1798 2983 et
1814 2909 1968 2982 celorum

550 3034 732 3110 altitudine
745 3033 908 3106 inclinata
925 3055 1062 3107 carnem
1086 3056 1266 3108 assumens
1282 3036 1467 3109 humanam
1492 3055 1555 3132 pre
1575 3057 1618 3108 eo
1637 3034 1733 3130 quod
1755 3033 1880 3106 delicie
1905 3051 1971 3106 sue

550 3167 633 3232 sunt
649 3179 726 3230 csse
739 3179 819 3230 cum
836 3156 915 3230 liliis
933 3158 1131 3252 hominum,
1153 3159 1343 3257 discipulos
1366 3182 1455 3256 quos
1473 3161 1624 3256 elegerat
1641 3160 1678 3231 in
1694 3157 1866 3232 mundum
1885 3158 1971 3230 des-

550 3284 674 3358 tinavit
698 3283 901 3356 universum
925 3292 965 3355 ut
986 3285 1081 3356 omni
1099 3284 1294 3381 predicaret
1314 3259 1535 3380 evangelium
1553 3295 1728 3376 creature,
1749 3305 1814 3356 suo
1829 3304 1893 3356 nos
1910 3283 1971 3354 in-

549 3409 677 3482 struxit
694 3407 854 3502 exemplo
875 3414 915 3479 ut
938 3408 1014 3500 ejus
1034 3418 1219 3504 sequentes
1237 3409 1401 3504 vestigia,
1423 3431 1502 3483 cum
1521 3411 1689 3506 assumpti
1709 3407 1817 3482 simus
1835 3409 1871 3480 in
1889 3409 1972 3504 ple·

548 3533 707 3606 nitndine
720 3532 897 3628 potestatis
909 3554 974 3604 nec
989 3555 1052 3629 per
1069 3534 1239 3630 nosipsos
1256 3535 1427 3631 possimus
1444 3535 1590 3630 singulis
1609 3534 1757 3627 negotiis
1774 3533 1968 3622 imminere,

548 3659 638 3732 inter
656 3679 820 3753 eosquos
838 3657 875 3728 in
894 3667 1024 3754 partam
1047 3658 1289 3734 sollicitudinis
1301 3663 1527 3735 evocavimus
1543 3683 1648 3734 onera
1663 3658 1765 3755 quasi
1781 3657 1897 3732 tethro
1916 3659 1971 3731 usi

548 3782 693 3858 consilio
712 3781 914 3856 dividamus
932 3783 1122 3878 unicuique
1139 3785 1333 3858 meandum
1359 3787 1522 3859 virtutem
1551 3785 1743 3882 propriam,
1769 3805 1839 3878 qus
1862 3782 1971 3856 variis

549 3907 763 4004 temporibus
782 3907 964 3980 imminent
984 3909 1242 3984 committendo.
1270 3909 1371 3984 Unde
1394 3933 1474 3984 cum
1502 3912 1590 3984 inter
1616 3911 1702 3984 alias
1726 3909 1971 4004 occupationes

548 4042 583 4106 et
597 4032 850 4106 sollicitudines
869 4032 1069 4107 innumeras
1086 4043 1122 4106 et
1135 4035 1320 4109 immensas
1335 4036 1465 4132 quihus
1488 4037 1649 4130 angimur
1664 4035 1755 4107 ultra
1772 4033 1883 4120 vires,
1904 4033 1972 4105 hoc

549 4157 734 4230 instantius
755 4157 948 4249 cogitemus
965 4157 1113 4250 qualiter
1134 4169 1355 4233 succurratur
1377 4159 1546 4233 exercitui
1564 4159 1751 4232 christiano
1772 4157 1915 4230 feliciter
1934 4157 1970 4228 in

550 4282 706 4376 partibus
721 4281 957 4354 transmarinis
973 4283 1120 4356 Domino
1134 4285 1307 4376 militanti,
1324 4285 1386 4381 qui
1403 4285 1467 4358 etsi
1478 4286 1608 4380 jugiter
1618 4283 1837 4357 convalescat
1851 4293 1970 4354 contro

553 4404 710 4477 inimicos
729 4405 878 4478 nominis
894 4406 1084 4500 christiani,
1107 4417 1201 4482 tanto
1218 4410 1330 4504 magis
1349 4419 1463 4482 tamen
1481 4431 1648 4483 succursu
1669 4409 1804 4504 indiget
1823 4407 1970 4505 pleniori

552 4536 684 4621 quanto
701 4529 804 4601 latius
819 4529 1037 4603 inimicorum
1055 4553 1230 4628 occupans
1248 4542 1356 4607 terras
1370 4555 1513 4608 necesse
1528 4534 1634 4606 habet
1648 4533 1826 4629 occupatis
1842 4531 1971 4628 probos

554 4651 722 4744 deputare
739 4652 913 4743 custodes,
935 4654 1038 4727 talem
1053 4656 1099 4730 ad
1112 4657 1490 4732 commonefaciendum
1507 4681 1612 4756 super
1630 4659 1698 4732 hoc
1711 4657 1835 4731 Christi
1850 4655 1971 4732 fideles
