4296 5898
201 539 302 616 rnre.
319 537 380 638 nl]
655 549 856 614 rrsronrn
879 548 1175 618 nrrnonnrrcn
1561 559 1622 624 aar

202 691 377 768 notarium
403 697 559 772 vestram
574 697 617 762 et
641 688 772 766 litteras
796 689 994 782 misissetis,
1020 691 1135 764 statim
1164 689 1333 788 depilato·
1347 692 1415 789 ipsi
1439 696 1509 770 snb
1530 719 1622 794 pena

203 817 316 914 gratie
339 823 455 890 nostra
474 815 676 911 scripsimus
694 825 734 888 nt
748 837 973 914 quecumque
989 838 1051 913 per
1073 816 1189 914 ipsum
1213 827 1250 892 et
1273 839 1513 918 quoscumque
1535 824 1623 900 alios

203 944 296 1018 lacta
311 950 425 1038 essent
439 939 580 1016 nomino
590 949 706 1046 nostm
719 941 757 1013 in
774 941 931 1038 partibus
952 940 1180 1040 supradictis,
1195 951 1361 1044 tanquam
1378 947 1481 1043 nobis
1500 951 1621 1025 nolen-

204 1067 298 1145 tibus
315 1074 481 1163 attentius
499 1087 571 1139 non
584 1074 807 1164 postponeret
820 1087 996 1142 revocare.
1016 1067 1119 1152 Quod
1132 1089 1213 1140 cunr
1231 1089 1301 1143 non
1321 1071 1457 1165 lecerit,
1477 1073 1554 1170 ipso
1575 1075 1622 1150 ad

204 1202 355 1266 nostram
380 1191 587 1288 presentiam
612 1167 792 1283 veniente,
817 1213 881 1265 nos
907 1191 1079 1287 indignati
1101 1194 1289 1289 plurimum
1308 1204 1343 1269 et
1364 1197 1510 1288 turbati,
1536 1201 1622 1297 qnia

205 1319 330 1390 nostris
350 1315 537 1390 videbatur
553 1317 770 1410 jussionibus
795 1317 946 1391 illusisse
968 1341 1010 1392 ae
1033 1319 1209 1414 aliquibus
1230 1321 1419 1416 prestitisse
1441 1327 1620 1400 materiam

204 1441 404 1538 suspicandi
418 1441 516 1537 qnod
530 1443 796 1529 contralitteras
812 1442 858 1518 de
873 1442 1092 1518 revocatione
1109 1444 1246 1517 illoram
1261 1445 1416 1544 dapiiem
1432 1463 1622 1529 memorato

203 1567 353 1642 directas
372 1567 577 1642 mandatnm
598 1566 694 1641 alind
716 1568 936 1661 fecissemus,
951 1568 1062 1665 quod,
1078 1570 1176 1644 teab's
1191 1578 1244 1644 ast
1260 1572 1362 1648 nobis
1374 1575 1486 1668 Dens,
1506 1576 1542 1649 in
1561 1600 1622 1653 eor

203 1701 359 1767 nostrum
377 1693 480 1766 etiam
504 1715 574 1767 non
592 1692 749 1767 aseendit
752 1746 1618 1779 ......................

202 1819 272 1893 Nos
289 1818 382 1892 enim
400 1819 516 1892 banna
535 1819 665 1915 posita,
683 1819 879 1912 juramenta
897 1827 1036 1917 recepta
1053 1828 1090 1893 et
1105 1842 1327 1917 quecumque
1346 1825 1414 1901 alia
1434 1848 1497 1923 per
1516 1829 1622 1927 dapi-

204 1946 317 2019 iernm
337 1943 501 2018 eumdem
518 1955 553 2019 et
573 1945 659 2018 alios
681 1945 823 2019 nomine
842 1955 959 2020 nostro
978 1945 1015 2019 in
1036 1945 1191 2021 marchia
1209 1957 1244 2021 et
1263 1947 1393 2024 ducatu
1412 1951 1502 2026 mota
1522 1967 1618 2046 sunt,

205 2091 418 2144 evacuamus
444 2078 479 2142 et
506 2071 703 2143 relaxamus
725 2069 866 2144 omnino
894 2081 930 2144 et
963 2071 1137 2146 universis
1164 2073 1209 2146 de
1229 2073 1362 2148 eisdem
1391 2079 1548 2174 partibus
1577 2093 1620 2156 ea

206 2194 412 2270 mandamns
437 2215 508 2267 non
534 2216 686 2268 serrare.
716 2195 873 2270 Preterea
899 2204 939 2269 ut
960 2197 1079 2270 nullus
1101 2196 1146 2270 de
1173 2207 1285 2272 cetero
1310 2203 1546 2278 excusationis
1575 2206 1620 2280 sit

203 2317 315 2409 locus,
338 2320 368 2394 si
391 2319 486 2416 qnod
510 2319 731 2411 mandatnm,
751 2319 782 2394 si
803 2343 873 2417 qna
898 2321 1026 2418 scripta
1048 2323 1105 2396 vel
1128 2319 1241 2396 nuntii
1263 2335 1379 2399 nostro
1405 2327 1527 2402 directi
1551 2352 1620 2407 no·

203 2447 298 2521 mine
321 2446 540 2545 presentibus
559 2447 717 2520 contrarii
742 2457 967 2548 apparerent,
995 2457 1067 2521 tam
1088 2448 1291 2523 mandatum
1314 2473 1419 2546 quam
1439 2455 1565 2551 scripta
1583 2469 1619 2530 et

202 2571 343 2645 nuntios
355 2571 573 2646 decernimus
587 2594 657 2645 non
670 2571 799 2647 valere.
819 2573 905 2648 Cum
918 2573 1002 2646 satis
1013 2575 1086 2668 jam
1101 2573 1270 2670 perpendi
1282 2575 1395 2650 valeat
1408 2575 1444 2651 at'
1456 2583 1617 2675 cognosci

202 2697 414 2794 quodfacto
442 2697 499 2771 vel
527 2697 645 2771 verius
671 2696 921 2794 presumptioni
956 2697 1102 2794 dapiferi
1128 2697 1320 2795 supradicti
1347 2710 1381 2775 et
1409 2704 1617 2802 complicum

202 2844 345 2897 suorum
361 2843 583 2919 naquaquam
600 2821 849 2915 consensimus,
870 2822 934 2897 sed
953 2820 1041 2896 illud
1055 2821 1170 2919 potins
1189 2825 1293 2898 nimis
1310 2828 1462 2918 graviter
1478 2831 1621 2908 tulimus

201 2958 237 3022 et
250 2949 404 3042 moleste,
421 2970 463 3023 ac
478 2948 515 3021 in
532 2948 655 3023 eodem
673 2949 783 3022 simus
799 2949 936 3023 solidati
952 2950 1127 3046 proposito
1142 2959 1183 3024 nt
1197 2949 1284 3024 nibil
1299 2973 1453 3047 unquam
1470 2955 1620 3032 velimus

203 3075 316 3147 iacere
329 3082 446 3147 oontrn
465 3075 652 3149 Romanam
668 3073 872 3165 Ecclesiam,
892 3073 972 3147 licet
992 3074 1037 3146 ab
1057 3075 1133 3172 ipsa
1150 3075 1254 3148 etiam
1269 3079 1466 3172 provocati,
1485 3099 1532 3154 ex
1548 3103 1620 3178 qno

200 3173 273 3277 ledi
291 3224 312 3276 a
328 3202 430 3275 nobis
448 3223 487 3275 se
502 3210 637 3298 reputet
651 3203 707 3275 vel
726 3201 870 3295 aliendi,
890 3201 1087 3298 paternitati
1104 3211 1219 3278 vestre
1240 3205 1476 3302 supplicamns
1492 3217 1619 3284 attente

201 3337 375 3424 qnatenus
391 3350 456 3401 nos
477 3338 643 3424 tanquam
664 3327 815 3401 Ecclesie
832 3328 986 3400 Romane
1011 3326 1120 3402 lilium
1143 3327 1405 3404 devotissimum
1430 3340 1464 3405 et
1484 3333 1618 3409 sincere

201 3452 397 3527 devotionis
411 3455 590 3528 alumnum
606 3451 800 3525 firmissime
818 3453 975 3525 teneatis.
996 3454 1241 3549 superomnia
1257 3456 1352 3529 enim
1375 3457 1535 3554 cupimus
1559 3481 1619 3533 eos

201 3579 359 3674 quiante
376 3599 441 3652 nos
457 3581 599 3652 inerunt
611 3587 931 3674 quantumcumque
948 3578 1049 3652 Sedis
1067 3581 1252 3676 apostolice
1266 3581 1412 3656 devotos
1426 3606 1495 3657 non
1507 3585 1619 3658 solum

201 3703 348 3794 imitari,
367 3703 430 3778 sed
448 3703 552 3779 etiam
570 3705 728 3801 ampliori
752 3703 907 3778 Ecclesia
924 3706 1078 3779 liomane
1095 3706 1280 3780 devotione
1300 3729 1342 3781 ac
1358 3706 1617 3812 honorificentia

201 3851 377 3925 superare.

250 3955 376 4028 Datum
390 3953 487 4051 apud
499 3948 719 4047 Prechinam,
737 3955 751 4028 l
769 3953 829 4028 die
838 3953 1008 4049 januarii,
1027 3953 1075 4029 Xl
1090 3955 1292 4032 indictione.

255 4537 490 4646 Fridericns,
514 4537 787 4622 Romanorum
802 4509 1028 4651 imperator,
1053 4541 1238 4626 universis
1255 4569 1324 4655 per
1341 4545 1618 4632 Anconitnnam
1694 4593 1757 4647 rna

200 4671 414 4755 marchiam
427 4680 466 4755 et
477 4695 546 4781 per
558 4671 741 4755 ducatum
760 4671 1008 4784 Spoletannm
1026 4677 1239 4763 constitutis
1258 4677 1388 4764 scribit
1402 4705 1443 4765 se
1462 4682 1618 4770 Gonzo-
1660 4645 1793 4752 mi
