4422 5890
554 574 610 634 160
1051 577 1265 640 liltlosslllcl
1291 581 1464 642 account
1775 580 1856 661 [dart.
1876 581 1963 644 1221.

551 710 621 800 sis,
646 717 712 781 etc.
742 710 899 801 ipsorum
922 713 1091 804 profectui
1118 735 1160 786 ac
1186 715 1365 812 hospitalis
1386 718 1544 810 ejusdem
1571 726 1756 814 augmento
1784 717 1968 792 liberaliter

553 833 783 921 intendentes,
801 834 1026 909 concedimus
1041 848 1076 911 et
1090 838 1126 911 in
1144 852 1350 937 perpetuum
1365 843 1609 916 confirmamus
1622 853 1661 916 nt
1673 844 1888 938 quicumque
1904 842 1970 914 ali-

550 959 639 1056 quid
657 959 702 1033 de
728 959 828 1032 bonis
850 962 983 1055 imperii
1002 964 1157 1058 possidet
1176 967 1316 1042 nomine
1341 969 1432 1042 leodi
1457 969 1597 1042 licenter
1616 991 1658 1042 ac
1674 970 1781 1042 libere
1801 977 1968 1062 qnantum

550 1085 701 1159 voluerit
721 1107 767 1157 ex
790 1083 922 1158 eisdem
945 1095 1111 1180 tanquam
1132 1092 1309 1186 proprium
1333 1105 1521 1166 memorato
1543 1095 1697 1166 conferre
1719 1093 1833 1165 valeat
1854 1091 1971 1188 hospi·

553 1210 631 1302 tali,
648 1231 781 1304 nosque
806 1209 843 1282 id
868 1233 929 1306 pro
956 1212 1057 1285 nobis
1080 1222 1115 1286 et
1138 1217 1394 1290 successoribus
1421 1217 1548 1290 nostris
1564 1217 1600 1288 in
1627 1226 1832 1312 perpetuum
1860 1224 1969 1288 ratum

552 1334 721 1408 habemus
736 1345 771 1408 et
786 1334 922 1407 firmum
944 1345 979 1408 et
995 1336 1219 1412 irrevocabile
1242 1341 1405 1412 volumus
1422 1362 1635 1436 permanere.
1656 1341 1846 1413 Statuimns
1867 1338 1972 1431 igitur

553 1470 587 1533 et
597 1461 665 1533 sub
678 1461 821 1534 obtentu
835 1462 944 1553 gratie
959 1471 1076 1535 nostre
1089 1463 1441 1538 firmiterinhibemos
1455 1467 1591 1560 nequis
1605 1467 1716 1562 ipsam
1730 1465 1887 1554 domum,
1902 1470 1969 1536 etc.

559 1585 598 1658 Ul
616 1589 652 1658 in
666 1586 886 1680 praecedenti.

499 1787 502 1796 ,
605 1711 717 1803 liujus
738 1711 788 1785 rei
810 1719 913 1783 testea
934 1720 1016 1782 sunt
1033 1712 1168 1786 Ulricus
1186 1715 1400 1788 Pataviensis
1423 1713 1625 1812 episcopus,
1643 1710 1975 1786 Albertuslriden·

558 1837 651 1909 tinus
664 1836 806 1926 electus,
824 1836 1035 1912 Ludewicus
1054 1839 1130 1912 dux
1149 1841 1308 1914 Bawarie
1320 1862 1435 1914 comes
1453 1841 1627 1914 Palatinus
1644 1839 1743 1929 lieni,
1761 1841 1976 1910 Hmmannus

560 1961 714 2034 marchio
734 1961 779 2034 de
799 1962 937 2052 Baden‚
964 1964 1157 2037 Diebuldus
1181 1965 1333 2038 marchio
1356 1965 1401 2038 de
1420 1965 1600 2057 Voburch‚
1620 1985 1736 2037 comes
1756 1959 1978 2034 Eberhardus

561 2084 607 2158 de
621 2085 866 2180 Eiphenstein,
883 2107 998 2160 comes
1012 2088 1279 2180 Yldehrandus,
1295 2088 1480 2162 dussimus
1493 2090 1722 2162 marescalcus
1734 2087 1781 2160 de
1795 2084 1976 2179 lustingen

563 2211 669 2282 etalii
687 2212 921 2306 quamplures.

612 2335 755 2426 Signum
774 2335 905 2409 domini
922 2336 1104 2423 Friderici,
1121 2345 1187 2411 etc.

611 2459 695 2533 Acta
716 2470 798 2533 sunt
813 2461 877 2534 hec
895 2483 987 2535 anno
1008 2462 1181 2535 dominice
1200 2461 1447 2535 incarnationis
1464 2461 1647 2534 millesimo
1666 2460 1904 2535 ducentesimo
1921 2457 1979 2530 vi-

564 2586 692 2659 cesimo
706 2587 833 2682 primo,
853 2599 977 2681 quarto
998 2588 1080 2661 idus
1097 2589 1234 2685 aprilis,
1255 2589 1442 2662 indictione
1455 2608 1566 2675 nona,
1586 2587 1794 2683 imperante,
1812 2594 1879 2656 etc.

613 2713 739 2784 Datum
757 2711 912 2802 Tarenti,
929 2735 1037 2805 anno,
1059 2735 1178 2786 meuse
1193 2723 1229 2785 el
1242 2712 1430 2786 indictione
1442 2712 1650 2807 prescriptis.

1487 3031 1694 3038 --.——-.—.--—-.

419 3315 507 3411 gres·
623 3294 860 3400 Fridericus,
884 3296 1145 3381 Romanorum
1167 3298 1392 3409 imperator,
1412 3325 1483 3408 pro
1510 3300 1688 3410 religiosa
1718 3299 1796 3382 vita
1823 3299 1985 3384 fratrum

570 3429 769 3540 hospitalis
784 3429 944 3512 Sanctae
961 3431 1101 3514 Mariae
1119 3433 1440 3517 Theutonitorum
1464 3433 1519 3515 eis
1542 3433 1769 3544 generaliter
1787 3433 1988 3516 confirmat

569 3571 607 3644 et
623 3571 780 3646 renovat
796 3562 945 3646 diversa
961 3565 1162 3676 privilegia
1179 3592 1203 3649 a
1221 3593 1262 3650 se
1278 3577 1316 3650 et
1333 3593 1357 3650 a
1374 3567 1727 3676 praedecessoribus
1745 3567 1825 3650 suis
1843 3568 1987 3652 eisdem

570 3697 732 3780 indulta.

648 3913 782 3992 (jlldlder.
797 3913 910 3986 Lauro,
932 3909 1146 3986 ammanite,
1164 3915 1239 3986 vll,
1257 3924 1286 3976 a.
1303 3944 1345 3961 -
1358 3915 1531 3992 Dusmms,
1549 3917 1624 3978 Hirl.
1644 3913 1709 3977 card.
1735 3915 1917 3998 Timaea,
1933 3935 1987 3996 ap·

691 4020 780 4096 pend.
800 4019 867 4082 XV.
880 4049 920 4064 ·-
938 4019 1107 4088 Lanuuio,
1124 4016 1280 4101 Reliquiae,
1299 4023 1349 4094 vl.
1364 4029 1413 4083 44.
1435 4054 1476 4068 -
1494 4023 1755 4095 δοιιυκιιιιιεωι,
1770 4024 1846 4085 rtet.
1867 4023 1989 4106 Rariss-

689 4143 800 4200 rcrom,
816 4135 866 4186 11.
879 4157 914 4171 -
926 4126 1042 4205 Fauna,
1055 4125 1228 4199 Ualerricdt,
1243 4138 1276 4188 n⁰
1291 4138 1321 4188 5.
1332 4160 1373 4174 -
1382 4127 1549 4189 Brandcnb.
1565 4131 1755 4212 ommium
1768 4127 1879 4212 caco,
1893 4140 1942 4193 90.
1953 4161 1989 4177 -

692 4233 826 4308 Hennes,
843 4229 914 4294 God.
931 4229 992 4293 ord
1014 4229 1194 4311 Timone„
1215 4253 1243 4314 p
1261 4244 1311 4310 60,
1327 4246 1360 4297 n⁰
1375 4237 1439 4317 59.)

622 4420 660 4490 ln
688 4419 829 4492 nomine
848 4429 966 4492 sancte
986 4429 1021 4492 et
1039 4420 1224 4494 individue
1246 4423 1433 4496 Trinitatis.
1454 4425 1650 4499 Fridericus
1672 4425 1991 4500 mundanalium

576 4543 713 4615 favente
729 4543 910 4615 clementia
927 4545 1158 4617 Romanorum
1173 4545 1369 4640 imperator,
1391 4569 1528 4644 semper
1543 4561 1716 4645 augustus
1728 4560 1764 4623 et
1780 4573 1844 4624 rex
1862 4550 1990 4624 Sicilie.

574 4666 756 4740 lateralia
780 4668 918 4761 pietatis
942 4689 1047 4763 opera
1075 4670 1203 4764 quibus
1226 4671 1412 4768 imperialis
1437 4672 1589 4768 dignitas
1618 4677 1762 4750 uberius
1789 4683 1990 4766 momatur,
