4436 5870
280 583 376 643 rauca.
393 579 436 664 a]
725 576 923 638 nrsronrn
947 573 1239 635 nrrnonnrrcn
1647 575 1688 635 m

280 729 409 792 etcum
433 715 527 788 omni
545 712 783 806 jurisdictione
798 733 905 806 quam
927 733 991 786 nos
1013 712 1049 783 in
1079 712 1215 784 civitate
1232 711 1307 806 ipsa
1334 710 1565 782 habemuset
1593 709 1686 784 idem

281 841 464 938 episcopus
483 860 504 910 a
519 837 619 910 uobis
640 845 733 910 tenet
753 837 942 910 cumomni
958 835 1343 942 usuctccusuetudine
1364 857 1469 930 quam
1486 836 1688 908 Vulterrana

282 963 425 1037 ecclesia
449 963 615 1035 hactonus
637 961 673 1032 in
690 983 732 1034 ea
754 960 887 1050 habuit,
909 968 1058 1032 castrum
1082 960 1197 1032 Sancti
1212 958 1403 1032 Geminiani
1425 969 1460 1032 et
1477 969 1626 1033 castrum
1645 959 1691 1032 do

281 1085 546 1162 Montevultraio
560 1093 594 1156 ct
613 1093 763 1156 castrum
786 1082 832 1156 de
851 1083 973 1156 Casula
993 1093 1028 1156 et
1048 1092 1196 1157 castrum
1213 1082 1259 1156 de
1276 1082 1413 1156 Clusino
1430 1105 1509 1155 cum
1530 1084 1691 1155 omnibus

282 1209 495 1307 pertinentiis
511 1209 597 1299 suis,
617 1209 773 1282 similiter
786 1230 866 1279 cunr
879 1209 973 1280 omni
982 1208 1220 1301 jurisdictione
1238 1217 1352 1280 nostra
1368 1229 1448 1280 cum
1468 1207 1562 1279 omni
1577 1229 1642 1278 usu
1657 1215 1694 1279 et

284 1333 546 1422 consuetudine,
563 1332 783 1405 medietatem
797 1331 897 1403 castri
916 1329 1086 1403 Gerfalchi
1104 1353 1183 1403 cnm
1205 1331 1466 1424 argentifodinis
1485 1340 1519 1403 et
1534 1332 1695 1404 omnibus

284 1457 497 1554 pertinentiis
523 1465 556 1529 ct
579 1455 817 1548 jurisdictione
840 1477 924 1545 suu,
950 1454 1166 1527 medictatem
1191 1455 1293 1527 castri
1317 1456 1469 1527 Travalis
1490 1477 1569 1526 cum
1590 1454 1695 1550 perti·

285 1579 410 1652 nuntiis
425 1579 517 1668 suis;
537 1586 694 1671 quartam
713 1585 843 1673 partem
861 1577 959 1650 Petra
976 1576 1135 1648 Corbarie
1148 1598 1228 1648 cum
1247 1576 1461 1671 pertinentiis
1476 1577 1567 1665 suis,
1587 1584 1694 1648 totum

285 1714 433 1776 castrum
467 1702 600 1775 Frusini
636 1723 715 1773 cum
750 1701 912 1774 omnibus
939 1699 1152 1796 pertinentiis
1180 1701 1252 1771 suis
1282 1712 1317 1772 et
1340 1700 1580 1792 jurisdictione
1611 1723 1694 1790 sua,

285 1826 456 1922 quidquid
487 1827 630 1900 ecclesia
655 1827 858 1899 Vulterrana
885 1825 989 1897 habet
1023 1824 1060 1895 in
1083 1824 1229 1896 Tremoti
1257 1844 1337 1894 curn
1364 1824 1576 1918 pertinentiis
1602 1826 1694 1918 suis,

285 1952 463 2024 lecchiam
489 1973 569 2022 cum
591 1949 804 2045 pertinentiis
826 1948 917 2038 suis,
938 1947 1156 2020 medictatem
1182 1947 1373 2020 Castiliunis
1397 1948 1581 2037 Bomardi,
1604 1951 1699 2023 Beri-

287 2094 449 2168 gnoncm,
470 2074 698 2168 Utignanum,
727 2073 976 2160 Policrianum,
1006 2069 1262 2163 Gamhassium,
1291 2071 1523 2162 Collemusoli,
1548 2083 1698 2147 montem

287 2199 489 2292 Agutulum,
514 2197 733 2270 medictatem
751 2197 883 2290 Stagie,
907 2195 1041 2268 tertiam
1058 2204 1190 2290 partem
1209 2195 1393 2286 BarbiaHe,
1415 2197 1548 2268 tertiam
1566 2209 1696 2292 parturn

287 2321 440 2416 Scopoti,
471 2321 689 2394 medictatem
716 2320 855 2414 legali,
885 2319 1101 2392 medictatem
1124 2320 1322 2414 Vingnalis,
1354 2319 1572 2392 medietatem
1597 2324 1697 2395 castri

287 2445 383 2534 Fatfi,
407 2453 475 2518 tras
493 2455 606 2540 partes
619 2445 828 2542 RipepaJ'oii,
850 2444 1068 2517 medictatem
1091 2444 1191 2516 castri
1214 2443 1259 2516 ds
1275 2440 1532 2536 Montctinicso,
1552 2457 1701 2519 castrum

290 2567 424 2662 cunni,
449 2579 599 2642 castrum
623 2569 785 2661 Paccioli,
818 2569 1007 2660 Lajaticum
1034 2589 1113 2639 cum
1143 2563 1304 2640 omnibus
1327 2569 1400 2640 suis
1427 2569 1640 2663 pertinentiis
1668 2581 1703 2643 et

287 2694 540 2786 jurisdictione,
562 2693 662 2788 pred.
684 2692 755 2790 (sic)
775 2696 995 2784 Dastrcrum,
1018 2701 1087 2764 tres
1112 2702 1225 2786 partes
1247 2691 1358 2783 Rave,
1383 2701 1533 2765 castrum
1560 2691 1702 2766 Bibonis

290 2837 369 2887 cum
386 2815 603 2910 pertinentiis
620 2817 703 2903 suis,
722 2815 941 2888 medietatem
965 2813 1063 2887 Podii
1077 2813 1221 2906 Vivarii,
1247 2822 1355 2887 totum
1376 2825 1526 2887 castrum
1546 2817 1700 2910 casatis,

291 2945 400 3010 totum
421 2939 567 3029 Gallum,
590 2939 810 3012 medietatem
831 2938 936 3011 Stridi
955 2960 1035 3011 cnm
1054 2937 1267 3032 pertinentiis
1286 2939 1372 3030 suis,
1392 2938 1699 3030 Castelvecchinm,

291 3060 516 3151 Picchenam,
541 3063 742 3154 Foschium,
767 3063 945 3135 Casalliam
976 3063 1021 3135 do
1042 3062 1133 3133 valle
1160 3063 1238 3133 Elsa
1263 3083 1343 3133 cum
1369 3063 1583 3156 pertinentiis
1607 3065 1699 3154 suis,

292 3183 492 3276 Micchinm,
514 3195 663 3257 castrum
680 3187 794 3258 Sancti
811 3186 1007 3272 Benedicti,
1028 3186 1147 3257 villum
1165 3183 1381 3274 Guinizzani‚
1400 3185 1567 3279 Comiani,
1588 3189 1702 3260 Sancti

293 3307 454 3400 Mariani,
484 3309 600 3380 Sancti
628 3309 785 3382 Dievcldi
803 3308 865 3405 (i),
885 3311 1035 3398 Petram,
1057 3308 1274 3380 medietatem
1299 3308 1498 3403 Aquaviva,
1526 3313 1704 3404 Bucigna-

294 3453 377 3502 num
393 3433 507 3504 Sancti
521 3433 681 3523 Victoris,
701 3442 809 3506 totum
824 3431 968 3526 podium
986 3433 1112 3506 montis
1124 3433 1257 3505 Castetli
1271 3433 1374 3505 situm
1389 3435 1491 3526 juxta
1509 3435 1703 3529 Buciugna·

294 3577 396 3645 num,
415 3554 559 3650 podium
583 3565 690 3629 totum
713 3556 839 3629 montis
861 3556 996 3630 Castalii
1019 3557 1123 3628 situm
1143 3559 1245 3650 juxta
1265 3557 1401 3646 Strsve,
1422 3559 1699 3651 Monticcianum,

294 3678 436 3772 podium
457 3680 582 3751 montis
598 3681 762 3770 Falconis,
783 3681 1004 3770 Miccianum,
1025 3682 1184 3770 Belforte,
1205 3681 1462 3776 Moutegemnli,
1483 3681 1703 3776 Qneroetum,

295 3823 414 3875 saxam
433 3802 633 3892 Cannctum,
651 3804 991 3892 Casctie,·llcvetum
1013 3806 1145 3896 Casatc,
1167 3807 1389 3897 Sarazanum,
1410 3807 1580 3898 Comiam,
1603 3808 1705 3880 Mon-

295 3925 525 4016 tcmviridem,
542 3927 743 4019 Bnrianum,
761 3929 941 4017 Miamum,
960 3929 1203 4017 Orciathicum,
1220 3928 1441 4021 Angnauum,
1457 3931 1701 4018 Petracassam,

296 4049 623 4141 Montemencchari,
649 4047 862 4140 Gozzanum,
890 4053 1023 4125 tertiam
1048 4061 1181 4148 partem
1204 4053 1361 4126 Mouzani
1383 4074 1463 4125 cum
1489 4053 1705 4147 pertinentiis

298 4171 381 4244 suis.
400 4175 504 4245 Porro
521 4175 566 4248 de
586 4174 662 4246 aliis
684 4174 821 4247 duabus
840 4176 1083 4272 partibusque
1101 4177 1146 4250 ad
1168 4176 1400 4270 gloriosissimi
1414 4176 1522 4270 patris
1545 4177 1649 4249 nostri
1670 4189 1705 4250 et

297 4295 342 4368 ad
361 4305 510 4370 nostram
529 4298 696 4371 rationem
715 4307 871 4393 spectant
890 4301 1125 4394 prenominato
1140 4302 1310 4396 episcopo
1333 4308 1369 4372 ct
1392 4300 1645 4372 successoribus
1670 4313 1704 4376 et

298 4421 654 4495 ccclesieanterrane
657 4475 796 4494 .........
820 4431 935 4498 nostra
958 4425 1114 4519 largitate
1138 4424 1359 4498 concedimus
1379 4444 1516 4495 omnem
1536 4424 1704 4516 jurisdic-

297 4543 424 4615 tionem
446 4545 576 4618 scilicet
595 4553 631 4619 at
648 4545 815 4641 quicquid
820 4599 1071 4621 ................
1099 4547 1260 4621 videlicet
1280 4555 1320 4619 ut
1339 4547 1538 4620 hominibus
1554 4550 1704 4642 partium

299 4665 448 4742 duarum
469 4677 577 4744 terras
599 4680 660 4743 aut
685 4670 917 4766 possessiones
940 4695 1020 4746 suas
1046 4673 1147 4746 alicui
1169 4693 1316 4769 persone
1338 4673 1442 4766 [non]
1464 4673 1565 4744 liceat
1588 4675 1704 4769 aliquo
