4296 5898
259 573 362 634 lanum.
379 567 439 653 ll.']
710 563 909 628 HISTORIA
933 563 1225 628 ntetomnrtca.
1615 560 1676 624 289
1782 589 1787 600 ·

259 709 413 782 Romane
443 702 566 801 legatis
589 725 631 776 ae
651 701 782 778 nunbis
806 703 944 800 plenius
971 702 1173 777 obedientes
1201 700 1246 775 de
1272 709 1385 774 oetsro
1410 721 1452 773 ao
1474 722 1536 797 per
1559 700 1676 772 omnia

261 832 494 922 intendentes,
510 829 588 902 aliis
601 849 822 924 nequaquam
835 827 997 904 admissis
1006 850 1054 902 ex
1066 827 1215 902 adverso
1229 848 1267 900 se
1278 827 1528 922 ingerentibus,
1544 825 1607 900 sed
1620 848 1674 900 rc-

261 956 387 1054 pulsis,
402 955 537 1028 balivos
556 973 676 1028 omnes
692 973 756 1050 per
773 961 907 1026 nosbos
921 961 957 1026 et
975 951 1130 1026 maxime
1145 974 1207 1050 per
1223 949 1416 1048 predictum
1432 949 1628 1046 dapiferum
1643 961 1679 1024 ct

261 1085 337 1177 ejus
355 1081 465 1154 lilium
482 1081 557 1153 sive
575 1101 637 1176 per
654 1076 858 1152 Bertuldum
882 1077 992 1150 lilium
1010 1076 1187 1174 quondam
1207 1077 1309 1152 ducis
1325 1075 1475 1150 Conradi
1494 1086 1556 1150 aut
1573 1077 1677 1150 etiam

263 1229 324 1303 per
341 1206 537 1280 Conradnm
555 1202 746 1300 Gottipnldi
765 1211 934 1277 eteorum
959 1203 1145 1300 complices
1165 1225 1226 1276 seu
1253 1225 1315 1300 per
1332 1223 1571 1298 quoscumque
1590 1203 1677 1276 alios

263 1343 379 1407 nostro
395 1331 535 1405 nomine
555 1329 729 1402 institutos
744 1328 949 1401 removeatis
965 1329 1125 1417 omnino,
1147 1328 1273 1401 balivis
1292 1349 1353 1422 per
1377 1327 1565 1400 Ecclesiam
1584 1327 1678 1400 ordi·

266 1458 355 1531 natis
383 1455 565 1548 admissis,
594 1453 845 1527 munitionibus
868 1475 910 1528 ao
938 1454 1016 1527 aliis
1040 1454 1178 1546 juribus
1201 1453 1267 1526 hac
1293 1451 1475 1525 occasione
1492 1451 1678 1547 apostolico

264 1583 345 1662 sedi
368 1581 552 1656 subtractis
573 1567 611 1652 in
634 1580 806 1674 integrum
830 1579 997 1652 restitutis
1018 1589 1052 1653 et
1077 1579 1385 1652 excommunicatis
1411 1587 1550 1674 propter
1571 1577 1637 1650 boc
1657 1599 1677 1650 a

265 1709 407 1784 domino
423 1729 534 1804 papa,
552 1705 675 1800 legatis
690 1713 725 1780 ct
740 1703 872 1777 nuntiis
886 1705 977 1786 suis,
998 1704 1109 1778 donec
1126 1706 1278 1778 Romane
1291 1706 1444 1780 Ecclesia
1462 1711 1564 1804 plene
1578 1707 1678 1781 satis-

265 1837 421 1920 fecerint,
440 1854 504 1930 pro
520 1831 685 1906 diffidatis
701 1830 884 1905 habendis.
901 1832 971 1904 Nos
986 1831 1078 1904 enim
1095 1831 1212 1906 banna
1228 1832 1339 1930 posita
1357 1843 1391 1906 et
1404 1835 1599 1928 juramenta
1617 1857 1679 1909 re-

265 1970 364 2056 ccpta
388 1967 424 2033 et
439 1977 659 2054 quecumque
675 1957 744 2030 alia
766 1979 829 2053 per
846 1957 1038 2053 dapiferum
1057 1957 1219 2031 eumdem
1235 1965 1270 2031 et
1294 1959 1379 2032 alios
1403 1961 1542 2034 nomine
1563 1971 1678 2035 nostro

266 2084 301 2154 in
323 2085 460 2161 Duoutu
485 2084 574 2156 faeta
598 2090 680 2155 sunt
704 2103 916 2154 evacuamus
938 2091 973 2155 et
993 2082 1191 2155 relaxamus
1214 2083 1376 2176 omnino;
1397 2094 1432 2158 ct
1454 2107 1518 2159 vos
1541 2109 1582 2160 ea
1609 2109 1678 2183 pe-

266 2209 359 2281 nitus
386 2230 456 2282 non
479 2207 641 2291 servetis,
667 2207 815 2279 scientes
844 2207 940 2303 quod
970 2208 1006 2278 in
1033 2208 1206 2302 presentia
1232 2208 1385 2304 magistri
1409 2209 1559 2285 lloffredi
1589 2213 1678 2286 sob-

267 2334 403 2408 diaconi
427 2343 463 2407 et
483 2333 607 2407 notarii
633 2354 674 2406 ac
691 2333 804 2404 nuntii
822 2332 948 2405 summi
971 2331 1142 2428 pontificis
1167 2332 1302 2406 nobiles
1323 2335 1416 2407 viros
1434 2336 1479 2409 de
1502 2337 1674 2427 Marcbia,

267 2461 484 2535 Fidessinum
508 2458 554 2532 de
578 2458 731 2550 blaione,
752 2455 972 2529 Guillelmum
996 2457 1042 2531 de
1064 2458 1179 2530 Massa
1202 2469 1236 2532 ct
1255 2459 1493 2554 Gottipuldum
1518 2472 1679 2557 nepotem

268 2586 414 2660 Conradi
437 2584 597 2678 abjurare
618 2583 763 2656 fecimus
781 2591 993 2657 sacramenta
1011 2605 1080 2679 que
1100 2595 1218 2656 nostro
1238 2583 1378 2657 nomine
1396 2587 1627 2680 prestiterunt,
1646 2599 1679 2660 et

267 2709 436 2808 quicquid
450 2731 512 2808 per
527 2709 701 2806 prefatum
718 2707 912 2805 dapiferum
931 2718 965 2781 et
979 2709 1163 2805 complices
1175 2712 1251 2804 ejus
1264 2711 1404 2785 nomine
1422 2720 1538 2785 nostro
1552 2713 1679 2786 facturn

268 2846 320 2910 cst
335 2836 386 2909 eis
401 2833 647 2908 mandavimus
661 2855 732 2907 non
748 2855 899 2909 servare.
916 2833 952 2908 si
967 2834 1047 2930 quis
1061 2834 1167 2929 igitur
1181 2843 1333 2909 vestrum
1350 2836 1514 2933 deinceps
1529 2837 1681 2913 Ecclesia

267 2959 476 3035 Romanuin
501 2959 665 3032 omnibus
682 2967 718 3032 et
738 2980 800 3055 per
825 2960 941 3033 omnia
965 2958 1108 3033 obedire
1124 2960 1382 3057 contempserit,
1407 2961 1681 3057 indignationem

267 3096 420 3159 nostram
436 3085 589 3160 incurret
603 3093 639 3157 et
663 3104 728 3159 nos
744 3095 876 3179 gratam
893 3084 1097 3158 babebimus
1118 3107 1244 3180 penam
1258 3109 1363 3182 quam
1391 3087 1555 3161 dominus
1574 3112 1679 3186 papa,

267 3212 371 3306 legati
394 3211 470 3304 ojus
494 3229 558 3284 seu
584 3209 697 3282 nuntii
726 3230 774 3282 cx
796 3209 863 3282 hoo
886 3209 1052 3284 duxerint
1078 3210 1333 3307 imponendam.
1362 3210 1419 3286 Ad
1444 3213 1510 3286 bec
1534 3214 1683 3311 siquod

267 3336 491 3425 mandatum,
510 3333 540 3407 si
557 3354 628 3429 qua
654 3332 780 3428 scriptu
802 3334 858 3406 vel
882 3334 995 3406 nuntii
1022 3343 1139 3408 nostro
1160 3334 1280 3409 directi
1303 3336 1441 3410 nomine
1464 3339 1683 3434 presentibus

267 3461 392 3534 litteris
406 3458 567 3532 contrarii
581 3466 803 3555 apparerent,
822 3467 891 3530 tam
912 3458 1115 3532 mandatum
1139 3482 1245 3556 quam
1267 3461 1396 3556 scripta
1418 3471 1453 3534 et
1470 3463 1610 3536 nuntios
1625 3463 1684 3538 de

269 3586 445 3660 cernimus
461 3605 532 3657 non
545 3585 676 3658 valere.
695 3585 810 3671 Quare
829 3585 992 3657 volumus
1009 3593 1045 3657 et
1059 3584 1265 3658 mandamus
1281 3586 1382 3659 vobis
1397 3595 1436 3658 ut
1449 3597 1596 3684 uterque
1611 3588 1683 3688 (sic)

268 3721 422 3786 restrum
438 3707 536 3805 quod
553 3709 604 3782 eis
621 3709 804 3782 scribimus
820 3709 856 3780 in
873 3710 1026 3804 ipsorum
1041 3709 1196 3805 partibus
1213 3709 1351 3784 studeat
1366 3713 1557 3807 publicare.

318 3839 444 3910 Datum
460 3833 557 3932 apud
570 3834 766 3922 Prcoinam,
791 3833 805 3906 l
825 3831 884 3906 die
900 3835 1029 3907 mensis
1043 3834 1213 3927 januarii,
1231 3835 1279 3908 Xl
1294 3835 1496 3910 indictione.

1027 4145 1466 4161 annm—-

324 4421 555 4532 Friderious,
575 4425 835 4510 Romanorum
861 4424 1081 4535 imperator,
1101 4423 1288 4508 universis
1318 4434 1453 4510 notum
1471 4427 1561 4514 facit
1577 4434 1683 4543 quod
1724 4457 1853 4557 ,affin

269 4581 360 4640 cum
381 4583 428 4640 ex
454 4559 640 4644 sententia
665 4558 880 4671 principum
906 4557 1054 4642 nullam
1082 4559 1343 4644 auctoritatem
1359 4561 1525 4647 thelonei
1543 4564 1582 4648 in
1601 4567 1682 4652 ali-
1731 4543 1867 4620 ‘¹⁸¹¹”“¹¹·’

269 4687 381 4801 cujus
397 4691 584 4779 damnum
601 4705 795 4806 praestare
820 4694 940 4804 possit
965 4703 1003 4778 ct
1029 4694 1157 4778 comiti
1185 4693 1355 4779 Gclrensi
1376 4697 1614 4786 mandaverit
1635 4729 1684 4788 ne

370 4826 411 4889 u.
1487 4844 1523 4898 aa
