4272 5886
189 577 291 639 11111111.
309 565 371 653 la]
641 565 839 628 HISTORIA
865 558 1160 626 DIPLOMleCll.
1546 561 1607 626 589

186 705 346 809 nitatur,
371 699 482 810 cujus
499 698 681 783 beneficia
701 727 794 812 erga
820 699 948 808 ipsum
969 693 1106 778 diffuse
1128 701 1349 800 enumerat3
1373 704 1506 778 contra
1526 723 1605 780 au-

185 849 285 944 tem,
303 833 503 920 violentias
520 831 603 943 ejus
620 859 713 944 erga
739 834 935 943 episcopos
952 827 1082 940 regni,
1102 825 1301 937 perfidiam
1319 853 1412 938 erga
1429 828 1606 912 Thoma-

188 970 288 1053 sium
316 969 365 1052 de
384 965 525 1050 Celano
543 977 787 1078 caeterosque
809 966 987 1071 comites,
1007 963 1202 1074 ingratum
1224 960 1264 1041 in
1284 985 1458 1044 socerum
1485 961 1605 1072 ipsius

187 1103 381 1207 animum,
401 1099 620 1210 patrimonii
642 1099 743 1184 beati
760 1101 859 1184 Petri
882 1099 1055 1208 iniquam
1075 1095 1358 1207 aggressionem
1375 1096 1602 1205 exprobrat,

186 1259 347 1318 monens
368 1258 416 1316 ne
437 1232 549 1316 illum
571 1259 752 1344 prospera
775 1233 958 1316 seducant
984 1238 1022 1314 et
1043 1257 1066 1313 a
1087 1229 1216 1312 debito
1242 1230 1440 1312 devotione
1466 1255 1602 1313 remo-

187 1376 314 1451 veant.

269 1579 403 1662 (Edlder.
418 1579 595 1652 ananim„
609 1575 722 1641 dunel.
737 1576 860 1651 Euclea„
876 1579 915 1640 sd
928 1594 998 1639 ann.
1016 1585 1105 1650 1116,
1120 1575 1193 1648 1111
1206 1583 1236 1637 et
1247 1592 1331 1654 seqq.
1342 1607 1381 1622 -
1397 1573 1514 1650 Lumo,
1529 1573 1597 1639 Cod.

306 1685 375 1750 Ital.
395 1683 563 1766 diplomat,
577 1693 602 1748 t.
622 1689 668 1761 ll,
690 1705 722 1765 p.
743 1695 815 1750 sot.
830 1717 872 1733 -
884 1686 921 1748 F.
943 1686 1054 1759 Hsan,
1075 1680 1190 1746 collect.
1210 1700 1337 1744 monum
1356 1691 1598 1760 occurerent,

304 1800 329 1856 t.
345 1794 375 1865 1,
399 1795 432 1854 ln
454 1791 600 1854 Tbomuss'i
619 1795 710 1872 Capu.
731 1793 807 1854 Dici.
829 1787 973 1872 Epistol,
991 1808 1022 1870 p.
1043 1799 1189 1852 aet-ao&
1205 1823 1244 1835 -
1258 1790 1424 1852 Correctlus
1440 1799 1539 1853 autem
1555 1792 1601 1856 La

304 1901 406 1962 Poura
419 1917 462 1960 ou
475 1901 586 1975 Teura,
598 1900 712 1964 novoe
725 1907 753 1960 cl
766 1900 890 1960 extruite
903 1896 951 1958 des
964 1898 1034 1958 Mer.
1049 1895 1085 1957 dc
1098 1895 1128 1958 Ic
1141 1893 1218 1957 Bs'bL
1235 1897 1323 1975 lioy„
1336 1905 1360 1960 t.
1374 1899 1414 1972 11,
1429 1914 1458 1976 p.
1472 1907 1542 1972 158,
1558 1917 1597 1960 ex

303 2007 404 2067 codice
422 2007 568 2080 colbert,
588 2025 668 2068 nunc
687 2015 783 2081 5696,
798 2022 887 2084 quem
906 2007 995 2066 ctiam
1014 2004 1194 2066 contulimus
1212 2021 1281 2065 cum
1294 2005 1386 2066 altero
1400 2004 1518 2081 codice,
1540 2005 1598 2066 lbi·

304 2113 387 2190 dem,
401 2133 467 2176 acc.
476 2111 569 2196 sono
583 2113 672 2189 hein,
686 2127 720 2177 m
736 2124 833 2190 seor,
847 2113 901 2176 tol.
917 2123 935 2174 s
950 2123 994 2186 vr,
1010 2123 1028 2174 s
1043 2113 1096 2192 n.)

233 2312 423 2403 Honorius,
449 2321 532 2405 etc,
555 2313 728 2387 Frlderico
750 2313 981 2386 Romanorum
1005 2311 1220 2407 imperatori,
1244 2333 1380 2407 semper
1396 2323 1545 2407 augusto
1562 2327 1596 2390 et

182 2437 256 2529 regi
273 2437 402 2526 Sicilie,
421 2447 488 2511 eto.
509 2437 667 2511 Miranda
684 2438 753 2509 tuis
769 2437 928 2510 sensibus
946 2444 1061 2510 nostra
1078 2435 1174 2508 venit
1192 2437 1392 2531 epistolant
1413 2438 1592 2534 scripsisti,

183 2559 246 2632 sed
272 2561 461 2634 mirabilior
481 2571 541 2634 tua
565 2563 702 2634 nostris.
734 2564 824 2634 Saue
846 2563 876 2635 si
902 2571 1017 2635 nostre
1042 2561 1170 2657 pagine
1192 2561 1299 2634 verba
1319 2563 1413 2652 iusto
1434 2563 1595 2637 librasses

181 2683 362 2777 examine,
381 2685 411 2756 si
428 2685 573 2758 litteram
590 2685 637 2758 ad
656 2685 799 2758 rivalem
815 2707 968 2776 sonsum,
988 2685 1177 2782 postposito
1195 2687 1360 2780 conjuge,
1380 2707 1449 2758 non
1468 2688 1595 2760 traxis-

182 2827 257 2899 ses,
276 2807 471 2904 interpretis
496 2829 565 2882 non
591 2810 743 2905 suspecti
768 2809 902 2903 judicio
927 2809 1118 2883 invenisses
1144 2809 1273 2882 inillis
1300 2809 1396 2883 unde
1422 2812 1591 2907 spirituali

181 2931 270 3026 patri
287 2932 414 3006 teneris
428 2941 463 3006 et
479 2933 594 3006 matri.
607 2934 680 3006 Tuo
693 2931 836 3028 quidem
856 2943 955 3006 tenor
975 2933 1119 3028 epistole
1140 2933 1338 3006 continebat
1360 2935 1457 3028 quod
1480 2945 1595 3032 preter

181 3055 337 3128 omnium
364 3057 562 3152 opinionem
580 3065 616 3130 et
632 3057 775 3132 consilia
790 3057 1005 3153 principum,
1024 3068 1065 3130 ut
1083 3057 1151 3130 tuis
1171 3057 1289 3132 verbis
1309 3067 1461 3148 utamur,
1484 3069 1519 3133 le
1540 3061 1594 3132 in·

180 3180 381 3254 venerimus
400 3181 447 3255 ad
467 3191 584 3257 nostra
606 3182 822 3278 beneplacita
845 3191 1027 3279 paratum,
1051 3183 1100 3256 ita
1124 3191 1164 3255 ut
1177 3185 1294 3256 nullus
1309 3183 1591 3280 predecessorum

181 3311 319 3377 tuorum
331 3307 436 3379 nullis
451 3307 626 3380 retroactis
639 3307 852 3403 temporibus
868 3308 1040 3382 recolatur
1052 3307 1141 3382 adeo
1154 3308 1307 3382 Ecclesia
1322 3309 1429 3382 luisse
1443 3309 1592 3385 devotus

180 3437 220 3501 ut
240 3437 293 3500 tu.
318 3429 389 3504 Sed
414 3430 459 3505 de
481 3433 698 3529 principibus
718 3434 787 3506 tuis
814 3455 883 3508 non
906 3435 1006 3508 aliter
1026 3455 1073 3507 ex
1095 3433 1163 3507 hiis
1187 3433 1304 3508 verbis
1328 3434 1592 3511 informabimus

179 3553 334 3627 animum
349 3577 455 3650 quam
472 3557 661 3653 probabilis
676 3558 861 3634 credulitas
877 3558 1003 3633 habeat
1019 3558 1100 3632 lacti
1112 3559 1351 3654 experimento
1368 3560 1524 3656 probata.
1542 3563 1593 3636 lle

178 3679 309 3773 quibus
325 3679 519 3777 Apostolice
533 3682 634 3758 Sedis
654 3685 845 3759 constantia
866 3693 958 3757 recto
974 3683 1148 3779 opinionis
1161 3683 1332 3776 judicium
1353 3685 1491 3759 sinistre
1509 3707 1592 3782 sug·

177 3804 343 3898 gestionis
362 3805 528 3880 instancia
547 3829 617 3881 nou
636 3808 804 3900 mutabit,
821 3829 901 3882 cum
915 3809 1004 3881 lacta
1020 3807 1225 3904 proterenda
1243 3809 1312 3882 sint
1331 3809 1435 3882 dictis
1450 3817 1486 3884 el
1498 3820 1591 3886 certa

177 3928 397 4024 prejudicent
415 3930 583 4026 positivis.
606 3931 696 4006 llcce
715 3931 760 4006 de
780 3932 923 4006 archivo
945 3932 1091 4006 ecclesie
1110 3932 1251 4028 publica
1272 3933 1484 4008 monimenta
1509 3957 1589 4030 pvo-

179 4051 308 4146 daune,
327 4075 397 4148 que
416 4055 633 4149 singmorum
648 4078 738 4153 pene
752 4057 908 4130 omnium
930 4056 1127 4153 principum
1147 4057 1281 4132 munita
1302 4056 1425 4152 sigillis
1440 4058 1493 4154 (l)
1512 4059 1589 4154 opi·

176 4174 317 4250 aionem
344 4177 531 4274 repudiant
552 4201 658 4274 quam
685 4181 772 4254 lorte
800 4179 932 4254 videris
962 4181 1120 4276 ingerere
1146 4189 1264 4254 contra
1293 4181 1389 4274 illos,
1418 4203 1460 4255 eo
1492 4182 1588 4278 quod

176 4301 443 4376 verisimilitudo
463 4325 534 4377 non
558 4304 645 4378 tales
673 4313 709 4378 et
731 4313 846 4380 unua
867 4305 962 4378 viros
979 4306 1109 4402 patitur
1131 4306 1335 4380 excellentie
1363 4315 1423 4380 tue
1448 4305 1588 4381 dedisse

211 4601 250 4676 (1)
264 4603 442 4682 Alluditpapa
452 4607 546 4666 litteris
557 4608 710 4683 principum
718 4609 822 4686 imperii
831 4608 900 4668 datis
911 4608 1086 4668 Frankenlort
1093 4608 1121 4666 in
1130 4608 1261 4684 solempni
1270 4609 1355 4684 cuna,
1363 4613 1398 4671 23
1408 4612 1498 4688 aprilis
1508 4615 1591 4691 1210,

175 4713 246 4784 quas
259 4714 341 4773 supra
352 4703 386 4761 ad
400 4719 481 4762 suum
493 4704 581 4764 locum
595 4706 738 4766 edidimus.
