4272 5886
0 568 42 593 ³·
168 593 267 654 nate.
285 585 344 675 ra]
620 585 819 649 nrsronm
844 588 1138 654 nrrnonnrrcn.
1525 593 1586 654 ⁵⁰⁷

168 727 273 809 tibus
299 734 338 808 et
355 720 572 805 tenimentis
591 719 673 829 ejus
696 719 912 826 confirmat,
934 749 1053 834 quam
1080 728 1120 805 in
1138 723 1399 833 deportatione
1415 723 1584 833 corporis

170 859 333 969 Philippi
351 853 477 966 patrui
495 854 555 936 sui
567 853 800 963 jamdudum
817 856 960 939 eisdem
973 867 1221 942 concesserat.

254 1074 415 1156 (ineditum
427 1089 466 1154 ex
478 1068 562 1150 μὸν.
576 1067 784 1152 obductionem
801 1069 894 1150 eccla.
910 1073 1071 1152 apamea,
1085 1075 1100 1136 l
1107 1117 1117 1149 ,
1130 1083 1184 1148 9⁰,
1200 1073 1282 1138 MSS.
1300 1075 1408 1138 saecul.
1426 1075 1493 1149 XV,
1508 1081 1590 1138 etex

291 1183 359 1244 cod.
374 1182 448 1244 mln.
463 1181 557 1257 spru,
572 1179 625 1241 fol.
641 1188 679 1240 st
700 1180 736 1254 Β,
751 1182 782 1242 in
800 1181 880 1240 arch.
896 1181 1065 1256 llarlsruh.;
1080 1198 1156 1260 quos
1172 1182 1350 1244 contulimus
1371 1197 1440 1244 cum
1452 1181 1591 1262 ortglnall

293 1288 380 1378 nobis
394 1286 550 1348 liberaliter
561 1300 580 1345 a
591 1285 628 1346 D.
646 1284 789 1346 Kaualero
804 1288 1037 1361 communicato,
1052 1287 1133 1348 unde
1146 1286 1228 1348 bulla
1240 1303 1329 1348 aurea
1340 1287 1445 1350 auulsa
1457 1285 1537 1366 fult.)

222 1482 261 1553 ln
278 1479 419 1552 nomine
440 1485 558 1551 sancte
577 1485 612 1550 et
634 1475 818 1550 individue
835 1477 1023 1551 Trinitatis.
1042 1476 1165 1550 Amen.
1193 1475 1389 1549 Fridericus
1411 1476 1588 1552 secundus

175 1605 297 1680 divium
327 1606 467 1677 favente
495 1602 676 1675 clementia
702 1604 932 1677 Romanorum
958 1605 1162 1700 imperator,
1193 1623 1331 1697 semper
1359 1612 1529 1697 augustus
1557 1615 1592 1678 et

173 1751 238 1802 rex
263 1729 390 1801 Sicilie.
419 1727 484 1800 Pre
510 1713 633 1800 ceteris
658 1726 836 1800 benefieiis
863 1750 933 1822 que
958 1729 1081 1801 collata
1108 1727 1273 1800 decorant
1300 1735 1417 1800 nostre
1446 1729 1590 1823 gloriam

176 1854 373 1949 dignitatis,
395 1854 545 1926 illustres
569 1860 666 1925 actus
684 1863 820 1926 nostros
841 1853 966 1926 clarior
984 1855 1076 1928 lama
1100 1852 1242 1925 felicitat
1257 1873 1339 1923 cum
1361 1852 1408 1926 ad
1430 1855 1593 1929 eeclesias

175 1980 239 2052 Ilei
261 1987 375 2051 nostra
399 1979 457 2074 pie
474 1979 621 2050 retertur
636 1977 786 2051 intencio
811 1985 847 2050 ct
870 1978 1024 2073 ipsarum
1051 1976 1353 2050 commoditatibus
1378 1977 1538 2072 pmvidet
1558 1989 1593 2052 et

175 2103 381 2198 augmentis.
408 2101 498 2176 Hinc
517 2109 570 2174 est
591 2102 708 2196 itaque
725 2102 822 2196 quod
840 2102 936 2197 [per]
961 2123 1104 2198 presens
1130 2101 1352 2198 privilegium
1378 2111 1498 2175 notum
1518 2103 1592 2177 lieri

175 2231 339 2302 nolumus
362 2226 536 2300 universis
563 2225 725 2299 fidelibus
750 2227 887 2322 imperii
910 2235 980 2299 mm
1003 2227 1222 2323 presentibus
1243 2249 1350 2321 quam
1375 2227 1500 2300 suturis
1526 2251 1591 2302 ca-

176 2353 319 2426 nonicos
341 2351 481 2443 maioris
504 2350 676 2448 Spirensis
698 2351 841 2424 ecclesie
868 2350 989 2424 fideles
1013 2359 1147 2424 nostrus
1172 2349 1369 2424 celsitudini
1397 2361 1513 2426 nostre
1533 2364 1593 2427 et-

177 2479 304 2567 teutius
327 2477 540 2572 supplicasse
567 2475 731 2571 quatinus
753 2476 932 2550 ecclesiam
958 2475 995 2547 iu
1016 2475 1258 2570 Eczzeliugen,
1281 2473 1416 2548 dudum
1439 2475 1594 2571 predicte

176 2585 298 2695 majori
326 2603 469 2675 ecclesie
494 2601 530 2672 in
557 2600 793 2696 deportatione
822 2601 974 2698 corporis
1000 2600 1093 2694 regis
1121 2599 1271 2695 Philippi
1296 2601 1411 2698 patrui
1437 2601 1544 2675 nostri
1572 2625 1595 2678 a

177 2729 355 2820 majestate
385 2734 502 2798 nostra
532 2726 709 2817 collatam,
736 2726 769 2799 ei
792 2723 981 2799 concedere
1008 2747 1050 2798 ac
1073 2723 1295 2821 perhenniter
1320 2724 1525 2800 confirmare
1548 2726 1595 2800 dc

176 2861 293 2924 nostra
311 2851 421 2946 gratia
445 2849 681 2944 dignaremur,
706 2858 809 2947 prout
836 2849 883 2924 ad
900 2859 1052 2924 nostram
1080 2849 1285 2945 dignitatem
1309 2869 1357 2922 ex
1378 2849 1457 2942 jure
1477 2861 1594 2948 patro-

177 2985 280 3048 natus
295 2975 449 3048 noscitur
465 2973 649 3070 pertinere.
671 2975 740 3047 Nos
755 2974 860 3069 igitur
875 2973 1093 3048 attendentes
1110 2974 1231 3048 sedula
1253 2996 1294 3047 ac
1310 2974 1437 3048 devota
1453 2978 1595 3052 servitia

179 3122 249 3194 que
268 3100 304 3172 in
322 3099 444 3173 eadem
462 3098 584 3190 majori
605 3098 759 3194 Spirensi
777 3099 921 3172 ecelesia
936 3107 1132 3195 prestantur
1152 3100 1282 3195 jugiter
1304 3100 1350 3172 ab
1373 3101 1504 3175 eisdem
1532 3125 1595 3176 ca-

179 3225 313 3298 nonicis
332 3225 377 3299 ad
401 3222 601 3296 continuam
630 3223 769 3296 laudem
787 3223 931 3317 Christi,
951 3224 1209 3298 considerantes
1232 3225 1375 3320 insuper
1392 3226 1488 3320 quod
1510 3249 1595 3324 pre-

179 3349 379 3423 decessores
412 3345 520 3421 nostri
552 3346 636 3422 dive
659 3348 906 3422 recordationis
935 3349 1074 3444 augusti
1105 3371 1168 3444 pm
1190 3349 1382 3422 devocione
1412 3351 1594 3444 quemad

178 3473 337 3547 eamdem
361 3472 541 3548 ecclesiam
574 3471 773 3546 habuerunt
801 3473 856 3544 in..
870 3495 912 3546 ea
937 3473 1123 3570 specialem
1148 3475 1327 3568 elegerunt
1357 3474 1592 3570 sepulturam,

179 3618 243 3693 pro
261 3597 414 3670 remedio
439 3585 632 3671 animarum
651 3595 852 3671 eorumdem
872 3609 1101 3691 augustorum
1129 3597 1261 3672 ibidem
1284 3595 1536 3672 dormieucium
1560 3610 1595 3674 et

179 3731 360 3816 pareutum
379 3730 573 3795 uostmrum
599 3723 731 3812 salute,
757 3743 820 3817 pro
848 3722 1083 3794 incolumitate
1099 3743 1240 3817 quoque
1260 3730 1377 3796 nostra
1395 3733 1430 3796 et
1455 3723 1596 3800 heredis

179 3847 305 3938 nostri,
325 3845 594 3942 supplicationes
616 3845 818 3919 eorumdem
840 3845 1085 3919 canonicorum
1100 3846 1240 3940 majoris
1256 3847 1427 3942 Spirensis
1450 3852 1594 3926 ecclesie

178 3969 297 4066 pietati
311 3980 345 4044 et
357 3971 497 4064 justicie
512 3971 708 4044 inherentes
723 3971 907 4044 clementer
922 3970 1139 4066 admisimus,
1156 3980 1191 4045 et
1206 3971 1398 4067 predictam
1415 3975 1594 4048 ecclesiam

180 4095 217 4167 iu
241 4095 445 4190 Ezzelingeu
464 4094 629 4190 jamdicta
652 4095 773 4188 majori
794 4094 947 4190 Spirensi
971 4096 1116 4168 ecclesie
1138 4117 1218 4168 cum
1243 4097 1406 4170 omnihus
1423 4100 1591 4195 justiciis,

180 4220 407 4315 proventibus
425 4228 459 4293 et
482 4221 679 4294 tenimentis
702 4221 775 4292 suis
797 4242 844 4293 ex
856 4222 936 4314 jure
960 4229 1160 4317 patmnatus
1178 4222 1274 4316 quod
1296 4221 1343 4295 ad
1370 4243 1434 4296 nos
1459 4231 1593 4320 spectat

180 4345 338 4446 incude
357 4346 474 4419 innata
494 4346 760 4419 mansuetudine
778 4355 893 4420 nostra
911 4346 1169 4421 concedendam
1188 4347 1355 4421 duximus
1374 4356 1410 4422 et
1426 4360 1592 4445 perpetuo

181 4455 450 4550 confirmandam
473 4469 547 4569 <t);
573 4473 775 4547 auctoritate
793 4472 961 4570 presentis
980 4472 1153 4569 privilegii
1175 4471 1317 4546 firmiter
1334 4472 1529 4548 inhibentes
1553 4484 1593 4548 ut

217 4719 254 4793 (t)
272 4721 341 4779 llum
354 4723 521 4784 concessioni
542 4725 635 4785 alludit
647 4725 770 4786 Chmuic.
785 4725 905 4803 episcop.
920 4727 1040 4802 Spirens.
1055 4744 1099 4802 ap.
1110 4728 1317 4801 Wuunrwsm,
1329 4727 1401 4788 Noc.
1414 4729 1517 4804 scheid,
1532 4739 1553 4791 t.
1569 4735 1590 4808 l,
