4296 5898
328 1169 443 1216 laterent,

319 1225 345 1265 ut
355 1225 452 1274 augum.

1003 581 1218 646 llllllllllllcl
1244 583 1418 647 secudu!
1731 585 1811 664 [An.
1830 585 1916 650 1221.

727 867 799 880 Ι-ι-ηιι
805 871 935 882 ..-ι-...ο-
942 873 952 882 t
965 873 990 882 -ο
1002 873 1019 882 ιιι
1026 875 1691 888 *utun-*mm

554 1141 745 1227 Honorius
776 1170 876 1253 papa
906 1144 1095 1229 Friderico
1126 1145 1387 1231 Romanorum
1418 1147 1638 1258 imperatori
1670 1147 1839 1232 scribens
1869 1149 1916 1232 de

503 1277 654 1390 negotio
664 1277 800 1362 Terrae
809 1278 968 1362 Sanctae
977 1279 1223 1390 conqueritur
1235 1282 1340 1392 quod
1352 1281 1434 1391 ipse
1447 1281 1699 1366 christianum
1711 1282 1913 1366 exercitum

502 1411 679 1521 pollicitis
707 1411 900 1521 fefellerit,
930 1439 1141 1526 gravesque
1168 1416 1388 1524 superaddit
1417 1416 1543 1500 minas
1583 1417 1687 1528 quod
1724 1416 1774 1499 ad
1809 1415 1913 1498 elec-

501 1545 622 1629 tiones
635 1545 879 1630 ecclesiarum
892 1545 933 1628 iu
951 1573 1070 1658 regno
1088 1546 1170 1658 ejus
1183 1548 1400 1632 vacantium
1418 1574 1557 1632 manus
1575 1549 1803 1654 asmodeum
1826 1548 1913 1656 pri-

500 1679 681 1792 vilegium
699 1680 989 1764 renuntiationis
1006 1681 1113 1792 quod
1129 1681 1248 1765 edidit
1265 1691 1466 1790 memorat,
1487 1693 1692 1794 monetque
1709 1691 1754 1765 ut
1770 1708 1795 1764 a
1811 1690 1915 1766 tauta

501 1815 709 1898 temeritate
727 1814 897 1898 desistat.

581 2029 674 2112 ludit.
691 2033 798 2110 partlm
811 2033 986 2112 linuntur„
998 2029 1109 2094 dunel.
1126 2027 1312 2109 aetenum.
1324 2031 1474 2108 Ladona.
1493 2030 1912 2114 1221‚8Xltx11,altegest

621 2141 744 2214 Honor„
754 2139 804 2201 llb.
815 2139 870 2213 vl,
881 2141 964 2218 eplst.
977 2137 1019 2220 t.)

551 2327 733 2414 Honorius,
753 2335 836 2419 etc,
854 2327 1048 2419 Fruderico,
1065 2335 1121 2400 etc
1124 2379 1531 2400 ...........
1552 2325 1650 2400 Certe
1668 2323 1830 2422 pollicitis
1850 2323 1917 2396 tuis

502 2452 654 2548 graviter
666 2451 791 2526 diceris
805 2452 1029 2526 christianum
1041 2451 1234 2526 exercitum
1246 2451 1422 2544 resedisse,
1441 2451 1489 2526 ita
1501 2451 1598 2546 quod
1612 2450 1679 2524 sub
1692 2449 1743 2523 tui
1755 2459 1916 2546 expecta·

504 2579 595 2654 tione
609 2599 754 2652 securus
765 2577 801 2650 iu
823 2599 950 2672 magno
963 2585 1015 2650 est
1035 2576 1142 2651 hodie
1155 2576 1356 2651 discrimine
1370 2576 1576 2649 constitutus
1580 2627 1914 2648 .........

506 2754 883 2778 ..........
910 2702 954 2774 Et
981 2701 1141 2798 quidest
1167 2701 1264 2798 quod
1284 2701 1494 2796 jamdudum
1520 2700 1724 2776 audiuimus
1749 2708 1785 2772 et
1807 2719 1918 2794 nuper

504 2828 608 2902 etiam
635 2827 781 2924 perculit
804 2847 907 2900 aures
928 2835 1062 2900 nostres
1086 2825 1184 2921 quod
1205 2825 1253 2901 ed
1275 2825 1458 2900 electiones
1481 2824 1720 2930 episcoporum
1754 2822 1917 2896 videlicet

505 2974 629 3026 manus
648 2948 836 3040 extendas,
861 2949 1020 3025 electioni
1040 2949 1216 3025 Aramaua
1238 2951 1417 3048 presertim
1439 2949 1585 3024 ecclesie
1601 2958 1636 3024 et
1656 2949 1916 3046 episcopatuum

506 3078 542 3150 in
559 3076 738 3174 provincia
758 3075 971 3150 Salamitauu
992 3076 1192 3148 vacantium
1216 3084 1250 3150 te
1266 3075 1487 3150 immiscens?
1507 3075 1562 3146 An
1585 3075 1672 3150 torte
1691 3072 1848 3170 suspires
1872 3072 1918 3146 ud

505 3201 761 3298 progenitorum
782 3209 920 3273 tucrum
937 3200 1086 3275 mosum
1103 3222 1208 3296 quem
1225 3200 1391 3274 Dumium
1406 3201 1534 3274 uelotcs
1556 3199 1761 3274 abominans
1781 3198 1831 3272 itu
1852 3196 1918 3270 illis

506 3349 570 3400 sue
589 3323 806 3422 providentia
825 3323 982 3397 obviavit
1000 3334 1041 3398 ut
1059 3331 1173 3421 preter
1189 3332 1224 3398 te
1246 3323 1310 3397 vix
1336 3323 1381 3398 de
1399 3324 1554 3422 ipsomm
1571 3322 1737 3420 progenie
1756 3322 1839 3417 quis
1860 3343 1918 3394 su-

506 3451 632 3548 parsit?
656 3451 724 3524 Sed
751 3460 786 3524 et
804 3449 926 3523 recolis
947 3458 980 3523 te
1005 3448 1184 3545 abjurasse
1208 3448 1358 3523 ebusum
1384 3449 1545 3524 eumdem
1572 3457 1607 3522 et
1637 3449 1728 3522 bone
1756 3445 1919 3521 memorie

505 3576 702 3648 Innocentio
720 3596 809 3672 pape
828 3571 1061 3671 predecessori
1081 3581 1198 3647 nostro
1215 3582 1250 3647 et
1271 3573 1490 3672 postmodum
1508 3573 1610 3648 nobis
1629 3570 1916 3647 renuntiationem

503 3699 704 3796 hujusmodi
715 3699 898 3797 privilegio
908 3697 1330 3794 confirmasseNumquid
1342 3719 1438 3792 ergo,
1450 3700 1574 3796 spretis
1585 3697 1779 3795 privilegiis
1787 3705 1823 3770 et
1831 3717 1916 3792 pru-

504 3825 727 3899 missionibus
738 3824 808 3898 tuis
823 3811 1057 3918 et'jurameuti
1074 3823 1241 3918 religione
1255 3832 1469 3920 resumpta,
1484 3823 1641 3920 gladium
1656 3823 1693 3895 in
1709 3843 1773 3896 uos
1786 3820 1916 3896 ecues?

506 3950 600 4042 [Alie
615 3949 737 4044 adjicit
749 3949 873 4024 eodem
886 3948 1091 4045 pertinentia
1103 3956 1174 4022 utu
1188 3947 1318 4044 coeptis
1333 3947 1489 4022 animm
1502 3949 1579 4041 ejus
1594 3956 1746 4040 evertat3
1764 3947 1918 4020 hortatur

505 4099 550 4150 ue
566 4075 732 4172 improbis
750 4074 950 4148 homiuibus
973 4073 1092 4147 faciles
1112 4093 1213 4147 auree
1239 4071 1318 4161 det,
1339 4073 1467 4147 lumem
1491 4073 1707 4168 gloriamque
1729 4093 1831 4146 suem
1859 4069 1920 4143 in-

504 4203 645 4298 quinet;
659 4223 779 4274 secum
794 4200 870 4296 ipse
883 4199 1001 4272 volvet
1014 4220 1122 4293 quam
1142 4219 1322 4295 prospere,
1337 4220 1444 4293 quem
1457 4198 1604 4273 feliciter
1621 4206 1747 4272 cuncte
1764 4197 1797 4270 ei
1815 4217 1920 4270 vene·

506 4327 575 4399 rint
602 4325 688 4399 dum
715 4322 1048 4421 apostolicaesedis
1073 4323 1294 4419 amplexibus
1316 4323 1483 4416 haeserit3
1513 4345 1577 4419 pro
1602 4331 1696 4396 carto
1728 4341 1815 4396 vero
1839 4319 1924 4393 sciat

506 4449 637 4522 irritato
655 4449 749 4521 illius
764 4449 800 4520 in
818 4469 856 4521 se
869 4446 952 4521 odio
967 4447 1084 4520 omnia
1104 4447 1171 4520 sibi
1188 4448 1312 4521 acerbe
1331 4455 1437 4543 utque
1458 4469 1582 4543 aspera
1598 4456 1783 4538 eventuru3
1803 4465 1920 4518 eorum

506 4572 568 4670 qui
581 4571 731 4668 superbe
747 4593 786 4646 se
800 4571 836 4643 in
856 4571 950 4645 illam
969 4571 1170 4645 extulerunt
1190 4571 1345 4646 iulelices
1358 4571 1477 4645 exitus
1490 4581 1596 4668 utque
1613 4571 1777 4668 exempla
1795 4569 1920 4644 imitari

509 4698 760 4794 perhorrescam
790 4694 1028 4791 providentiae
1053 4717 1096 4767 uc
1124 4696 1346 4771 sollicitudini
1380 4718 1466 4772 suae
1494 4696 1713 4793 potissimum
1739 4704 1919 4792 acceptum
