<?xml version="1.0" encoding="UTF-8"?>
<!DOCTYPE html PUBLIC "-//W3C//DTD XHTML 1.0 Transitional//EN"
    "http://www.w3.org/TR/xhtml1/DTD/xhtml1-transitional.dtd">
<html xmlns="http://www.w3.org/1999/xhtml" xml:lang="en" lang="en">
 <head>
  <title>
</title>
<meta http-equiv="Content-Type" content="text/html;charset=utf-8" />
  <meta name='ocr-system' content='tesseract 3.04.00' />
  <meta name='ocr-capabilities' content='ocr_page ocr_carea ocr_par ocr_line ocrx_word'/>
</head>
<body>
  <div class='ocr_page' id='page_1' title='image "./historiadiploma08fredgoog_0018.png"; bbox 0 0 4436 5870; ppageno 0'>
   <div class='ocr_carea' id='block_1_1' title="bbox 487 484 1905 568">
    <p class='ocr_par' dir='ltr' id='par_1_1' title="bbox 487 484 1905 568">
     <span class='ocr_line' id='line_1_1' title="bbox 487 484 1905 568; baseline 0.01 -29"><span class='ocrx_word' id='word_1_1' title='bbox 487 491 507 552; x_wconf 81' lang='grc'><strong>6</strong></span> <span class='ocrx_word' id='word_1_2' title='bbox 990 484 1206 546; x_wconf 74' lang='lat' dir='ltr'><strong>rntbnnlct</strong></span> <span class='ocrx_word' id='word_1_3' title='bbox 1233 485 1408 549; x_wconf 74' lang='lat' dir='ltr'><strong>saccant</strong></span> <span class='ocrx_word' id='word_1_4' title='bbox 1721 489 1801 568; x_wconf 74' lang='lat' dir='ltr'><strong>[hart.</strong></span> <span class='ocrx_word' id='word_1_5' title='bbox 1820 489 1905 552; x_wconf 69' lang='lat' dir='ltr'><strong>tabo.</strong></span> 
     </span>
    </p>
   </div>
   <div class='ocr_carea' id='block_1_2' title="bbox 488 620 1908 1346">
    <p class='ocr_par' dir='ltr' id='par_1_2' title="bbox 489 620 1902 722">
     <span class='ocr_line' id='line_1_2' title="bbox 489 620 1902 722; baseline 0.004 -28"><span class='ocrx_word' id='word_1_6' title='bbox 489 625 645 711; x_wconf 75' lang='lat' dir='ltr'>tabellio,</span> <span class='ocrx_word' id='word_1_7' title='bbox 675 623 903 695; x_wconf 89' lang='lat' dir='ltr'><strong>instrumenta</strong></span> <span class='ocrx_word' id='word_1_8' title='bbox 927 620 1081 694; x_wconf 82' lang='lat' dir='ltr'><strong>coniecta</strong></span> <span class='ocrx_word' id='word_1_9' title='bbox 1103 643 1165 718; x_wconf 91' lang='lat' dir='ltr'><strong>per</strong></span> <span class='ocrx_word' id='word_1_10' title='bbox 1192 622 1288 696; x_wconf 92' lang='lat' dir='ltr'><strong>illum</strong></span> <span class='ocrx_word' id='word_1_11' title='bbox 1313 624 1444 698; x_wconf 90' lang='lat' dir='ltr'><strong>nullius</strong></span> <span class='ocrx_word' id='word_1_12' title='bbox 1470 625 1609 722; x_wconf 87' lang='lat' dir='ltr'><strong>penitus</strong></span> <span class='ocrx_word' id='word_1_13' title='bbox 1633 625 1701 698; x_wconf 91' lang='lat' dir='ltr'><strong>sint</strong></span> <span class='ocrx_word' id='word_1_14' title='bbox 1725 627 1902 700; x_wconf 91' lang='lat' dir='ltr'><strong>momenti.</strong></span> 
     </span>
    </p>

    <p class='ocr_par' dir='ltr' id='par_1_3' title="bbox 488 745 1908 1346">
     <span class='ocr_line' id='line_1_3' title="bbox 538 745 1908 846; baseline 0.001 -24"><span class='ocrx_word' id='word_1_15' title='bbox 538 745 574 822; x_wconf 81' lang='lat'><strong>7.</strong></span> <span class='ocrx_word' id='word_1_16' title='bbox 603 747 749 842; x_wconf 86' lang='lat' dir='ltr'><strong>Navigia</strong></span> <span class='ocrx_word' id='word_1_17' title='bbox 775 767 997 841; x_wconf 90' lang='lat' dir='ltr'><strong>quocumque</strong></span> <span class='ocrx_word' id='word_1_18' title='bbox 1019 747 1171 820; x_wconf 88' lang='lat' dir='ltr'><strong>locorum</strong></span> <span class='ocrx_word' id='word_1_19' title='bbox 1198 749 1403 843; x_wconf 88' lang='lat' dir='ltr'><strong>perveniant</strong></span> <span class='ocrx_word' id='word_1_20' title='bbox 1424 749 1454 822; x_wconf 90' lang='lat' dir='ltr'><strong>si</strong></span> <span class='ocrx_word' id='word_1_21' title='bbox 1481 771 1552 846; x_wconf 91' lang='lat' dir='ltr'><strong>qno</strong></span> <span class='ocrx_word' id='word_1_22' title='bbox 1578 771 1662 824; x_wconf 82' lang='lat' dir='ltr'><strong>casn</strong></span> <span class='ocrx_word' id='word_1_23' title='bbox 1688 750 1908 846; x_wconf 76' lang='lat' dir='ltr'><strong>contingente</strong></span> 
     </span>
     <span class='ocr_line' id='line_1_4' title="bbox 488 871 1906 970; baseline 0.002 -23"><span class='ocrx_word' id='word_1_24' title='bbox 488 884 589 970; x_wconf 88' lang='lat' dir='ltr'><strong>rupta</strong></span> <span class='ocrx_word' id='word_1_25' title='bbox 609 873 736 946; x_wconf 87' lang='lat' dir='ltr'><strong>luerint</strong></span> <span class='ocrx_word' id='word_1_26' title='bbox 753 873 811 946; x_wconf 90' lang='lat' dir='ltr'><strong>vel</strong></span> <span class='ocrx_word' id='word_1_27' title='bbox 831 871 917 945; x_wconf 91' lang='lat' dir='ltr'><strong>alias</strong></span> <span class='ocrx_word' id='word_1_28' title='bbox 936 872 982 946; x_wconf 88' lang='lat' dir='ltr'><strong>ad</strong></span> <span class='ocrx_word' id='word_1_29' title='bbox 1004 881 1129 945; x_wconf 88' lang='lat' dir='ltr'><strong>terram</strong></span> <span class='ocrx_word' id='word_1_30' title='bbox 1145 873 1360 968; x_wconf 88' lang='lat' dir='ltr'><strong>perveniant,</strong></span> <span class='ocrx_word' id='word_1_31' title='bbox 1379 885 1448 948; x_wconf 74' lang='lat' dir='ltr'><strong>mm</strong></span> <span class='ocrx_word' id='word_1_32' title='bbox 1468 875 1610 970; x_wconf 83' lang='lat' dir='ltr'><strong>navigia</strong></span> <span class='ocrx_word' id='word_1_33' title='bbox 1626 875 1701 970; x_wconf 92' lang='lat' dir='ltr'><strong>ipsa</strong></span> <span class='ocrx_word' id='word_1_34' title='bbox 1716 877 1822 970; x_wconf 82' lang='lat' dir='ltr'><strong>quam</strong></span> <span class='ocrx_word' id='word_1_35' title='bbox 1843 899 1906 950; x_wconf 83' lang='lat' dir='ltr'><strong>na·</strong></span> 
     </span>
     <span class='ocr_line' id='line_1_5' title="bbox 490 997 1903 1096; baseline 0.001 -25"><span class='ocrx_word' id='word_1_36' title='bbox 490 999 685 1091; x_wconf 86' lang='lat' dir='ltr'><strong>vigentium</strong></span> <span class='ocrx_word' id='word_1_37' title='bbox 709 997 800 1070; x_wconf 92' lang='lat' dir='ltr'><strong>bona</strong></span> <span class='ocrx_word' id='word_1_38' title='bbox 825 997 892 1070; x_wconf 90' lang='lat' dir='ltr'><strong>illis</strong></span> <span class='ocrx_word' id='word_1_39' title='bbox 918 997 1050 1088; x_wconf 77' lang='lat' dir='ltr'><strong>integre</strong></span> <span class='ocrx_word' id='word_1_40' title='bbox 1073 1007 1292 1072; x_wconf 80' lang='lat' dir='ltr'><strong>reserventur</strong></span> <span class='ocrx_word' id='word_1_41' title='bbox 1313 1001 1359 1074; x_wconf 91' lang='lat' dir='ltr'><strong>ad</strong></span> <span class='ocrx_word' id='word_1_42' title='bbox 1381 1023 1470 1096; x_wconf 88' lang='lat' dir='ltr'><strong>qnos</strong></span> <span class='ocrx_word' id='word_1_43' title='bbox 1493 1001 1692 1096; x_wconf 75' lang='lat' dir='ltr'><strong>spectabant</strong></span> <span class='ocrx_word' id='word_1_44' title='bbox 1718 1010 1903 1096; x_wconf 83' lang='lat' dir='ltr'><strong>antequam</strong></span> 
     </span>
     <span class='ocr_line' id='line_1_6' title="bbox 488 1107 1904 1222; baseline 0 -26"><span class='ocrx_word' id='word_1_45' title='bbox 488 1123 669 1219; x_wconf 87' lang='lat' dir='ltr'><strong>navigium</strong></span> <span class='ocrx_word' id='word_1_46' title='bbox 694 1122 895 1215; x_wconf 89' lang='lat' dir='ltr'><strong>hujusmodi</strong></span> <span class='ocrx_word' id='word_1_47' title='bbox 920 1123 1114 1219; x_wconf 91' lang='lat' dir='ltr'><strong>pericnlum</strong></span> <span class='ocrx_word' id='word_1_48' title='bbox 1139 1124 1356 1216; x_wconf 79' lang='lat' dir='ltr'><strong>incurrisset,</strong></span> <span class='ocrx_word' id='word_1_49' title='bbox 1383 1125 1515 1200; x_wconf 78' lang='lat' dir='ltr'><strong>subiate</strong></span> <span class='ocrx_word' id='word_1_50' title='bbox 1538 1125 1676 1222; x_wconf 89' lang='lat' dir='ltr'><strong>penitus</strong></span> <span class='ocrx_word' id='word_1_51' title='bbox 1700 1107 1795 1199; x_wconf 91' lang='lat' dir='ltr'><strong>omni</strong></span> <span class='ocrx_word' id='word_1_52' title='bbox 1823 1147 1904 1200; x_wconf 91' lang='lat' dir='ltr'><strong>con·</strong></span> 
     </span>
     <span class='ocr_line' id='line_1_7' title="bbox 489 1247 1903 1346; baseline 0.003 -26"><span class='ocrx_word' id='word_1_53' title='bbox 489 1249 673 1322; x_wconf 87' lang='lat' dir='ltr'><strong>suetudine</strong></span> <span class='ocrx_word' id='word_1_54' title='bbox 695 1249 849 1320; x_wconf 90' lang='lat' dir='ltr'><strong>locorum</strong></span> <span class='ocrx_word' id='word_1_55' title='bbox 873 1270 944 1342; x_wconf 89' lang='lat' dir='ltr'><strong>qne</strong></span> <span class='ocrx_word' id='word_1_56' title='bbox 969 1247 1052 1320; x_wconf 89' lang='lat' dir='ltr'><strong>huic</strong></span> <span class='ocrx_word' id='word_1_57' title='bbox 1077 1248 1284 1322; x_wconf 88' lang='lat' dir='ltr'><strong>adversatur</strong></span> <span class='ocrx_word' id='word_1_58' title='bbox 1304 1249 1491 1342; x_wconf 88' lang='lat' dir='ltr'><strong>sanctioni;</strong></span> <span class='ocrx_word' id='word_1_59' title='bbox 1508 1251 1574 1324; x_wconf 89' lang='lat' dir='ltr'><strong>nisi</strong></span> <span class='ocrx_word' id='word_1_60' title='bbox 1587 1251 1668 1324; x_wconf 85' lang='lat' dir='ltr'><strong>talia</strong></span> <span class='ocrx_word' id='word_1_61' title='bbox 1683 1251 1751 1323; x_wconf 91' lang='lat' dir='ltr'><strong>sint</strong></span> <span class='ocrx_word' id='word_1_62' title='bbox 1766 1250 1903 1346; x_wconf 88' lang='lat' dir='ltr'><strong>navigia</strong></span> 
     </span>
    </p>
   </div>
   <div class='ocr_carea' id='block_1_3' title="bbox 486 1495 1906 4078">
    <p class='ocr_par' dir='ltr' id='par_1_4' title="bbox 489 1495 1905 1840">
     <span class='ocr_line' id='line_1_8' title="bbox 489 1495 1905 1596; baseline 0.001 -25"><span class='ocrx_word' id='word_1_63' title='bbox 489 1502 769 1593; x_wconf 86' lang='lat' dir='ltr'><strong>Transgresscres</strong></span> <span class='ocrx_word' id='word_1_64' title='bbox 794 1508 909 1569; x_wconf 91' lang='lat' dir='ltr'><strong>autem</strong></span> <span class='ocrx_word' id='word_1_65' title='bbox 935 1495 1040 1589; x_wconf 90' lang='lat' dir='ltr'><strong>hujus</strong></span> <span class='ocrx_word' id='word_1_66' title='bbox 1067 1506 1182 1570; x_wconf 90' lang='lat' dir='ltr'><strong>nostre</strong></span> <span class='ocrx_word' id='word_1_67' title='bbox 1203 1499 1455 1572; x_wconf 86' lang='lat' dir='ltr'><strong>constitutionis</strong></span> <span class='ocrx_word' id='word_1_68' title='bbox 1478 1501 1647 1573; x_wconf 91' lang='lat' dir='ltr'><strong>bonorum</strong></span> <span class='ocrx_word' id='word_1_69' title='bbox 1672 1499 1905 1596; x_wconf 72' lang='lat' dir='ltr'><strong>publicatione</strong></span> 
     </span>
     <span class='ocr_line' id='line_1_9' title="bbox 492 1620 1904 1716; baseline 0.001 -23"><span class='ocrx_word' id='word_1_70' title='bbox 492 1622 692 1712; x_wconf 87' lang='lat' dir='ltr'><strong>multentur,</strong></span> <span class='ocrx_word' id='word_1_71' title='bbox 714 1629 749 1692; x_wconf 91' lang='lat' dir='ltr'><strong>et</strong></span> <span class='ocrx_word' id='word_1_72' title='bbox 772 1620 803 1691; x_wconf 92' lang='lat' dir='ltr'><strong>si</strong></span> <span class='ocrx_word' id='word_1_73' title='bbox 827 1642 883 1692; x_wconf 90' lang='lat' dir='ltr'><strong>res</strong></span> <span class='ocrx_word' id='word_1_74' title='bbox 907 1620 1086 1712; x_wconf 80' lang='lat' dir='ltr'><strong>exegerit,</strong></span> <span class='ocrx_word' id='word_1_75' title='bbox 1106 1641 1225 1694; x_wconf 90' lang='lat' dir='ltr'><strong>eorum</strong></span> <span class='ocrx_word' id='word_1_76' title='bbox 1244 1621 1390 1695; x_wconf 85' lang='lat' dir='ltr'><strong>audacia</strong></span> <span class='ocrx_word' id='word_1_77' title='bbox 1405 1625 1508 1716; x_wconf 84' lang='lat' dir='ltr'><strong>juxta</strong></span> <span class='ocrx_word' id='word_1_78' title='bbox 1530 1623 1732 1697; x_wconf 91' lang='lat' dir='ltr'><strong>mandatum</strong></span> <span class='ocrx_word' id='word_1_79' title='bbox 1750 1632 1904 1697; x_wconf 89' lang='lat' dir='ltr'><strong>nostrum</strong></span> 
     </span>
     <span class='ocr_line' id='line_1_10' title="bbox 493 1745 961 1840; baseline -0.006 -22"><span class='ocrx_word' id='word_1_80' title='bbox 493 1745 605 1818; x_wconf 89' lang='lat' dir='ltr'><strong>modis</strong></span> <span class='ocrx_word' id='word_1_81' title='bbox 622 1747 697 1818; x_wconf 89' lang='lat' dir='ltr'><strong>aliis</strong></span> <span class='ocrx_word' id='word_1_82' title='bbox 712 1751 961 1840; x_wconf 87' lang='lat' dir='ltr'><strong>compescatur.</strong></span> 
     </span>
    </p>

    <p class='ocr_par' dir='ltr' id='par_1_5' title="bbox 487 1867 1906 3211">
     <span class='ocr_line' id='line_1_11' title="bbox 542 1867 1906 1966; baseline 0.002 -25"><span class='ocrx_word' id='word_1_83' title='bbox 542 1873 576 1941; x_wconf 88' lang='lat'><strong>8.</strong></span> <span class='ocrx_word' id='word_1_84' title='bbox 605 1869 733 1941; x_wconf 87' lang='lat' dir='ltr'><strong>Omnes</strong></span> <span class='ocrx_word' id='word_1_85' title='bbox 751 1889 834 1940; x_wconf 84' lang='lat' dir='ltr'><strong>vero</strong></span> <span class='ocrx_word' id='word_1_86' title='bbox 845 1867 1017 1964; x_wconf 89' lang='lat' dir='ltr'><strong>peregrini</strong></span> <span class='ocrx_word' id='word_1_87' title='bbox 1030 1877 1064 1942; x_wconf 91' lang='lat' dir='ltr'><strong>et</strong></span> <span class='ocrx_word' id='word_1_88' title='bbox 1079 1870 1216 1943; x_wconf 79' lang='lat' dir='ltr'><strong>advene</strong></span> <span class='ocrx_word' id='word_1_89' title='bbox 1234 1869 1342 1942; x_wconf 87' lang='lat' dir='ltr'><strong>libere</strong></span> <span class='ocrx_word' id='word_1_90' title='bbox 1361 1869 1578 1966; x_wconf 87' lang='lat' dir='ltr'><strong>hospitentur</strong></span> <span class='ocrx_word' id='word_1_91' title='bbox 1593 1869 1655 1942; x_wconf 90' lang='lat' dir='ltr'><strong>ubi</strong></span> <span class='ocrx_word' id='word_1_92' title='bbox 1669 1870 1855 1960; x_wconf 85' lang='lat' dir='ltr'><strong>voluerint,</strong></span> <span class='ocrx_word' id='word_1_93' title='bbox 1870 1881 1906 1944; x_wconf 90' lang='lat' dir='ltr'><strong>et</strong></span> 
     </span>
     <span class='ocr_line' id='line_1_12' title="bbox 492 1992 1902 2091; baseline 0 -23"><span class='ocrx_word' id='word_1_94' title='bbox 492 1995 652 2091; x_wconf 89' lang='lat' dir='ltr'><strong>hospitati</strong></span> <span class='ocrx_word' id='word_1_95' title='bbox 672 1993 702 2066; x_wconf 92' lang='lat' dir='ltr'><strong>si</strong></span> <span class='ocrx_word' id='word_1_96' title='bbox 723 1992 839 2065; x_wconf 87' lang='lat' dir='ltr'><strong>testari</strong></span> <span class='ocrx_word' id='word_1_97' title='bbox 857 1993 1031 2066; x_wconf 88' lang='lat' dir='ltr'><strong>voluerint</strong></span> <span class='ocrx_word' id='word_1_98' title='bbox 1050 1994 1096 2068; x_wconf 91' lang='lat' dir='ltr'><strong>de</strong></span> <span class='ocrx_word' id='word_1_99' title='bbox 1114 1995 1218 2067; x_wconf 90' lang='lat' dir='ltr'><strong>rebus</strong></span> <span class='ocrx_word' id='word_1_100' title='bbox 1235 1993 1309 2066; x_wconf 90' lang='lat' dir='ltr'><strong>suis</strong></span> <span class='ocrx_word' id='word_1_101' title='bbox 1326 1994 1511 2070; x_wconf 89' lang='lat' dir='ltr'><strong>ordinandi</strong></span> <span class='ocrx_word' id='word_1_102' title='bbox 1525 1995 1669 2068; x_wconf 91' lang='lat' dir='ltr'><strong>liberam</strong></span> <span class='ocrx_word' id='word_1_103' title='bbox 1686 1994 1837 2069; x_wconf 90' lang='lat' dir='ltr'><strong>habeant</strong></span> <span class='ocrx_word' id='word_1_104' title='bbox 1852 1995 1902 2068; x_wconf 88' lang='lat' dir='ltr'><strong>ia·</strong></span> 
     </span>
     <span class='ocr_line' id='line_1_13' title="bbox 493 2117 1902 2213; baseline 0.001 -21"><span class='ocrx_word' id='word_1_105' title='bbox 493 2121 667 2210; x_wconf 87' lang='lat' dir='ltr'><strong>cultatem,</strong></span> <span class='ocrx_word' id='word_1_106' title='bbox 686 2140 836 2213; x_wconf 91' lang='lat' dir='ltr'><strong>qnorum</strong></span> <span class='ocrx_word' id='word_1_107' title='bbox 860 2118 1029 2192; x_wconf 92' lang='lat' dir='ltr'><strong>ordinatio</strong></span> <span class='ocrx_word' id='word_1_108' title='bbox 1046 2117 1250 2192; x_wconf 88' lang='lat' dir='ltr'><strong>inconcussa</strong></span> <span class='ocrx_word' id='word_1_109' title='bbox 1269 2129 1446 2209; x_wconf 82' lang='lat' dir='ltr'><strong>servetur3</strong></span> <span class='ocrx_word' id='word_1_110' title='bbox 1468 2121 1596 2194; x_wconf 89' lang='lat' dir='ltr'><strong>sivero</strong></span> <span class='ocrx_word' id='word_1_111' title='bbox 1615 2119 1767 2192; x_wconf 87' lang='lat' dir='ltr'><strong>intestati</strong></span> <span class='ocrx_word' id='word_1_112' title='bbox 1785 2119 1902 2194; x_wconf 85' lang='lat' dir='ltr'><strong>deces-</strong></span> 
     </span>
     <span class='ocr_line' id='line_1_14' title="bbox 493 2242 1903 2341; baseline -0.003 -23"><span class='ocrx_word' id='word_1_113' title='bbox 493 2245 612 2333; x_wconf 86' lang='lat' dir='ltr'><strong>serint,</strong></span> <span class='ocrx_word' id='word_1_114' title='bbox 625 2242 672 2316; x_wconf 92' lang='lat' dir='ltr'><strong>ad</strong></span> <span class='ocrx_word' id='word_1_115' title='bbox 687 2243 856 2338; x_wconf 87' lang='lat' dir='ltr'><strong>hospitem</strong></span> <span class='ocrx_word' id='word_1_116' title='bbox 867 2243 972 2315; x_wconf 87' lang='lat' dir='ltr'><strong>nichil</strong></span> <span class='ocrx_word' id='word_1_117' title='bbox 983 2243 1175 2338; x_wconf 85' lang='lat' dir='ltr'><strong>perveniat,</strong></span> <span class='ocrx_word' id='word_1_118' title='bbox 1189 2245 1253 2318; x_wconf 89' lang='lat' dir='ltr'><strong>sed</strong></span> <span class='ocrx_word' id='word_1_119' title='bbox 1263 2245 1354 2317; x_wconf 93' lang='lat' dir='ltr'><strong>bona</strong></span> <span class='ocrx_word' id='word_1_120' title='bbox 1371 2245 1524 2341; x_wconf 89' lang='lat' dir='ltr'><strong>ipsorum</strong></span> <span class='ocrx_word' id='word_1_121' title='bbox 1540 2265 1601 2340; x_wconf 91' lang='lat' dir='ltr'><strong>per</strong></span> <span class='ocrx_word' id='word_1_122' title='bbox 1613 2265 1737 2317; x_wconf 90' lang='lat' dir='ltr'><strong>manns</strong></span> <span class='ocrx_word' id='word_1_123' title='bbox 1750 2243 1903 2339; x_wconf 89' lang='lat' dir='ltr'><strong>episcopi</strong></span> 
     </span>
     <span class='ocr_line' id='line_1_15' title="bbox 491 2365 1900 2464; baseline -0.002 -23"><span class='ocrx_word' id='word_1_124' title='bbox 491 2369 557 2442; x_wconf 91' lang='lat' dir='ltr'><strong>loci</strong></span> <span class='ocrx_word' id='word_1_125' title='bbox 583 2369 763 2442; x_wconf 87' lang='lat' dir='ltr'><strong>tradantur</strong></span> <span class='ocrx_word' id='word_1_126' title='bbox 786 2367 817 2439; x_wconf 92' lang='lat' dir='ltr'><strong>si</strong></span> <span class='ocrx_word' id='word_1_127' title='bbox 845 2365 919 2440; x_wconf 86' lang='lat' dir='ltr'><strong>heri</strong></span> <span class='ocrx_word' id='word_1_128' title='bbox 949 2375 1062 2464; x_wconf 88' lang='lat' dir='ltr'><strong>potest</strong></span> <span class='ocrx_word' id='word_1_129' title='bbox 1088 2366 1276 2440; x_wconf 89' lang='lat' dir='ltr'><strong>heredibus</strong></span> <span class='ocrx_word' id='word_1_130' title='bbox 1306 2370 1363 2441; x_wconf 84' lang='lat' dir='ltr'><strong>vel</strong></span> <span class='ocrx_word' id='word_1_131' title='bbox 1392 2367 1427 2441; x_wconf 92' lang='lat' dir='ltr'><strong>in</strong></span> <span class='ocrx_word' id='word_1_132' title='bbox 1457 2367 1533 2464; x_wconf 92' lang='lat' dir='ltr'><strong>pias</strong></span> <span class='ocrx_word' id='word_1_133' title='bbox 1554 2389 1677 2442; x_wconf 90' lang='lat' dir='ltr'><strong>causas</strong></span> <span class='ocrx_word' id='word_1_134' title='bbox 1705 2377 1900 2462; x_wconf 75' lang='lat' dir='ltr'><strong>erogentur.</strong></span> 
     </span>
     <span class='ocr_line' id='line_1_16' title="bbox 491 2491 1903 2589; baseline -0.001 -24"><span class='ocrx_word' id='word_1_135' title='bbox 491 2495 623 2589; x_wconf 88' lang='lat' dir='ltr'><strong>Hospes</strong></span> <span class='ocrx_word' id='word_1_136' title='bbox 643 2515 728 2566; x_wconf 90' lang='lat' dir='ltr'><strong>vero</strong></span> <span class='ocrx_word' id='word_1_137' title='bbox 753 2492 783 2565; x_wconf 89' lang='lat' dir='ltr'><strong>si</strong></span> <span class='ocrx_word' id='word_1_138' title='bbox 807 2491 943 2586; x_wconf 87' lang='lat' dir='ltr'><strong>aliquid</strong></span> <span class='ocrx_word' id='word_1_139' title='bbox 967 2491 1137 2565; x_wconf 89' lang='lat' dir='ltr'><strong>debonis</strong></span> <span class='ocrx_word' id='word_1_140' title='bbox 1161 2493 1281 2566; x_wconf 91' lang='lat' dir='ltr'><strong>talium</strong></span> <span class='ocrx_word' id='word_1_141' title='bbox 1307 2501 1425 2566; x_wconf 85' lang='lat' dir='ltr'><strong>contra</strong></span> <span class='ocrx_word' id='word_1_142' title='bbox 1448 2493 1540 2566; x_wconf 87' lang='lat' dir='ltr'><strong>hanc</strong></span> <span class='ocrx_word' id='word_1_143' title='bbox 1562 2501 1712 2566; x_wconf 69' lang='lat' dir='ltr'><strong>noscam</strong></span> <span class='ocrx_word' id='word_1_144' title='bbox 1736 2491 1903 2565; x_wconf 89' lang='lat' dir='ltr'><strong>constitu·</strong></span> 
     </span>
     <span class='ocr_line' id='line_1_17' title="bbox 490 2616 1902 2713; baseline -0.001 -24"><span class='ocrx_word' id='word_1_145' title='bbox 490 2619 616 2692; x_wconf 90' lang='lat' dir='ltr'><strong>tionem</strong></span> <span class='ocrx_word' id='word_1_146' title='bbox 631 2617 803 2703; x_wconf 89' lang='lat' dir='ltr'><strong>hahuerit,</strong></span> <span class='ocrx_word' id='word_1_147' title='bbox 822 2617 963 2711; x_wconf 91' lang='lat' dir='ltr'><strong>triplum</strong></span> <span class='ocrx_word' id='word_1_148' title='bbox 976 2617 1139 2713; x_wconf 92' lang='lat' dir='ltr'><strong>episcopo</strong></span> <span class='ocrx_word' id='word_1_149' title='bbox 1158 2618 1316 2690; x_wconf 89' lang='lat' dir='ltr'><strong>restituat</strong></span> <span class='ocrx_word' id='word_1_150' title='bbox 1329 2617 1456 2711; x_wconf 90' lang='lat' dir='ltr'><strong>quibus</strong></span> <span class='ocrx_word' id='word_1_151' title='bbox 1472 2616 1587 2690; x_wconf 90' lang='lat' dir='ltr'><strong>visum</strong></span> <span class='ocrx_word' id='word_1_152' title='bbox 1602 2616 1707 2689; x_wconf 87' lang='lat' dir='ltr'><strong>luerit</strong></span> <span class='ocrx_word' id='word_1_153' title='bbox 1723 2618 1902 2712; x_wconf 91' lang='lat' dir='ltr'><strong>assignan-</strong></span> 
     </span>
     <span class='ocr_line' id='line_1_18' title="bbox 488 2740 1902 2836; baseline 0 -21"><span class='ocrx_word' id='word_1_154' title='bbox 488 2743 592 2832; x_wconf 90' lang='lat' dir='ltr'><strong>dum;</strong></span> <span class='ocrx_word' id='word_1_155' title='bbox 610 2764 680 2815; x_wconf 89' lang='lat' dir='ltr'><strong>non</strong></span> <span class='ocrx_word' id='word_1_156' title='bbox 702 2741 862 2816; x_wconf 88' lang='lat' dir='ltr'><strong>obstante</strong></span> <span class='ocrx_word' id='word_1_157' title='bbox 882 2749 1009 2813; x_wconf 83' lang='lat' dir='ltr'><strong>statuto</strong></span> <span class='ocrx_word' id='word_1_158' title='bbox 1031 2741 1146 2834; x_wconf 89' lang='lat' dir='ltr'><strong>aliquo</strong></span> <span class='ocrx_word' id='word_1_159' title='bbox 1165 2750 1224 2813; x_wconf 92' lang='lat' dir='ltr'><strong>aut</strong></span> <span class='ocrx_word' id='word_1_160' title='bbox 1249 2740 1499 2814; x_wconf 89' lang='lat' dir='ltr'><strong>consuetudine</strong></span> <span class='ocrx_word' id='word_1_161' title='bbox 1516 2761 1578 2814; x_wconf 89' lang='lat' dir='ltr'><strong>sen</strong></span> <span class='ocrx_word' id='word_1_162' title='bbox 1597 2741 1699 2814; x_wconf 90' lang='lat' dir='ltr'><strong>etiam</strong></span> <span class='ocrx_word' id='word_1_163' title='bbox 1720 2740 1902 2836; x_wconf 82' lang='lat' dir='ltr'><strong>privilegio</strong></span> 
     </span>
     <span class='ocr_line' id='line_1_19' title="bbox 488 2863 1895 2961; baseline -0.001 -24"><span class='ocrx_word' id='word_1_164' title='bbox 488 2889 558 2961; x_wconf 91' lang='lat' dir='ltr'><strong>que</strong></span> <span class='ocrx_word' id='word_1_165' title='bbox 576 2866 743 2938; x_wconf 88' lang='lat' dir='ltr'><strong>hactenus</strong></span> <span class='ocrx_word' id='word_1_166' title='bbox 757 2864 966 2937; x_wconf 86' lang='lat' dir='ltr'><strong>centrarium</strong></span> <span class='ocrx_word' id='word_1_167' title='bbox 980 2863 1206 2937; x_wconf 77' lang='lat' dir='ltr'><strong>inducebant.</strong></span> <span class='ocrx_word' id='word_1_168' title='bbox 1225 2865 1261 2937; x_wconf 90' lang='lat' dir='ltr'><strong>Si</strong></span> <span class='ocrx_word' id='word_1_169' title='bbox 1275 2865 1335 2959; x_wconf 92' lang='lat' dir='ltr'><strong>qui</strong></span> <span class='ocrx_word' id='word_1_170' title='bbox 1349 2875 1464 2938; x_wconf 87' lang='lat' dir='ltr'><strong>autem</strong></span> <span class='ocrx_word' id='word_1_171' title='bbox 1480 2874 1598 2938; x_wconf 91' lang='lat' dir='ltr'><strong>contra</strong></span> <span class='ocrx_word' id='word_1_172' title='bbox 1612 2865 1895 2961; x_wconf 89' lang='lat' dir='ltr'><strong>presumpserint,</strong></span> 
     </span>
     <span class='ocr_line' id='line_1_20' title="bbox 488 2987 1899 3084; baseline -0.003 -22"><span class='ocrx_word' id='word_1_173' title='bbox 488 2991 539 3062; x_wconf 89' lang='lat' dir='ltr'><strong>eis</strong></span> <span class='ocrx_word' id='word_1_174' title='bbox 555 2991 600 3062; x_wconf 92' lang='lat' dir='ltr'><strong>de</strong></span> <span class='ocrx_word' id='word_1_175' title='bbox 617 2991 723 3063; x_wconf 89' lang='lat' dir='ltr'><strong>rebus</strong></span> <span class='ocrx_word' id='word_1_176' title='bbox 742 2988 816 3062; x_wconf 90' lang='lat' dir='ltr'><strong>suis</strong></span> <span class='ocrx_word' id='word_1_177' title='bbox 836 2988 983 3062; x_wconf 87' lang='lat' dir='ltr'><strong>testandi</strong></span> <span class='ocrx_word' id='word_1_178' title='bbox 1007 2987 1245 3062; x_wconf 89' lang='lat' dir='ltr'><strong>interdicimus</strong></span> <span class='ocrx_word' id='word_1_179' title='bbox 1266 2990 1461 3063; x_wconf 75' lang='lat' dir='ltr'><strong>facultatem</strong></span> <span class='ocrx_word' id='word_1_180' title='bbox 1479 2999 1518 3062; x_wconf 90' lang='lat' dir='ltr'><strong>ut</strong></span> <span class='ocrx_word' id='word_1_181' title='bbox 1537 2989 1573 3061; x_wconf 93' lang='lat' dir='ltr'><strong>in</strong></span> <span class='ocrx_word' id='word_1_182' title='bbox 1596 3011 1638 3062; x_wconf 88' lang='lat' dir='ltr'><strong>eo</strong></span> <span class='ocrx_word' id='word_1_183' title='bbox 1655 2989 1843 3084; x_wconf 90' lang='lat' dir='ltr'><strong>puniantur</strong></span> <span class='ocrx_word' id='word_1_184' title='bbox 1863 2989 1899 3060; x_wconf 93' lang='lat' dir='ltr'><strong>in</strong></span> 
     </span>
     <span class='ocr_line' id='line_1_21' title="bbox 487 3112 1677 3211; baseline -0.001 -26"><span class='ocrx_word' id='word_1_185' title='bbox 487 3135 559 3208; x_wconf 91' lang='lat' dir='ltr'><strong>quo</strong></span> <span class='ocrx_word' id='word_1_186' title='bbox 577 3114 815 3208; x_wconf 70' lang='lat' dir='ltr'><strong>deliquerunt,</strong></span> <span class='ocrx_word' id='word_1_187' title='bbox 832 3112 917 3186; x_wconf 90' lang='lat' dir='ltr'><strong>alias</strong></span> <span class='ocrx_word' id='word_1_188' title='bbox 934 3122 1037 3208; x_wconf 92' lang='lat' dir='ltr'><strong>prout</strong></span> <span class='ocrx_word' id='word_1_189' title='bbox 1050 3114 1153 3209; x_wconf 89' lang='lat' dir='ltr'><strong>culpe</strong></span> <span class='ocrx_word' id='word_1_190' title='bbox 1165 3115 1314 3208; x_wconf 87' lang='lat' dir='ltr'><strong>qualitas</strong></span> <span class='ocrx_word' id='word_1_191' title='bbox 1329 3115 1484 3209; x_wconf 84' lang='lat' dir='ltr'><strong>exegerit</strong></span> <span class='ocrx_word' id='word_1_192' title='bbox 1495 3113 1677 3211; x_wconf 92' lang='lat' dir='ltr'><strong>puniendi.</strong></span> 
     </span>
    </p>

    <p class='ocr_par' dir='ltr' id='par_1_6' title="bbox 486 3235 1901 4078">
     <span class='ocr_line' id='line_1_22' title="bbox 538 3235 1899 3334; baseline -0.001 -25"><span class='ocrx_word' id='word_1_193' title='bbox 538 3240 573 3309; x_wconf 88' lang='grc'><strong>9.</strong></span> <span class='ocrx_word' id='word_1_194' title='bbox 601 3235 834 3332; x_wconf 80' lang='lat' dir='ltr'><strong>Agricultores</strong></span> <span class='ocrx_word' id='word_1_195' title='bbox 852 3246 887 3310; x_wconf 91' lang='lat' dir='ltr'><strong>et</strong></span> <span class='ocrx_word' id='word_1_196' title='bbox 898 3237 988 3310; x_wconf 87' lang='lat' dir='ltr'><strong>circa</strong></span> <span class='ocrx_word' id='word_1_197' title='bbox 1001 3260 1073 3310; x_wconf 90' lang='lat' dir='ltr'><strong>rem</strong></span> <span class='ocrx_word' id='word_1_198' title='bbox 1089 3239 1250 3312; x_wconf 91' lang='lat' dir='ltr'><strong>rusticam</strong></span> <span class='ocrx_word' id='word_1_199' title='bbox 1264 3239 1423 3334; x_wconf 89' lang='lat' dir='ltr'><strong>occupati</strong></span> <span class='ocrx_word' id='word_1_200' title='bbox 1433 3241 1518 3314; x_wconf 94' lang='lat' dir='ltr'><strong>dum</strong></span> <span class='ocrx_word' id='word_1_201' title='bbox 1530 3237 1623 3310; x_wconf 87' lang='lat' dir='ltr'><strong>villis</strong></span> <span class='ocrx_word' id='word_1_202' title='bbox 1638 3236 1803 3322; x_wconf 89' lang='lat' dir='ltr'><strong>insident,</strong></span> <span class='ocrx_word' id='word_1_203' title='bbox 1815 3235 1899 3309; x_wconf 91' lang='lat' dir='ltr'><strong>dum</strong></span> 
     </span>
     <span class='ocr_line' id='line_1_23' title="bbox 489 3361 1901 3459; baseline -0.001 -25"><span class='ocrx_word' id='word_1_204' title='bbox 489 3385 591 3457; x_wconf 87' lang='lat' dir='ltr'><strong>agros</strong></span> <span class='ocrx_word' id='word_1_205' title='bbox 606 3363 741 3453; x_wconf 91' lang='lat' dir='ltr'><strong>colunt,</strong></span> <span class='ocrx_word' id='word_1_206' title='bbox 763 3363 875 3434; x_wconf 91' lang='lat' dir='ltr'><strong>securi</strong></span> <span class='ocrx_word' id='word_1_207' title='bbox 900 3361 968 3434; x_wconf 91' lang='lat' dir='ltr'><strong>sint</strong></span> <span class='ocrx_word' id='word_1_208' title='bbox 985 3385 1206 3457; x_wconf 90' lang='lat' dir='ltr'><strong>quacumque</strong></span> <span class='ocrx_word' id='word_1_209' title='bbox 1223 3372 1320 3459; x_wconf 91' lang='lat' dir='ltr'><strong>parte</strong></span> <span class='ocrx_word' id='word_1_210' title='bbox 1341 3363 1526 3453; x_wconf 84' lang='lat' dir='ltr'><strong>terrarum,</strong></span> <span class='ocrx_word' id='word_1_211' title='bbox 1543 3363 1590 3433; x_wconf 89' lang='lat' dir='ltr'><strong>ita</strong></span> <span class='ocrx_word' id='word_1_212' title='bbox 1611 3373 1651 3432; x_wconf 91' lang='lat' dir='ltr'><strong>ut</strong></span> <span class='ocrx_word' id='word_1_213' title='bbox 1672 3361 1788 3433; x_wconf 90' lang='lat' dir='ltr'><strong>nullus</strong></span> <span class='ocrx_word' id='word_1_214' title='bbox 1802 3361 1901 3433; x_wconf 87' lang='lat' dir='ltr'><strong>inve-</strong></span> 
     </span>
     <span class='ocr_line' id='line_1_24' title="bbox 489 3482 1900 3582; baseline -0.001 -26"><span class='ocrx_word' id='word_1_215' title='bbox 489 3486 602 3558; x_wconf 88' lang='lat' dir='ltr'><strong>niatur</strong></span> <span class='ocrx_word' id='word_1_216' title='bbox 618 3496 688 3557; x_wconf 89' lang='lat' dir='ltr'><strong>tam</strong></span> <span class='ocrx_word' id='word_1_217' title='bbox 707 3484 827 3558; x_wconf 82' lang='lat' dir='ltr'><strong>andex</strong></span> <span class='ocrx_word' id='word_1_218' title='bbox 842 3497 880 3558; x_wconf 92' lang='lat' dir='ltr'><strong>ut</strong></span> <span class='ocrx_word' id='word_1_219' title='bbox 897 3507 1098 3582; x_wconf 88' lang='lat' dir='ltr'><strong>personam,</strong></span> <span class='ocrx_word' id='word_1_220' title='bbox 1120 3487 1249 3574; x_wconf 90' lang='lat' dir='ltr'><strong>boves,</strong></span> <span class='ocrx_word' id='word_1_221' title='bbox 1269 3509 1430 3580; x_wconf 80' lang='lat' dir='ltr'><strong>agrorum</strong></span> <span class='ocrx_word' id='word_1_222' title='bbox 1448 3489 1674 3560; x_wconf 87' lang='lat' dir='ltr'><strong>instrumenta</strong></span> <span class='ocrx_word' id='word_1_223' title='bbox 1688 3495 1749 3558; x_wconf 90' lang='lat' dir='ltr'><strong>aut</strong></span> <span class='ocrx_word' id='word_1_224' title='bbox 1765 3486 1796 3558; x_wconf 94' lang='lat' dir='ltr'><strong>si</strong></span> <span class='ocrx_word' id='word_1_225' title='bbox 1813 3482 1900 3580; x_wconf 91' lang='lat' dir='ltr'><strong>quid</strong></span> 
     </span>
     <span class='ocr_line' id='line_1_25' title="bbox 486 3607 1899 3707; baseline 0 -27"><span class='ocrx_word' id='word_1_226' title='bbox 486 3609 585 3680; x_wconf 86' lang='lat' dir='ltr'><strong>aliud</strong></span> <span class='ocrx_word' id='word_1_227' title='bbox 602 3610 646 3681; x_wconf 88' lang='lat' dir='ltr'><strong>sit</strong></span> <span class='ocrx_word' id='word_1_228' title='bbox 659 3610 755 3704; x_wconf 91' lang='lat' dir='ltr'><strong>quod</strong></span> <span class='ocrx_word' id='word_1_229' title='bbox 776 3611 823 3683; x_wconf 91' lang='lat' dir='ltr'><strong>ad</strong></span> <span class='ocrx_word' id='word_1_230' title='bbox 838 3631 976 3705; x_wconf 87' lang='lat' dir='ltr'><strong>operam</strong></span> <span class='ocrx_word' id='word_1_231' title='bbox 995 3611 1204 3682; x_wconf 87' lang='lat' dir='ltr'><strong>rusticanam</strong></span> <span class='ocrx_word' id='word_1_232' title='bbox 1220 3611 1388 3707; x_wconf 91' lang='lat' dir='ltr'><strong>pertineat</strong></span> <span class='ocrx_word' id='word_1_233' title='bbox 1406 3611 1590 3701; x_wconf 88' lang='lat' dir='ltr'><strong>invadere,</strong></span> <span class='ocrx_word' id='word_1_234' title='bbox 1612 3630 1735 3705; x_wconf 85' lang='lat' dir='ltr'><strong>capere</strong></span> <span class='ocrx_word' id='word_1_235' title='bbox 1748 3617 1810 3682; x_wconf 89' lang='lat' dir='ltr'><strong>aut</strong></span> <span class='ocrx_word' id='word_1_236' title='bbox 1823 3607 1899 3680; x_wconf 80' lang='lat' dir='ltr'><strong>vio-</strong></span> 
     </span>
     <span class='ocr_line' id='line_1_26' title="bbox 488 3734 1898 3830; baseline 0 -27"><span class='ocrx_word' id='word_1_237' title='bbox 488 3736 595 3806; x_wconf 87' lang='lat' dir='ltr'><strong>lenter</strong></span> <span class='ocrx_word' id='word_1_238' title='bbox 612 3735 747 3808; x_wconf 88' lang='lat' dir='ltr'><strong>auierre</strong></span> <span class='ocrx_word' id='word_1_239' title='bbox 768 3743 956 3830; x_wconf 90' lang='lat' dir='ltr'><strong>presumat.</strong></span> <span class='ocrx_word' id='word_1_240' title='bbox 980 3735 1014 3807; x_wconf 93' lang='lat' dir='ltr'><strong>Si</strong></span> <span class='ocrx_word' id='word_1_241' title='bbox 1037 3736 1117 3829; x_wconf 91' lang='lat' dir='ltr'><strong>quis</strong></span> <span class='ocrx_word' id='word_1_242' title='bbox 1136 3745 1251 3808; x_wconf 86' lang='lat' dir='ltr'><strong>antem</strong></span> <span class='ocrx_word' id='word_1_243' title='bbox 1277 3745 1442 3807; x_wconf 89' lang='lat' dir='ltr'><strong>statutum</strong></span> <span class='ocrx_word' id='word_1_244' title='bbox 1463 3734 1663 3828; x_wconf 90' lang='lat' dir='ltr'><strong>hujusmodi</strong></span> <span class='ocrx_word' id='word_1_245' title='bbox 1682 3755 1771 3806; x_wconf 86' lang='lat' dir='ltr'><strong>ausu</strong></span> <span class='ocrx_word' id='word_1_246' title='bbox 1792 3743 1898 3805; x_wconf 89' lang='lat' dir='ltr'><strong>teme·</strong></span> 
     </span>
     <span class='ocr_line' id='line_1_27' title="bbox 487 3857 1898 3955; baseline -0.001 -27"><span class='ocrx_word' id='word_1_247' title='bbox 487 3859 577 3931; x_wconf 90' lang='lat' dir='ltr'><strong>rario</strong></span> <span class='ocrx_word' id='word_1_248' title='bbox 590 3859 719 3933; x_wconf 90' lang='lat' dir='ltr'><strong>violare</strong></span> <span class='ocrx_word' id='word_1_249' title='bbox 732 3859 992 3955; x_wconf 82' lang='lat' dir='ltr'><strong>presumpserit,</strong></span> <span class='ocrx_word' id='word_1_250' title='bbox 1010 3859 1045 3930; x_wconf 91' lang='lat' dir='ltr'><strong>in</strong></span> <span class='ocrx_word' id='word_1_251' title='bbox 1059 3858 1292 3953; x_wconf 92' lang='lat' dir='ltr'><strong>quadruplum</strong></span> <span class='ocrx_word' id='word_1_252' title='bbox 1309 3858 1422 3931; x_wconf 86' lang='lat' dir='ltr'><strong>ablata</strong></span> <span class='ocrx_word' id='word_1_253' title='bbox 1438 3857 1609 3949; x_wconf 88' lang='lat' dir='ltr'><strong>restituat,</strong></span> <span class='ocrx_word' id='word_1_254' title='bbox 1626 3857 1767 3930; x_wconf 87' lang='lat' dir='ltr'><strong>iniamie</strong></span> <span class='ocrx_word' id='word_1_255' title='bbox 1782 3866 1898 3928; x_wconf 91' lang='lat' dir='ltr'><strong>notam</strong></span> 
     </span>
     <span class='ocr_line' id='line_1_28' title="bbox 487 3977 1894 4078; baseline -0.003 -26"><span class='ocrx_word' id='word_1_256' title='bbox 487 3983 563 4078; x_wconf 93' lang='lat' dir='ltr'><strong>ipso</strong></span> <span class='ocrx_word' id='word_1_257' title='bbox 576 3985 656 4076; x_wconf 90' lang='lat' dir='ltr'><strong>jure</strong></span> <span class='ocrx_word' id='word_1_258' title='bbox 670 3984 834 4074; x_wconf 88' lang='lat' dir='ltr'><strong>incurrat,</strong></span> <span class='ocrx_word' id='word_1_259' title='bbox 852 3983 1020 4078; x_wconf 88' lang='lat' dir='ltr'><strong>imperiali</strong></span> <span class='ocrx_word' id='word_1_260' title='bbox 1042 3983 1341 4056; x_wconf 87' lang='lat' dir='ltr'><strong>animadversione</strong></span> <span class='ocrx_word' id='word_1_261' title='bbox 1362 3982 1606 4055; x_wconf 90' lang='lat' dir='ltr'><strong>nichilominus</strong></span> <span class='ocrx_word' id='word_1_262' title='bbox 1621 3977 1843 4076; x_wconf 90' lang='lat' dir='ltr'><strong>puniendus(</strong></span> <span class='ocrx_word' id='word_1_263' title='bbox 1869 3978 1894 4073; x_wconf 67' lang='lat' dir='ltr'><strong>l.</strong></span> 
     </span>
    </p>
   </div>
   <div class='ocr_carea' id='block_1_4' title="bbox 489 4325 1900 4693">
    <p class='ocr_par' dir='ltr' id='par_1_7' title="bbox 522 4325 1595 4402">
     <span class='ocr_line' id='line_1_29' title="bbox 522 4325 1595 4402; baseline 0.001 -20"><span class='ocrx_word' id='word_1_264' title='bbox 522 4327 554 4398; x_wconf 75' lang='lat' dir='ltr'><strong>lt)</strong></span> <span class='ocrx_word' id='word_1_265' title='bbox 574 4327 680 4400; x_wconf 84' lang='lat' dir='ltr'><strong>Legitur</strong></span> <span class='ocrx_word' id='word_1_266' title='bbox 691 4328 845 4386; x_wconf 88' lang='lat' dir='ltr'><strong>constitutio</strong></span> <span class='ocrx_word' id='word_1_267' title='bbox 859 4329 954 4386; x_wconf 87' lang='lat' dir='ltr'><strong>eadem</strong></span> <span class='ocrx_word' id='word_1_268' title='bbox 968 4344 1011 4402; x_wconf 85' lang='lat' dir='ltr'><strong>ap.</strong></span> <span class='ocrx_word' id='word_1_269' title='bbox 1023 4327 1101 4398; x_wconf 79' lang='lat' dir='ltr'><strong>lirun,</strong></span> <span class='ocrx_word' id='word_1_270' title='bbox 1118 4325 1169 4384; x_wconf 92' lang='lat' dir='ltr'><strong>loc.</strong></span> <span class='ocrx_word' id='word_1_271' title='bbox 1184 4343 1258 4402; x_wconf 91' lang='lat' dir='ltr'><strong>supr.</strong></span> <span class='ocrx_word' id='word_1_272' title='bbox 1274 4329 1370 4400; x_wconf 88' lang='lat' dir='ltr'><strong>citato,</strong></span> <span class='ocrx_word' id='word_1_273' title='bbox 1384 4330 1424 4385; x_wconf 88' lang='lat' dir='ltr'><strong>sic</strong></span> <span class='ocrx_word' id='word_1_274' title='bbox 1438 4327 1573 4402; x_wconf 88' lang='lat' dir='ltr'><strong>iucipiens</strong></span> <span class='ocrx_word' id='word_1_275' title='bbox 1588 4345 1595 4383; x_wconf 77' lang='grc' dir='ltr'><strong>ι</strong></span> 
     </span>
    </p>

    <p class='ocr_par' dir='ltr' id='par_1_8' title="bbox 489 4423 1900 4693">
     <span class='ocr_line' id='line_1_30' title="bbox 523 4423 1900 4500; baseline -0.001 -23"><span class='ocrx_word' id='word_1_276' title='bbox 523 4445 536 4477; x_wconf 75' lang='lat' dir='ltr'><strong>a</strong></span> <span class='ocrx_word' id='word_1_277' title='bbox 552 4423 703 4482; x_wconf 84' lang='lat' dir='ltr'><strong>Fridericus</strong></span> <span class='ocrx_word' id='word_1_278' title='bbox 718 4426 853 4482; x_wconf 88' lang='lat' dir='ltr'><strong>secundus</strong></span> <span class='ocrx_word' id='word_1_279' title='bbox 868 4426 960 4482; x_wconf 86' lang='lat' dir='ltr'><strong>divina</strong></span> <span class='ocrx_word' id='word_1_280' title='bbox 976 4427 1082 4483; x_wconf 80' lang='lat' dir='ltr'><strong>favente</strong></span> <span class='ocrx_word' id='word_1_281' title='bbox 1100 4425 1240 4483; x_wconf 87' lang='lat' dir='ltr'><strong>clementia</strong></span> <span class='ocrx_word' id='word_1_282' title='bbox 1252 4428 1435 4484; x_wconf 80' lang='lat' dir='ltr'><strong>Romanorum</strong></span> <span class='ocrx_word' id='word_1_283' title='bbox 1447 4428 1602 4500; x_wconf 85' lang='lat' dir='ltr'><strong>imperator,</strong></span> <span class='ocrx_word' id='word_1_284' title='bbox 1612 4438 1719 4496; x_wconf 88' lang='lat' dir='ltr'><strong>semper</strong></span> <span class='ocrx_word' id='word_1_285' title='bbox 1731 4426 1861 4496; x_wconf 85' lang='lat' dir='ltr'><strong>augustus</strong></span> <span class='ocrx_word' id='word_1_286' title='bbox 1872 4425 1900 4476; x_wconf 86' lang='lat' dir='ltr'><strong>et</strong></span> 
     </span>
     <span class='ocr_line' id='line_1_31' title="bbox 490 4517 1900 4598; baseline -0.004 -22"><span class='ocrx_word' id='word_1_287' title='bbox 490 4541 502 4570; x_wconf 77' lang='lat' dir='ltr'><strong>n</strong></span> <span class='ocrx_word' id='word_1_288' title='bbox 522 4537 567 4578; x_wconf 85' lang='lat' dir='ltr'><strong>rex</strong></span> <span class='ocrx_word' id='word_1_289' title='bbox 580 4520 677 4578; x_wconf 90' lang='lat' dir='ltr'><strong>Sicilie.</strong></span> <span class='ocrx_word' id='word_1_290' title='bbox 693 4521 734 4578; x_wconf 79' lang='lat' dir='ltr'><strong>dd</strong></span> <span class='ocrx_word' id='word_1_291' title='bbox 744 4522 826 4580; x_wconf 90' lang='lat' dir='ltr'><strong>decus</strong></span> <span class='ocrx_word' id='word_1_292' title='bbox 836 4530 865 4580; x_wconf 90' lang='lat' dir='ltr'><strong>et</strong></span> <span class='ocrx_word' id='word_1_293' title='bbox 878 4525 1004 4580; x_wconf 84' lang='lat' dir='ltr'><strong>decorem</strong></span> <span class='ocrx_word' id='word_1_294' title='bbox 1018 4523 1122 4596; x_wconf 89' lang='lat' dir='ltr'><strong>imperii</strong></span> <span class='ocrx_word' id='word_1_295' title='bbox 1126 4565 1215 4581; x_wconf 90' lang='grc'><strong>........</strong></span> <span class='ocrx_word' id='word_1_296' title='bbox 1230 4523 1420 4582; x_wconf 88' lang='lat' dir='ltr'><strong>nichilominus</strong></span> <span class='ocrx_word' id='word_1_297' title='bbox 1436 4522 1597 4598; x_wconf 88' lang='lat' dir='ltr'><strong>puniendus.</strong></span> <span class='ocrx_word' id='word_1_298' title='bbox 1611 4522 1715 4578; x_wconf 79' lang='lat' dir='ltr'><strong>Datum</strong></span> <span class='ocrx_word' id='word_1_299' title='bbox 1727 4535 1800 4576; x_wconf 81' lang='lat' dir='ltr'><strong>cuno</strong></span> <span class='ocrx_word' id='word_1_300' title='bbox 1812 4517 1900 4573; x_wconf 84' lang='lat' dir='ltr'><strong>dumi·</strong></span> 
     </span>
     <span class='ocr_line' id='line_1_32' title="bbox 489 4615 1899 4693; baseline 0 -23"><span class='ocrx_word' id='word_1_301' title='bbox 489 4637 502 4668; x_wconf 72' lang='lat' dir='ltr'><strong>s</strong></span> <span class='ocrx_word' id='word_1_302' title='bbox 522 4619 583 4674; x_wconf 77' lang='lat' dir='ltr'><strong>uice</strong></span> <span class='ocrx_word' id='word_1_303' title='bbox 604 4621 805 4675; x_wconf 79' lang='lat' dir='ltr'><strong>iucarnationis</strong></span> <span class='ocrx_word' id='word_1_304' title='bbox 827 4621 992 4685; x_wconf 77' lang='grc' dir='ltr'><strong>ΜΟΟΧΧΙ,</strong></span> <span class='ocrx_word' id='word_1_305' title='bbox 1008 4637 1098 4676; x_wconf 64' lang='lat' dir='ltr'><strong>nense</strong></span> <span class='ocrx_word' id='word_1_306' title='bbox 1118 4621 1277 4693; x_wconf 78' lang='lat' dir='ltr'><strong>decembris,</strong></span> <span class='ocrx_word' id='word_1_307' title='bbox 1293 4621 1455 4678; x_wconf 75' lang='lat' dir='ltr'><strong>indictionis</strong></span> <span class='ocrx_word' id='word_1_308' title='bbox 1469 4635 1553 4690; x_wconf 62' lang='lat' dir='ltr'><strong>eona·</strong></span> <span class='ocrx_word' id='word_1_309' title='bbox 1569 4637 1582 4672; x_wconf 77' lang='lat' dir='ltr'><strong>a</strong></span> <span class='ocrx_word' id='word_1_310' title='bbox 1598 4633 1665 4692; x_wconf 87' lang='lat' dir='ltr'><strong>quas</strong></span> <span class='ocrx_word' id='word_1_311' title='bbox 1681 4623 1759 4675; x_wconf 73' lang='lat' dir='ltr'><strong>nome</strong></span> <span class='ocrx_word' id='word_1_312' title='bbox 1776 4615 1899 4674; x_wconf 81' lang='lat' dir='ltr'><strong>similiter</strong></span> 
     </span>
    </p>
   </div>
   <div class='ocr_carea' id='block_1_5' title="bbox 0 0 2222 5864">
    <p class='ocr_par' dir='ltr' id='par_1_9' title="bbox 0 0 2222 5864">
     <span class='ocr_line' id='line_1_33' title="bbox 0 0 2222 5864; baseline 0 0"><span class='ocrx_word' id='word_1_313' title='bbox 0 0 2222 5864; x_wconf 95' lang='lat' dir='ltr'><strong> </strong></span> 
     </span>
    </p>
   </div>
  </div>
 </body>
</html>
