4272 5886
169 559 267 620 lenum.
286 551 347 638 le]
620 548 817 611 dissueta
841 548 1135 611 urvuuuavlca.
1523 547 1584 608 585

169 695 350 766 molestare
372 694 560 786 presumat.
585 685 687 770 Quod
705 687 768 780 qni
789 687 1053 783 presumpserit,
1077 686 1351 782 indignationem
1374 698 1527 762 nostram
1549 696 1584 763 et

172 837 298 913 penam
320 810 574 909 qninquaginta
591 810 755 883 librarum
779 811 856 883 auri
873 812 952 906 puri
972 831 1009 884 se
1032 812 1168 885 noverit
1190 813 1428 907 incursurum,
1452 814 1584 889 medie·

171 951 275 1014 tatem
293 957 428 1011 camere
443 943 578 1025 nostre,
595 942 630 1006 et
650 933 821 1029 reliquam
839 934 1060 1009 medietatem
1082 937 1193 1032 passis
1206 937 1367 1031 injuriam
1386 939 1585 1034 persolven-

171 1063 267 1137 dam.
296 1063 341 1136 Ut
363 1068 479 1134 autem
505 1078 646 1154 presens
663 1059 857 1149 concessio,
885 1056 1026 1131 donatio
1050 1069 1085 1132 et
1109 1057 1320 1134 confirmatio
1345 1071 1461 1134 nosue
1481 1062 1587 1134 robur

171 1189 325 1262 obtineat
339 1191 506 1282 perpetue
523 1180 706 1270 firmitatis,
727 1203 869 1277 presens
892 1183 1114 1278 privilegium
1133 1183 1216 1258 inde
1234 1182 1309 1257 fieri
1332 1192 1368 1257 et
1383 1185 1496 1280 sigillo
1512 1206 1585 1259 ma·

169 1313 301 1408 jestatis
313 1319 430 1384 nostre
442 1307 611 1403 jussimus
625 1307 844 1381 communiri.

221 1437 332 1529 Hujus
355 1435 404 1507 rei
421 1441 526 1506 testes
549 1442 632 1504 sunt
653 1431 815 1504 Albertue
839 1433 1047 1505 venerabilis
1069 1435 1397 1528 Magdeburgensis,
1419 1434 1585 1510 Mediola-

173 1563 290 1635 nensis
305 1569 340 1634 et
353 1556 472 1632 lando
487 1558 640 1652 Reginus
651 1556 912 1652 archiepiscopi,
924 1555 1085 1632 Curensis
1101 1559 1285 1657 episcopus
1296 1569 1331 1634 et
1344 1561 1453 1634 abbas
1468 1559 1586 1634 Sancti

174 1687 275 1776 Galli,
298 1684 461 1775 (licensis,
484 1681 789 1769 Hildensemensis,
806 1683 955 1755 lacobus
973 1684 1210 1778 taurinensis,
1229 1688 1277 1761 M.
1297 1687 1491 1758 Ymolensie
1507 1687 1587 1782 epi-

175 1810 286 1905 scopi,
313 1811 530 1882 Hermannus
554 1807 763 1880 venerahilis
788 1809 952 1902 magister
978 1808 1103 1882 domus
1130 1811 1309 1907 hospitalis
1332 1813 1455 1883 Sancte
1480 1809 1588 1883 Maris

176 1933 465 2008 Theutonioorum
483 1931 520 2004 in
538 1931 755 2021 Jerusolima,
776 1931 977 2026 langravius
1000 1934 1205 2030 Thuringie,
1226 1934 1303 2008 dux
1327 1935 1494 2022 Saxonis,
1516 1935 1587 2006 Re-

176 2057 302 2132 naldus
318 2057 395 2130 dux
410 2055 558 2152 Spoleti,
578 2076 692 2128 comes
716 2055 762 2128 de
784 2057 932 2148 Vienna,
950 2079 1065 2130 comes
1088 2057 1134 2131 de
1155 2058 1443 2150 Queurenberch,
1471 2079 1587 2132 comes

178 2182 222 2256 de
234 2183 401 2256 Eversten
414 2190 450 2254 et
464 2182 584 2254 iratres
600 2181 691 2274 ejus,
709 2188 744 2253 et
756 2181 815 2252 alii
833 2183 1069 2277 quamplures.

226 2308 372 2404 Signum
394 2306 528 2382 domini
548 2304 711 2379 Friderici
732 2305 876 2379 secundi
899 2307 963 2379 Dei
986 2308 1096 2400 gratia
1117 2307 1332 2380 invictissimi
1355 2309 1586 2380 Romanorum

176 2433 403 2529 imperatoris,
423 2451 560 2527 semper
575 2431 729 2524 augusti,
749 2429 949 2503 ierosolime
965 2442 1000 2503 et
1014 2431 1131 2506 Sicilie
1145 2431 1251 2524 regis.

223 2559 309 2630 Acta
323 2564 406 2630 sont
425 2557 492 2631 hee
510 2576 603 2629 anno
618 2554 793 2628 dominice
812 2555 1058 2628 incarnationis
1078 2557 1258 2630 millesimo
1279 2547 1516 2632 ducentesimo
1536 2558 1591 2631 vi·

176 2681 305 2756 cesimo
325 2689 441 2773 sexto,
459 2700 579 2753 mense
598 2679 699 2772 maii,
723 2688 845 2774 quarte
865 2679 1001 2753 decime
1025 2678 1242 2773 indictionis,
1262 2691 1427 2776 regnante
1448 2682 1591 2758 domino

175 2816 292 2882 nostro
322 2805 496 2879 Friderico
526 2803 681 2878 secundo
708 2805 770 2877 Dei
791 2805 903 2899 gratia
931 2805 1158 2879 invictissimo
1185 2809 1417 2880 Romanorum
1442 2808 1590 2904 impera·

176 2940 262 3023 tore,
281 2951 419 3026 semper
434 2939 596 3024 augusto,
616 2929 816 3003 ierosolime
828 2938 863 3002 et
881 2929 998 3002 Sicilie
1015 2951 1111 3024 rege,
1128 2931 1265 3025 imperii
1279 2935 1354 3024 ejus
1369 2954 1460 3005 anno
1473 2944 1585 3025 sexto,

176 3055 376 3130 Jerusolime
391 3054 516 3150 primo,
536 3055 635 3148 regni
652 3076 736 3128 vero
751 3055 868 3128 Sicilie
883 3055 1047 3128 vicesimo
1061 3065 1197 3148 octavo,
1217 3055 1373 3128 feliciter.
1395 3056 1520 3130 Amen.

223 3181 349 3254 Datum
367 3179 463 3276 apud
476 3179 646 3271 Parmam,
663 3199 771 3272 anno,
789 3200 909 3253 mense
922 3191 957 3253 et
973 3179 1163 3255 indictione
1178 3181 1388 3278 prescriptis.

418 3521 833 3534 nt———u--n—-u—
838 3525 1344 3535 -σ-κ--ι--ι--κ--ι-ι

226 3835 467 3945 Fridericus,
500 3837 761 3923 Romanorum
795 3841 1026 3951 imperator,
1061 3845 1110 3926 ad
1146 3845 1366 3954 petitionem
1401 3847 1589 3932 ludewici
1671 3851 1735 3908 ΛΡΜ

1645 3909 1750 3954 Parmam

172 3969 389 4081 lantgravii
413 3971 665 4085 Thuringiae,
689 3975 890 4059 confirmat
915 3977 1172 4062 venditionem
1198 3979 1342 4089 praedii
1369 3981 1409 4062 in
1437 3979 1588 4063 liulde-
1669 3961 1737 4006 ³¹¹⁰·

173 4102 296 4318 {insen
328 4132 352 4188 a
382 4105 546 4192 Diterico
577 4108 625 4191 de
656 4109 902 4194 Ruldehusen
933 4113 1163 4197 monasterio
1197 4113 1589 4198 lleinhardsbornensi

190 4245 329 4320 aetam.

254 4466 423 4548 (Memorat.
438 4471 471 4532 in
487 4469 650 4555 Thurinpic
663 4490 757 4547 moa,
771 4491 803 4554 p.
821 4484 892 4550 211,
907 4492 947 4536 ex
959 4475 1080 4554 diplom.
1094 4475 1289 4538 lleinhardsb.
1303 4476 1494 4550 chartulario,
1509 4493 1591 4538 nunc

294 4577 375 4655 apud
384 4577 512 4640 Gothum
524 4587 686 4644 meato.
699 4579 792 4644 Adest
802 4581 892 4644 ultera
905 4583 990 4660 eopia
1002 4583 1093 4644 seculi
1104 4583 1206 4648 XVIII
1218 4584 1297 4662 apud
1309 4583 1540 4664 Wollcnbuttel,
1558 4590 1593 4645 ut

294 4691 395 4746 monet
407 4685 614 4768 fflehmuus.)

255 4788 297 4850 ll.
1393 4805 1430 4859 sl
