4436 5870
1011 531 1225 596 turbante!
1252 536 1424 598 succum
1733 541 1811 626 [rius.
1833 545 1918 610 1221.

632 667 728 729 refert
744 667 785 729 At
796 669 873 730 abac
885 670 1008 746 scriptor
1020 669 1114 730 multo
1126 673 1270 734 vomsttor
1283 673 1395 736 sodicot
1415 671 1600 753 Amnuro,
1613 677 1719 742 ΝΜ·
1730 675 1763 738 dt
1780 676 1923 750 Vsum,

631 792 663 853 p.
679 785 734 838 ιη
750 773 918 854 (rosphoc
930 775 1010 836 raom
1023 775 1133 838 tudam
1145 792 1214 838 cum
1226 776 1453 840 msvuhbzlo
1472 787 1569 842 moso
1587 779 1665 844 trab
1676 801 1775 863 prom
1793 781 1823 844 lc
1841 783 1922 856 αἰιά,

631 879 886 959 otoddtttdtd.p.
905 879 1924 970 lauradacoplodolprs'otleytocllclolooodotodctdloapcr.l?a-

630 985 727 1069 doripo
737 989 771 1050 1!
780 985 813 1049 ot
823 1005 933 1050 cacooo
945 988 1076 1070 Pupuuo,
1086 1006 1116 1049 ac
1126 985 1189 1049 lot
1199 988 1214 1050 l
1226 991 1260 1048 io
1273 987 1356 1074 luopo
1366 987 1405 1050 do
1413 987 1660 1074 prcemrqltsedc,
1672 1011 1732 1055 coo
1743 996 1774 1056 ol
1786 993 1802 1055 t
1810 993 1923 1076 poulo

628 1092 707 1156 datu
722 1096 897 1168 sticum,
913 1093 983 1157 rat.
998 1111 1086 1168 socr„
1100 1101 1173 1157 tom.
1191 1097 1216 1169 l,
1233 1105 1263 1158 a·
1276 1113 1353 1174 paro,
1369 1099 1426 1160 ool.
1444 1106 1512 1173 aaa,
1528 1101 1714 1178 prtvllcglum
1728 1117 1846 1179 quoquo
1859 1119 1922 1164 mc·

628 1211 735 1276 morat,
747 1204 830 1264 nullo
840 1209 941 1264 tamen
954 1203 1066 1264 tudlclo
1076 1203 1156 1265 undo
1168 1211 1255 1265 notae
1263 1205 1486 1284 chronologicae
1496 1207 1611 1268 rcslltnl
1621 1209 1744 1284 pomlnt.
1753 1201 1923 1270 Notandum

630 1315 675 1369 est
690 1311 809 1387 tnsupcr
821 1311 1008 1390 prlutleglum
1021 1309 1103 1370 istud
1115 1311 1147 1369 tn
1160 1311 1346 1372 concludono
1357 1327 1412 1372 sua
1424 1327 1444 1372 a
1455 1313 1541 1374 solita
1553 1311 1648 1374 torma
1661 1313 1831 1389 abborrm
1845 1301 1922 1376 unde

629 1415 765 1478 arbitrari
778 1418 846 1478 ltcet
859 1417 940 1495 quod
953 1416 992 1478 ab
1005 1418 1141 1496 orlgtnall
1150 1417 1330 1496 jamdudum
1343 1419 1453 1480 amisso
1466 1419 1551 1495 copln
1564 1419 1732 1497 dbmopet.)

562 1648 600 1718 lu
619 1647 759 1718 nominc
788 1656 905 1718 sancto
932 1655 967 1718 ot
987 1645 1171 1719 individue
1188 1646 1371 1719 Trinitatis.
1392 1647 1593 1720 Frodoricus
1608 1647 1783 1720 socundus
1805 1648 1923 1722 divino

512 1770 649 1841 favento
674 1770 853 1843 clementia
875 1771 1105 1843 Romanorum
1127 1771 1311 1866 imperator
1331 1779 1366 1844 ot
1386 1793 1520 1867 sempor
1542 1779 1710 1866 augustus
1733 1781 1767 1843 et
1788 1793 1851 1846 rex
1871 1773 1923 1845 Si·

510 1893 602 1966 cilio.
633 1894 851 1988 Imperatorio
885 1895 1071 1988 majestatis
1100 1895 1200 1968 dccet
1229 1895 1449 1968 eminentium
1472 1896 1575 1988 justis
1602 1893 1756 1969 fidolium
1782 1919 1922 1969 snorum

510 2017 693 2092 desideriis
717 2018 903 2112 bonignam
924 2041 963 2093 sc
982 2019 1125 2114 probaro
1145 2029 1181 2093 ot
1202 2019 1418 2094 commodam
1444 2019 1579 2092 illorum
1607 2022 1811 2117 propensius
1832 2020 1922 2094 votis

510 2164 574 2216 sue
591 2141 782 2217 screnitatis
796 2165 915 2216 aurem
929 2144 1188 2218 accommodare
1204 2165 1352 2237 quorum
1369 2143 1588 2217 devotionem
1603 2143 1755 2219 lucidam
1768 2153 1803 2218 ct
1817 2143 1920 2218 fidem

512 2267 682 2338 oculatam
708 2266 862 2361 preclara
893 2267 929 2338 in
957 2266 1032 2340 dies
1062 2267 1304 2340 commendant
1327 2266 1506 2362 obsequia.
1533 2269 1623 2340 lutor
1645 2288 1734 2362 quos
1760 2267 1921 2341 dilectum

510 2386 647 2461 fidelem
677 2388 866 2484 principem
894 2400 1049 2463 nostrum
1072 2390 1248 2480 Pagauum
1271 2389 1503 2462 venerabitem
1525 2391 1766 2464 vulterranum
1787 2391 1921 2486 opisco-

507 2535 592 2609 pum
615 2514 820 2609 precipuum
839 2523 1050 2610 reputantes,
1067 2536 1147 2586 cum
1163 2535 1227 2586 suo
1252 2513 1440 2586 honestatis
1462 2523 1498 2586 et
1522 2514 1706 2608 conspicue
1730 2512 1922 2585 dovotionis

508 2646 601 2709 corta
614 2637 715 2709 nobis
729 2639 918 2710 clarescant
931 2637 1073 2728 indicia,
1090 2659 1154 2733 pro
1168 2638 1303 2710 fervore
1316 2636 1509 2710 dilectionis
1524 2659 1628 2732 mam
1644 2647 1756 2710 nostro
1770 2645 1922 2732 patenter

509 2761 597 2855 gerit
630 2762 799 2853 majestati
832 2771 866 2834 ot
888 2762 933 2834 ob
964 2764 1124 2835 meritum
1147 2759 1320 2835 fidelitatis
1346 2783 1451 2856 quam
1475 2783 1573 2836 sacro
1601 2762 1756 2834 Romano
1779 2759 1921 2856 imperio

510 2883 675 2956 exhibere
700 2893 735 2955 ot
755 2905 891 2978 sempor
913 2883 1113 2958 exhibuisse
1135 2883 1362 2980 dignoscitur,
1384 2883 1603 2957 affectuosius
1627 2905 1708 2956 eum
1731 2883 1767 2956 in
1788 2881 1922 2978 petitio-

513 3007 618 3078 nibus
634 3007 707 3080 suis
721 3007 889 3079 exaudire
906 3005 1140 3096 decrevimus;
1160 3030 1202 3080 oa
1220 3030 1289 3104 que
1307 3007 1545 3080 serenissimus
1566 3007 1787 3102 predecessor
1808 3013 1922 3078 nostor

513 3142 612 3224 pater
634 3139 749 3202 noster
768 3128 931 3202 munifica
950 3129 1160 3202 liberalitatis
1180 3152 1244 3203 suo
1263 3130 1418 3221 largitate
1437 3130 1591 3226 alioquin
1612 3131 1779 3202 concessit
1799 3127 1920 3224 prode·

513 3254 707 3327 cossoribus
731 3253 806 3345 ojus
825 3261 860 3326 ot
879 3254 1081 3326 vulterrano
1103 3254 1245 3326 molosia
1271 3254 1438 3349 presentis
1463 3254 1633 3349 privilegii
1660 3253 1782 3326 robore
1801 3250 1921 3325 confir·

512 3390 658 3472 mantos,
675 3389 802 3452 certam
815 3379 859 3452 do
874 3401 936 3451 sua
952 3379 1121 3474 probitate
1139 3379 1313 3473 capientes
1336 3377 1499 3452 fiduciam
1514 3388 1554 3450 ut
1573 3387 1704 3472 quanto
1720 3385 1833 3472 partes
1847 3379 1921 3469 ejus

511 3503 714 3577 familiarius
730 3503 937 3599 recepimus,
961 3511 1055 3576 tanto
1069 3503 1184 3598 ipsum
1198 3503 1233 3572 iu
1250 3503 1424 3575 nostriset
1440 3503 1575 3598 imperii
1593 3501 1742 3574 servitiis
1758 3510 1921 3594 tanquam

512 3627 663 3721 plautarn
683 3628 891 3702 fructiferam
913 3625 1101 3700 fideliorem
1123 3625 1353 3700 inveniamus.
1373 3627 1424 3698 Ea
1444 3635 1583 3723 propter
1601 3626 1773 3698 univorsis
1790 3623 1920 3719 imperii

514 3749 675 3824 fidelibus
701 3751 868 3845 presentis
893 3749 1056 3824 videlicet
1078 3751 1177 3822 etatis
1200 3757 1234 3821 ot
1258 3749 1452 3824 successive
1478 3749 1685 3846 posteritatis
1708 3756 1829 3820 notum
1849 3745 1921 3818 fiori

512 3874 673 3946 volumus
690 3873 785 3968 quod
807 3894 870 3945 nos
886 3873 934 3947 ad
954 3873 1141 3968 supradicti
1157 3872 1321 3968 principis
1345 3875 1451 3946 nostri
1470 3874 1699 3946 interventum
1714 3873 1822 3968 ipsum
1839 3869 1921 3942 Vul-

513 4007 683 4072 tarranam
707 3997 884 4070 ecclesiam
906 4019 985 4070 cum
1009 3998 1181 4069 univorsis
1196 4019 1266 4090 quo
1282 4019 1329 4069 ox
1351 3996 1493 4089 antiquo
1516 4005 1577 4068 aut
1592 4017 1638 4068 ex
1653 4015 1745 4068 novo
1771 4002 1921 4088 tompore

512 4122 665 4217 possidet
690 4131 751 4195 uut
777 4124 813 4194 iu
849 4124 1003 4194 futurum
1030 4123 1123 4214 juste
1149 4130 1183 4194 ot
1210 4119 1454 4192 rationabiliter
1481 4118 1601 4214 poterit
1627 4115 1774 4212 adipisci
1801 4116 1922 4210 clypco

515 4257 630 4320 nostre
651 4247 869 4343 protectionis
895 4245 1077 4319 tenendam
1096 4245 1303 4341 suscipimus
1328 4253 1363 4317 et
1381 4242 1646 4330 defensandam,
1670 4239 1832 4312 universa
1854 4261 1922 4332 que

517 4369 563 4444 ad
585 4370 694 4465 ipsius
714 4371 855 4443 ecclesio
869 4371 1018 4465 justitias
1036 4381 1070 4443 et
1089 4371 1169 4463 jura
1190 4369 1360 4465 portinent
1386 4379 1500 4442 nostra
1523 4366 1700 4440 evidenter
1723 4363 1923 4435 auctoritate

518 4493 756 4567 confirmantes
773 4522 780 4565 ε
798 4517 945 4589 quorum
962 4495 1112 4590 quedam
1132 4495 1279 4591 propriis
1295 4495 1368 4567 suis
1386 4492 1584 4566 nominibus
1597 4491 1761 4564 douomre
1778 4486 1922 4576 dignum

519 4617 699 4707 duximus,
720 4620 956 4691 vulterranam
973 4619 1132 4692 videlicet
1148 4620 1322 4692 civitatem
1345 4639 1424 4691 cum
1442 4615 1602 4690 omnibus
1616 4609 1829 4710 pertinentiis
1851 4610 1924 4682 suis
