4296 5898
223 580 321 640 lunrcr.
340 576 402 655 lu]
672 569 869 634 HISTORIA
893 569 1182 634 ulutourlllcn.
1577 569 1636 630 213

224 712 375 786 villanus
392 709 485 784 omni
502 710 693 805 septimana
710 731 915 804 perannum
934 707 1073 782 duobus
1095 706 1219 780 diebus
1238 705 1414 801 angariam
1430 705 1636 778 monasterio

225 838 338 912 iacere
355 835 481 910 debeat
502 845 537 906 et
557 832 742 908 duodecim
760 833 834 908 dies
854 833 955 906 luciat
971 854 1033 929 per
1052 854 1184 905 annum
1205 851 1267 927 pro
1290 830 1512 927 perangaria,
1530 828 1636 903 vide—

225 961 305 1035 licet
321 961 383 1056 qui
406 959 569 1056 parictem
595 957 717 1030 babuit
738 967 816 1030 octo
833 967 969 1030 tarenos
993 958 1069 1030 auri
1092 958 1203 1030 solvat
1221 955 1399 1029 annuatim
1421 954 1534 1027 eidem
1559 977 1637 1028 mo-

227 1085 377 1158 nasterio
397 1092 432 1158 et
453 1105 532 1156 cum
552 1081 681 1178 pariclo
703 1091 852 1176 quatuor
870 1081 995 1155 dicbus
1016 1091 1168 1178 tempore
1188 1081 1359 1155 seminum
1379 1080 1507 1153 serviat
1522 1079 1636 1153 eidem

227 1209 446 1300 monasterio,
469 1218 618 1304 quatuor
632 1205 677 1290 ad
693 1227 804 1298 areas,
823 1215 972 1301 quatuor
988 1206 1034 1278 ad
1051 1208 1170 1280 vineas
1186 1204 1409 1280 excolendas.
1429 1206 1557 1278 Omnes
1577 1205 1633 1278 alii

226 1333 288 1428 qui
315 1333 478 1429 puriclam
503 1354 572 1405 non
603 1332 732 1405 babent
758 1341 908 1426 quatuor
933 1340 1068 1404 tarenos
1091 1331 1256 1405 exolvunt
1283 1340 1318 1405 et
1336 1340 1485 1426 quatuor
1512 1331 1639 1405 diebus

227 1457 382 1531 serviant
397 1457 443 1532 ad
465 1456 704 1553 zappandum,
723 1463 871 1552 quatuor
887 1455 935 1530 ad
954 1456 1172 1548 metendum,
1189 1467 1338 1552 quatuor
1360 1456 1406 1530 ad
1424 1457 1545 1530 vineas
1566 1480 1637 1529 ex-

228 1582 404 1656 colendas.
424 1585 510 1656 Item
529 1591 568 1654 ut
594 1580 745 1655 debeant
762 1601 882 1654 omnes
902 1583 1007 1654 semel
1031 1582 1068 1653 in
1093 1603 1186 1654 anno
1208 1583 1258 1655 ire
1282 1581 1330 1656 ud
1353 1603 1477 1654 nemus
1501 1604 1562 1676 pro
1584 1585 1638 1655 la-

225 1707 362 1781 ciendis
377 1718 412 1782 et
428 1707 605 1804 portandis
629 1706 757 1781 abinde
778 1707 1025 1802 lignaminibus
1045 1708 1185 1798 grancie
1209 1729 1270 1780 seu
1297 1709 1371 1780 loco
1394 1707 1562 1780 Mentabri
1578 1730 1639 1780 ue·

227 1834 399 1906 cessariis.
418 1835 503 1906 Item
524 1833 629 1906 semel
651 1833 686 1904 in
705 1854 797 1906 anno
815 1843 895 1906 eant
909 1833 955 1906 ad
971 1833 1149 1907 iaciendos
1169 1833 1205 1904 in
1227 1854 1366 1906 nemore
1383 1832 1529 1905 circulos
1544 1841 1578 1904 et
1593 1833 1639 1906 ad

227 1957 360 2031 dictum
395 1959 508 2031 locum
538 1959 707 2032 lllentabri
744 1959 915 2032 ferendos.
950 1959 1035 2031 ltem
1065 1967 1101 2031 st
1129 1959 1343 2053 quicumque
1372 1957 1476 2030 babet
1503 1959 1638 2030 asinum

227 2081 415 2157 duodecim
437 2084 562 2156 salmas
586 2083 789 2157 victualium
812 2093 922 2179 portet
938 2083 985 2156 ab
1006 2105 1086 2157 area
1109 2105 1220 2178 usque
1242 2081 1288 2155 ad
1304 2082 1464 2155 borreum
1483 2082 1638 2175 ejusdem

226 2207 294 2280 loci
319 2217 354 2280 et
371 2229 475 2281 unam
497 2208 640 2280 salmam
660 2207 739 2281 tede
760 2207 886 2280 debeat
913 2206 997 2281 dare
1019 2228 1082 2302 per
1103 2229 1246 2280 aunum.
1268 2209 1351 2278 ltem
1372 2215 1413 2277 ut
1430 2207 1641 2302 quicumque

226 2353 312 2407 oves
336 2332 441 2405 habet
466 2332 681 2406 herbaticum
702 2333 808 2407 donet
825 2331 1017 2405 secundum
1036 2331 1323 2404 consuetudinem
1340 2339 1430 2403 terre
1446 2331 1636 2426 Squillacii.

226 2458 311 2532 ltem
330 2466 370 2529 nt
387 2459 601 2552 quicumque
617 2457 779 2531 habuerit
790 2477 914 2554 porcos
929 2456 975 2530 de
988 2456 1119 2531 eisdem
1134 2455 1394 2551 glandaturium
1410 2455 1522 2528 solvat
1537 2477 1640 2550 gran·

227 2581 282 2654 cie
299 2603 360 2656 seu
379 2583 454 2656 loco
468 2583 636 2678 predicto.
651 2584 737 2656 Item
751 2592 791 2654 ut
807 2603 928 2656 omncs
945 2581 990 2655 de
1005 2591 1117 2654 musto
1130 2581 1299 2655 decimam
1321 2581 1474 2655 tribuant
1490 2589 1526 2654 et
1540 2602 1639 2675 agra·

227 2707 279 2779 riu
312 2703 362 2803 (a)
388 2706 433 2780 de
466 2707 587 2799 terris,
616 2707 707 2780 sicut
734 2707 825 2780 soliti
851 2717 934 2780 sunt
958 2706 1152 2780 secundum
1178 2709 1444 2780 instrumentum
1469 2706 1565 2800 quod
1588 2707 1639 2779 eis

228 2831 475 2904 monasterium
494 2833 585 2905 lecit.
605 2833 688 2905 ltem
708 2842 746 2904 ut
763 2831 809 2906 dc
822 2832 926 2907 olivis
941 2833 1015 2905 suis
1029 2833 1188 2927 quintam
1209 2832 1345 2905 solvant
1359 2840 1394 2905 et
1409 2830 1455 2904 de
1469 2831 1577 2906 bortis
1593 2830 1641 2926 (b)

227 2965 263 3030 et
285 2956 447 3030 domibus
474 2956 563 3030 sicut
589 2967 623 3030 et
647 2958 705 3031 alii
729 2959 882 3031 forenses
907 2959 1041 3031 solvere
1063 2958 1213 3031 debeant
1233 2957 1324 3028 sicut
1343 2957 1466 3028 solent.
1492 2957 1577 3028 ltem
1603 2964 1641 3028 ut

226 3081 440 3174 quicumque
455 3082 618 3177 periclem
634 3082 795 3156 habuerit
807 3083 939 3177 lignum
957 3103 1067 3155 unum
1080 3083 1117 3154 in
1133 3081 1243 3156 Natali
1259 3081 1393 3153 Domini
1411 3083 1497 3155 lerat
1509 3082 1639 3155 dictum

226 3206 334 3279 Grece
351 3206 486 3278 buccila
502 3206 558 3302 (c),
580 3207 673 3280 etde
692 3209 763 3281 sale
782 3217 852 3281 tam
868 3210 929 3304 qui
945 3207 1051 3282 habet
1066 3208 1229 3303 pariclam
1247 3229 1352 3302 quam
1370 3208 1432 3301 qui
1450 3208 1555 3280 babet
1570 3209 1641 3281 asi·

226 3351 314 3402 num
334 3351 406 3402 uno
424 3330 542 3424 viagio
560 3332 605 3405 de
623 3333 733 3405 saliua
755 3333 852 3407 ierat.
875 3335 958 3406 ltem
979 3342 1019 3405 ut
1034 3333 1248 3427 quicumque
1263 3343 1415 3405 muretus
1429 3355 1451 3405 a
1464 3343 1560 3428 patre
1576 3354 1640 3406 suo

226 3475 375 3527 uxorem
394 3455 534 3528 duxerit
556 3467 591 3528 et
610 3477 673 3551 per
694 3477 733 3529 se
753 3456 901 3548 vixerit,
926 3457 1095 3550 integrum
1120 3464 1275 3529 teneatur
1295 3457 1501 3529 monasterio
1524 3478 1639 3552 angu—

226 3579 315 3651 rium
330 3578 496 3652 exhibere
513 3589 547 3652 et
564 3581 727 3675 gallinam
738 3603 845 3654 unam
860 3581 898 3652 in
911 3581 1022 3653 Natali
1035 3579 1171 3652 Domini
1187 3591 1223 3653 et
1237 3581 1367 3654 Pascha
1383 3582 1640 3654 resurrectionis

225 3725 295 3777 ova
309 3702 429 3776 decem
446 3705 530 3778 dare
547 3725 667 3777 eorum
681 3705 828 3799 quilibet
848 3714 1016 3778 teneatur.
1033 3705 1147 3778 Liceat
1164 3715 1279 3778 autem
1295 3704 1425 3778 eisdem
1444 3704 1641 3780 hominibus

226 3849 289 3903 seu
308 3829 445 3902 villanis
466 3829 555 3902 filias
578 3852 661 3903 suas
683 3828 766 3903 dare
784 3830 820 3901 in
844 3832 972 3902 uxores
995 3828 1127 3924 quibus
1148 3830 1337 3922 voluerint,
1362 3840 1503 3924 acceptu
1523 3841 1636 3903 tamen

226 3955 326 4050 prius
349 3953 487 4027 licentia
511 3963 545 4026 et
566 3955 672 4027 salvis
692 3955 884 4028 rationibus
902 3977 992 4050 quas
1016 3955 1220 4027 monasterio
1244 3953 1390 4050 proinde
1412 3953 1496 4028 dare
1512 3954 1640 4027 debent

224 4079 421 4152 secundum
437 4078 724 4152 consuetudinem
742 4080 961 4153 villanorum.
983 4080 1067 4152 ltem
1081 4078 1164 4173 quia
1186 4077 1304 4151 villani
1323 4077 1469 4149 militum
1488 4087 1639 4174 prestant

224 4204 278 4278 eis
299 4202 509 4298 adjutorium
535 4223 597 4300 pro
619 4205 710 4276 arlro
722 4203 774 4300 (d)
792 4203 839 4276 ad
857 4201 1036 4275 servitium
1051 4203 1183 4275 domini
1197 4202 1412 4298 imperatoris
1426 4203 1483 4274 vel
1497 4204 1638 4298 quando

269 4379 310 4461 (a)
330 4381 389 4460 Ap.
404 4379 535 4460 Tromby
548 4381 686 4463 auguria

267 4485 309 4568 (b)
331 4488 446 4549 lblrlcm
461 4488 556 4549 unu.

267 4597 305 4671 (c)
327 4593 452 4669 lbldem,
467 4597 518 4658 scd
529 4597 607 4658 mule
623 4613 631 4654 τ
637 4592 722 4676 saul
732 4593 775 4656 ad
784 4594 893 4657 &mnu
905 4595 1111 4656 monumen
1126 4593 1213 4656 erec
1225 4591 1323 4674 Diluta
1337 4593 1450 4675 (Ξὺλα).

266 4699 310 4782 (dl
331 4703 389 4782 Ap.
401 4703 532 4784 Tromby
548 4700 743 4784 Coufiowox
756 4711 895 4782 corrupta
907 4720 960 4766 seu
972 4704 1051 4766 lectu
1067 4701 1208 4764 dllflcffls.
