4292 5894
513 421 575 484 828
1019 421 1234 485 sntnsutct
1259 422 1433 485 sscuunt
1736 423 1817 507 [Aur.
1833 425 1920 488 lm

516 557 609 628 bona
624 575 845 650 quocumque
866 555 971 628 modo
988 557 1137 654 poterint
1154 555 1322 652 adipisci,
1343 555 1505 628 ecclesias
1521 552 1702 640 edificare,
1721 557 1850 630 casalia
1866 559 1924 630 la-

516 700 606 771 oerc,
624 680 781 752 homines
799 679 955 770 allidere,
972 679 1188 773 molendina,
1208 681 1303 753 sumu
1318 687 1353 752 st
1366 689 1497 774 trapeta
1517 690 1733 771 construere,
1750 681 1872 754 vineas
1886 689 1924 754 et

517 804 643 876 oliveta
658 813 693 877 et
706 804 774 876 alia
792 804 958 900 pomifera
976 806 1150 902 pastinare
1162 804 1224 877 ubi
1242 803 1427 878 voluerint.
1448 803 1492 876 At
1509 825 1657 899 nequea
1676 805 1776 878 nobis
1794 813 1831 877 et
1844 827 1923 878 nos·

517 927 578 999 tris
601 926 787 1000 bcmdibus
809 949 871 1000 ssu
897 930 1154 1002 successoribus
1175 929 1301 1002 nostris
1320 936 1381 1002 aul
1400 949 1423 1002 a
1444 929 1569 1000 nostris
1592 930 1799 1023 stratigotis,
1822 931 1926 1022 judi-

516 1052 628 1140 cibus,
650 1052 885 1144 stmmarcbis,
901 1053 1175 1140 vicecomitibus,
1193 1051 1357 1148 plazzaris
1373 1051 1430 1125 vel
1450 1051 1623 1146 aliquibus
1645 1051 1926 1125 ministerialibus

515 1197 576 1250 ssu
607 1186 723 1248 nostre
751 1177 943 1272 reipublice
969 1178 1190 1250 exactoribus
1218 1187 1279 1249 aut
1306 1175 1519 1270 quibuslibet
1545 1174 1743 1249 bominibus
1773 1177 1927 1270 quolibet

514 1309 668 1396 tempore
693 1300 887 1396 predictum
909 1301 1154 1374 monasterium
1178 1313 1213 1375 et
1231 1301 1373 1374 abbates
1397 1308 1433 1372 et
1456 1321 1671 1373 soccessores
1694 1300 1749 1372 sui
1774 1301 1820 1372 de
1843 1323 1926 1396 prs-

515 1423 618 1498 dictis
631 1425 731 1498 terris
744 1435 778 1498 et
793 1425 839 1498 de
853 1427 1018 1500 omnibus
1036 1425 1184 1501 edificiis
1197 1448 1267 1522 que
1280 1427 1316 1497 in
1333 1425 1387 1499 eis
1404 1425 1546 1498 iecerint
1561 1425 1703 1520 aliquod
1717 1427 1925 1498 contrarium

515 1548 678 1641 babeant,
696 1558 732 1620 et
747 1571 861 1644 neque
878 1573 899 1624 a
915 1551 1093 1624 monacbis
1108 1551 1163 1626 vel
1182 1550 1381 1624 bominibus
1399 1571 1521 1623 sorum
1537 1548 1771 1639 affidaturam,
1793 1551 1934 1644 platea-

516 1673 624 1745 ticum
640 1673 696 1745 vel
719 1675 863 1768 aliquod
878 1673 998 1748 datum
1019 1676 1140 1750 tollant
1161 1675 1217 1749 vel
1240 1675 1391 1770 aliquam
1413 1673 1589 1768 angariam
1606 1675 1718 1746 lacere
1733 1675 1872 1746 iaciant.
1890 1675 1926 1746 Si

516 1797 697 1891 quievero
714 1799 895 1872 temerario
919 1821 1008 1872 ausu
1033 1800 1158 1873 barum
1178 1809 1372 1872 nostrarum
1390 1797 1649 1871 concessionum
1667 1798 1815 1870 violator
1834 1799 1927 1870 exti-

518 1922 612 2012 terit,
634 1921 720 1994 sciat
744 1944 781 1996 se
800 1924 1067 2019 compositurum
1087 1925 1163 1998 auri
1180 1924 1357 2020 purissimi
1377 1922 1482 1996 libras
1502 1922 1771 2017 quinquaginta,
1792 1921 1928 1996 medie-

519 2053 623 2118 tatem
642 2067 777 2119 camme
791 2057 906 2121 nostre
921 2060 956 2122 et
973 2048 1191 2123 medietatem
1211 2049 1298 2145 parti
1318 2049 1427 2144 ipsius
1444 2048 1659 2140 monasterii3
1681 2056 1715 2120 et
1732 2048 1797 2119 bec
1815 2057 1929 2119 nostru

518 2171 757 2244 concessiones
775 2194 911 2268 semper
933 2172 1030 2247 firm0
1052 2183 1087 2246 et
1108 2174 1311 2246 inconcusso
1335 2181 1569 2267 permaneant.
1592 2172 1738 2244 Textum
1758 2192 1842 2244 vern
1861 2171 1927 2244 ba-

516 2316 593 2366 rum
610 2303 804 2368 nostrarum
820 2299 1079 2370 concessionum
1097 2299 1247 2370 scribere
1267 2297 1485 2393 precepimus
1505 2297 1567 2369 tibi
1583 2294 1780 2368 Grimoaldo
1795 2297 1928 2368 nummo

517 2428 633 2492 nostro
654 2429 688 2493 ct
706 2430 821 2493 nostru
838 2444 918 2493 cum
935 2423 1059 2516 tipario
1075 2423 1237 2518 plumbea
1252 2420 1347 2493 bulla
1364 2421 1488 2494 bullari
1499 2420 1679 2513 jussimus,
1699 2441 1789 2492 anno
1808 2420 1928 2493 domi-

518 2543 597 2616 nice
614 2545 859 2619 incarnationis
884 2546 1066 2619 millesimo
1085 2547 1309 2638 nonagesimo
1327 2545 1497 2638 secundo,
1518 2543 1666 2617 ducatus
1687 2553 1799 2616 autem
1820 2544 1927 2615 nostri

520 2669 679 2763 septimo,
695 2691 814 2742 mense
832 2669 954 2761 madii,
972 2669 1160 2743 indictione
1171 2669 1440 2765 quintadecima.
1456 2711 1505 2722 —
1516 2670 1590 2764 ligo
1605 2669 1771 2762 llogerius
1782 2666 1857 2740 dux
1871 2690 1928 2739 me

517 2793 718 2888 subscripsi.
741 2833 791 2846 —
808 2793 882 2888 Ego
903 2793 1013 2866 Adela
1032 2794 1094 2867 Dei
1119 2795 1230 2890 gratia
1252 2795 1402 2868 ducissa.
1421 2794 1628 2889 -Signum
1652 2792 1859 2864 Boamundi.
1881 2831 1924 2844 -·

519 2917 665 3011 Signum
689 2916 858 2990 (luidonis
877 2917 939 2989 filii
960 2917 1100 2992 llobsrti
1123 2917 1298 3012 magnifici
1324 2918 1437 2993 ducis.
1459 2920 1667 3012 -Signum
1688 2915 1860 2989 Guidclmi
1883 2914 1930 2988 do

518 3040 622 3114 Bitito
648 3041 827 3134 stratigoti.
850 3043 997 3136 -Ego
1024 3043 1144 3116 Petrus
1170 3043 1216 3116 de
1241 3044 1395 3116 iohanne
1417 3043 1548 3139 Crispo.
1571 3083 1621 3096 -
1637 3043 1711 3136 Ego
1738 3041 1930 3115 blanfridus

519 3164 645 3256 judex.
661 3203 704 3216 -
716 3165 789 3260 ligo
801 3165 908 3239 Alteri
925 3165 997 3239 tilio
1010 3166 1165 3239 Iohanne
1182 3164 1267 3262 (sic).
1284 3209 1322 3220 -
1340 3167 1484 3262 Signum
1498 3164 1622 3240 Ubaldi
1639 3165 1700 3237 filii
1717 3164 1926 3261 ildeprandi.

517 3290 653 3382 -Ego
670 3287 878 3384 ildeprando
890 3288 1034 3361 honeste
1052 3288 1137 3384 (sic).
1162 3327 1205 3340 -
1219 3289 1294 3381 Ego
1307 3289 1457 3361 Alterius
1470 3287 1624 3361 Cervam
1641 3287 1749 3360 testis.

567 3413 637 3486 Nos
665 3413 772 3507 igitur
798 3412 1014 3486 attendentes
1036 3411 1132 3507 quod
1160 3411 1352 3506 predictum
1383 3412 1628 3485 monasterium
1655 3412 1807 3484 felicium
1832 3411 1930 3506 prin-

519 3537 637 3633 cipum
664 3546 771 3632 atque
794 3559 917 3633 regum
944 3536 1225 3633 predecessorum
1254 3546 1449 3608 nostrorum
1475 3545 1645 3609 structura
1671 3535 1823 3608 extiterit
1845 3557 1931 3632 spe-

520 3661 618 3734 cialis
622 3715 1079 3734 ............
1107 3661 1210 3755 longe
1231 3661 1369 3756 lateque
1387 3660 1535 3733 ditatum
1557 3661 1683 3754 pariter
1699 3669 1734 3733 et
1755 3658 1927 3751 demtum,

520 3785 790 3882 supplicationes
810 3797 899 3877 tuas,
917 3784 1127 3858 venerabilis
1146 3785 1253 3880 prior,
1273 3784 1318 3858 de
1334 3785 1451 3858 innata
1468 3785 1649 3858 clementia
1664 3785 1849 3880 diligenter
1861 3784 1931 3858 ud-

519 3911 678 3984 misimus
698 3919 733 3982 et
753 3911 923 4007 prelatum
940 3909 1159 4005 privilegium
1176 3909 1289 3982 eidem
1314 3909 1519 3982 monasterio
1539 3910 1584 3984 de
1602 3909 1710 3982 verbo
1728 3908 1930 3984 adverbum

518 4035 677 4109 innovari
691 4035 937 4115 mandavimus
949 4043 985 4107 et
998 4044 1166 4130 perpetuo
1182 4033 1389 4107 confirmari.
1405 4035 1447 4105 Et
1464 4055 1509 4106 ne
1521 4044 1660 4130 propter
1671 4035 1927 4131 privilegiomm

518 4182 660 4233 suorum
680 4159 899 4232 amissionem
920 4161 956 4231 in
972 4159 1248 4255 possessionibus
1266 4159 1339 4231 suis
1359 4158 1582 4255 dispendium
1597 4159 1766 4232 sustineat
1786 4181 1930 4232 monas-

520 4283 645 4356 terium
662 4293 902 4374 memoratum,
920 4282 965 4356 de
983 4283 1103 4376 majori
1119 4283 1230 4376 gratie
1246 4290 1360 4354 nostre
1377 4281 1612 4356 munificentia
1629 4284 1661 4355 ei
1678 4283 1929 4378 inperpetuum

520 4407 765 4481 confirmamus
781 4430 902 4481 omnes
918 4409 1169 4504 possessiones,
1189 4408 1365 4500 homines,
1386 4408 1512 4479 casalia
1527 4415 1563 4478 et
1575 4407 1762 4479 tenimenta
1779 4430 1850 4501 que
1865 4407 1929 4480 du·

520 4530 605 4604 dum
623 4530 808 4607 donatione
829 4534 1024 4631 principum
1042 4540 1146 4628 atque
1161 4533 1309 4620 ducum,
1334 4533 1554 4605 concessione
1571 4553 1692 4622 Qum
1710 4540 1746 4603 et
1764 4553 1928 4626 quorum·
