4436 5870
294 554 454 630 mmm
746 547 942 610 HISTORIA
969 547 1261 613 lthLOblliTlClb
1668 550 1708 612 63

295 699 405 780 curte,
428 685 614 763 dimidium
633 683 758 757 montis
775 682 918 778 Agutnli
934 680 1006 781 (l),
1026 684 1211 760 dimidium
1226 687 1412 780 Snbbiaui,
1432 685 1616 760 dimidium
1631 687 1709 760 Fal-

296 814 405 905 cnnis,
433 814 552 886 vanna
583 809 717 899 casule,
743 808 879 903 plebem
901 809 947 882 de
969 810 1155 905 Bngliano,
1183 812 1432 886 comendisiam
1456 810 1501 885 de
1526 811 1707 900 Frunznla‚

296 937 461 1034 placitum
484 930 529 1008 de
555 932 711 1022 Moiano,
737 940 896 1026 quartam
923 941 1055 1029 purtem
1079 934 1124 1008 de
1153 935 1315 1029 Ragiolo,
1342 935 1531 1024 bisiacum,
1561 924 1709 1024 Sigillia-

297 1083 381 1134 num
398 1058 462 1155 (a),
480 1057 589 1147 Coita,
606 1055 788 1149 guardiam
805 1053 943 1130 abbatie
958 1056 1003 1129 de
1021 1057 1211 1154 Campoleis
1225 1059 1287 1156 (d),
1305 1069 1340 1132 et
1355 1079 1476 1132 omnes
1496 1057 1710 1150 arbergarias

296 1207 385 1280 quas
404 1183 533 1256 babent
550 1182 587 1253 in
603 1180 769 1253 Romania
783 1187 818 1252 et
839 1179 876 1252 in
897 1180 1039 1272 Tuscia;
1060 1179 1206 1255 Gessnm
1228 1180 1289 1280 (c),
1317 1181 1491 1254 Cerretnm
1509 1203 1589 1253 cum
1613 1181 1709 1253 curia

297 1331 374 1400 sua,
390 1306 556 1381 Trevallis
568 1314 604 1380 et
620 1305 870 1379 Ponteclarum.
890 1306 974 1378 ltem
998 1305 1162 1380 addimus
1179 1315 1213 1380 et
1237 1305 1362 1380 damus
1383 1306 1435 1378 eis
1458 1305 1494 1377 in
1520 1313 1653 1377 rectum
1674 1315 1710 1377 et

296 1434 411 1526 regule
434 1430 579 1504 lendum
606 1437 711 1522 atque
733 1428 956 1502 concedimus
978 1439 1128 1503 castrum
1152 1431 1297 1504 Gorzaui
1319 1430 1470 1526 positum
1493 1430 1530 1501 in
1553 1429 1708 1524 partibus

297 1555 495 1629 Romaniole
513 1575 593 1628 cum
612 1561 682 1626 tcta
699 1552 796 1624 curia
816 1575 882 1626 sua
905 1561 941 1624 et
962 1576 1042 1627 cnm
1064 1555 1226 1629 omnibns
1241 1554 1455 1651 pertinentiis
1476 1553 1549 1626 suis
1573 1563 1607 1626 et
1631 1554 1708 1627 dis-

298 1679 435 1752 trictum
451 1689 485 1752 et
495 1676 770 1772 jurisdictionem
785 1676 894 1772 ipsius
914 1686 1003 1750 terre
1017 1686 1051 1750 et
1065 1679 1161 1751 curie
1175 1701 1239 1751 sue
1251 1688 1355 1773 atque
1376 1677 1556 1751 hominurn
1569 1699 1707 1750 eorum-

299 1804 378 1878 dem
393 1806 559 1878 locorum.
577 1803 776 1899 Specialiter
789 1811 906 1874 autem
920 1803 987 1875 boc
1005 1802 1228 1898 indulgemus
1245 1803 1297 1876 eis
1312 1813 1351 1876 ut
1370 1823 1440 1876 non
1461 1803 1709 1896 compellantur

297 1926 343 2001 de
366 1927 482 2023 aliqua
496 1947 601 2000 cansa
624 1925 691 1998 sub
713 1924 860 2017 alicuius
876 1927 1038 2002 examine
1052 1928 1260 2023 respondere
1284 1926 1349 2000 nisi
1365 1926 1432 1999 sub
1450 1925 1550 1998 nobis
1565 1927 1621 1998 vel
1641 1926 1708 2000 alio

296 2072 402 2145 mem
417 2049 609 2147 specialiter
624 2049 671 2124 ad
685 2048 750 2122 boc
768 2049 1020 2146 delegeremus,
1034 2063 1070 2125 et
1085 2052 1114 2126 si
1138 2052 1280 2146 qnando
1298 2049 1411 2124 vocati
1426 2050 1554 2123 inerim
1569 2071 1591 2123 a
1608 2049 1708 2124 nobis

299 2183 338 2246 nt
362 2174 408 2248 ad
432 2195 495 2248 nos
517 2173 659 2248 veniant
683 2174 782 2246 vela
808 2175 944 2248 nunciis
961 2175 1103 2263 nostris,
1130 2184 1224 2248 metu
1249 2183 1472 2269 cognatorum
1486 2173 1705 2248 Aneelmivel

297 2298 365 2371 alio
386 2298 481 2390 justo
504 2296 752 2393 impedimento
776 2297 1038 2390 interveniente,
1056 2299 1188 2394 possint
1209 2321 1270 2394 per
1297 2300 1511 2394 responsales
1539 2319 1620 2370 suos
1652 2299 1706 2371 vel

299 2421 442 2494 nuncios
459 2419 558 2492 nobis
571 2428 606 2492 et
620 2420 746 2494 nostris
763 2421 900 2494 nunciis
915 2420 991 2495 sine
1004 2431 1119 2495 nostra
1140 2421 1377 2516 indignatione
1395 2421 1615 2516 respondere.
1637 2423 1706 2494 ileo

298 2553 412 2617 antem
426 2543 543 2617 omnia
555 2543 714 2639 superius
727 2545 854 2640 scripta
867 2567 948 2618 cum
961 2545 1123 2618 omnibus
1135 2545 1291 2618 curtibus
1304 2555 1339 2620 et
1350 2543 1563 2617 districtibus
1576 2555 1610 2618 et
1622 2566 1705 2641 per-

298 2667 452 2742 tinentiis
469 2689 590 2742 eornm
604 2667 827 2741 concedimus
841 2667 892 2742 eis
908 2679 1076 2742 eteorum
1089 2669 1276 2744 heredibus
1300 2668 1463 2764 legitimis
1482 2677 1517 2741 et
1538 2669 1706 2766 imperiali

297 2791 500 2865 auctoritate
529 2790 784 2866 confirmamus.
808 2795 1001 2868 statuentes
1022 2795 1127 2890 igitur
1144 2795 1309 2887 jubemus
1328 2801 1368 2865 nt
1387 2792 1433 2866 de
1457 2801 1569 2866 cetero
1591 2795 1708 2866 nullus

299 2916 588 3013 archiepiscopus,
600 2917 796 3013 episcopus,
807 2940 871 2992 nec
881 2918 958 2993 dux
969 2941 1032 2992 nec
1041 2919 1195 2992 marchio
1203 2940 1267 2991 nec
1279 2938 1394 2991 comes
1407 2939 1472 2990 nec
1482 2927 1631 3013 potestas
1644 2937 1707 2990 nec

298 3039 419 3113 civitae
436 3061 501 3114 nec
529 3049 639 3114 rector
664 3062 730 3114 nec
748 3042 955 3117 universitas
974 3064 1039 3116 nec
1056 3043 1174 3139 aliqua
1195 3064 1322 3136 magna
1345 3061 1492 3137 persona
1514 3064 1578 3114 nec
1600 3064 1705 3138 parva

297 3182 359 3234 ecs
370 3163 427 3235 vel
442 3185 561 3238 eorum
578 3164 723 3238 heredes
737 3165 906 3260 legitimos
923 3167 959 3238 in
978 3166 1042 3240 hac
1064 3175 1180 3240 nostra
1205 3166 1426 3239 concessione
1447 3167 1626 3240 molestare
1648 3168 1704 3240 vel

298 3286 454 3379 injuriari
476 3295 537 3360 ant
559 3288 749 3383 inquietare
772 3300 832 3362 aut
854 3289 1036 3363 molestare
1055 3288 1125 3385 (cic)
1144 3299 1340 3386 presumat;
1364 3289 1394 3362 si
1417 3290 1497 3385 quis
1515 3311 1598 3363 vero
1616 3287 1704 3362 banc

298 3419 449 3482 nostram
470 3412 704 3485 anmodtatem
722 3433 810 3485 ausu
821 3413 1001 3487 temerario
1021 3413 1149 3487 violare
1166 3413 1424 3509 presumpserit,
1444 3425 1583 3486 centum
1599 3413 1704 3486 libras

339 3573 379 3656 (a)
402 3575 458 3654 Ap.
472 3574 655 3638 lldelonaum
667 3573 884 3638 Sizaillianum.

339 3679 377 3762 (d)
399 3681 512 3744 Ibidem
527 3681 697 3759 Gamdiam,
710 3681 843 3746 adbacda
854 3682 888 3745 co
903 3681 1110 3765 Campolcoait.

339 3786 377 3867 (c)
401 3789 514 3852 Ibidem
529 3788 671 3852 &etrum-

336 4076 374 4149 (t)
393 4077 482 4147 Quum
492 4078 548 4136 sint
560 4080 589 4135 in
603 4079 654 4138 boc
666 4080 810 4156 diplomate
822 4083 940 4156 quinque
954 4083 1075 4156 ejusdem
1087 4083 1203 4142 nominis
1219 4083 1285 4154 loca,
1301 4099 1354 4140 non
1366 4083 1574 4157 inopportunum
1585 4083 1708 4140 ducimus

299 4186 369 4244 quae
381 4173 436 4230 sint
446 4190 595 4249 exponere;
611 4177 715 4236 scilicet
727 4179 830 4251 primns
843 4195 921 4238 mons
934 4182 1033 4238 lentus
1045 4182 1075 4238 in
1088 4181 1255 4252 Romaniota3
1271 4180 1405 4236 secundus
1418 4180 1609 4236 monsacutus
1622 4178 1650 4234 in
1664 4179 1708 4236 nt-

299 4269 380 4342 pibus
392 4269 523 4342 Vitiliani;
538 4271 632 4330 tertius
643 4274 672 4330 in
686 4275 805 4348 llncill03
819 4282 932 4349 quartus
950 4278 979 4333 in
999 4277 1067 4335 valle
1080 4277 1145 4334 brui
1166 4277 1321 4350 superiore;
1341 4277 1451 4350 quintus
1468 4291 1546 4333 mons
1563 4276 1707 4334 Anausin

300 4382 365 4440 agro
376 4368 510 4439 arretino,
524 4375 555 4426 ut
565 4377 658 4428 monet
667 4371 785 4443 Lamius,
796 4389 825 4447 p.
838 4377 901 4445 ato,
913 4390 983 4448 qrrae
995 4374 1054 4449 ipse
1068 4391 1149 4449 supra
1161 4374 1260 4432 dixerit
1268 4375 1434 4447 corrigendo.
1444 4375 1483 4431 lle
1496 4373 1651 4431 nominibus
1659 4389 1711 4430 an-

301 4471 356 4520 tem
370 4471 520 4524 castrorum
533 4469 653 4526 omnium
666 4469 794 4528 comitum
805 4471 968 4542 Gnidcnum,
976 4473 1010 4530 ad
1022 4471 1210 4530 elucidandum
1224 4472 1276 4530 hoo
1289 4472 1405 4546 diploma
1415 4477 1443 4529 et
1454 4471 1525 4529 aiud
1534 4472 1606 4546 quod
1618 4479 1710 4544 postea

301 4561 335 4618 ad
353 4577 417 4617 ano.
434 4565 503 4620 rsit
518 4580 609 4622 mense
621 4565 696 4639 aprili
709 4566 818 4624 relaturi
830 4585 937 4642 sumus,
952 4569 1008 4627 vid.
1024 4569 1196 4642 Gmnnnnn,
1211 4570 1289 4627 ilict.
1300 4569 1453 4642 Gerteotop.¹
1468 4575 1489 4626 t.
1502 4569 1529 4640 l,
1544 4575 1571 4625 et
1590 4569 1710 4638 Maron,

303 4658 377 4714 Eccl.
393 4659 468 4718 Flcr.
479 4670 637 4734 monum.‚t.
649 4663 670 4734 l,
686 4681 714 4736 p.
727 4668 791 4722 2⁴3.
