4298 5898
207 586 306 648 lnnrtr.
324 577 387 658 12]
659 574 856 638 HISTORIA
883 574 1174 639 otrtotrartce.
1562 569 1623 632 tte

258 722 297 793 ln
314 717 455 792 nomine
474 710 611 786 Domini
636 711 744 786 nostm
765 713 847 785 lesu
870 710 1011 785 Christi,
1034 710 1157 786 Amen.
1181 709 1282 784 tnnc
1305 710 1350 784 ab
1375 707 1530 802 ejusdem
1548 706 1620 780 do-

209 844 338 920 minica
359 837 592 914 incarnatione
612 835 794 910 millesimo
815 834 1051 910 ducentesimo
1066 835 1356 932 quinquagesimo
1372 830 1542 924 secundo,
1562 831 1620 906 die

210 967 329 1040 martis
342 965 465 1038 ultimo
479 961 610 1034 mensis
620 961 761 1057 aprelis,
778 959 912 1034 decime
928 960 1145 1052 indictionis,
1163 969 1329 1056 regnante
1346 958 1488 1032 domino
1503 967 1620 1032 nostro

211 1091 369 1165 Conrado
380 1087 442 1160 Dei
457 1086 566 1181 gutia
578 1085 810 1158 Romanorum
824 1085 861 1156 iu
873 1103 991 1178 regem
1002 1086 1124 1172 electo,
1140 1085 1330 1158 Jerusalem
1342 1092 1377 1156 et
1392 1081 1507 1154 Sicilie
1519 1081 1622 1152 illus-

211 1215 362 1288 trissimo
378 1233 477 1305 rege,
495 1208 649 1283 secundo
669 1231 776 1304 regno
794 1207 868 1305 (sic)
887 1209 1067 1303 utriusque
1084 1208 1181 1303 regni
1201 1210 1296 1300 ejus,
1316 1206 1471 1280 feliciter.
1493 1207 1616 1278 Amen.

211 1340 281 1414 Noc
300 1340 449 1412 loannes
471 1334 516 1409 de
544 1334 717 1425 Leandro,
742 1333 906 1428 magister
928 1333 1075 1406 Basilius
1099 1333 1250 1428 Taoqui,
1276 1332 1439 1424 magister
1462 1329 1623 1404 Nicolaus

209 1461 346 1556 jndices
362 1459 512 1533 civitatis
537 1457 635 1552 liegii
660 1465 695 1530 ct
718 1457 882 1552 magister
905 1457 1077 1530 Nicander
1100 1457 1262 1552 publicus
1288 1454 1442 1529 notarius
1466 1453 1623 1548 ejusdem

212 1585 363 1660 civitatis
399 1583 550 1679 presenti
582 1582 810 1655 instrumento
841 1582 982 1676 pnblioo
1011 1567 1225 1656 declaramus
1254 1581 1350 1676 quod
1379 1581 1414 1652 in
1453 1579 1624 1676 presentie

191 1739 193 1744 ·
212 1720 328 1783 nostre
349 1717 382 1781 et
399 1709 545 1782 aliomm
564 1708 750 1803 proborum
772 1706 927 1780 virorum
946 1708 1171 1780 litteratorum
1195 1707 1466 1802 subscriptorum
1481 1705 1626 1777 veniens

217 1833 355 1929 dopnus
369 1821 580 1927 Stephanus,
594 1832 802 1904 venerabilis
815 1830 1083 1906 archimandrita
1101 1832 1299 1906 monasterii
1315 1833 1439 1905 Sancte
1454 1831 1560 1906 Marie
1580 1830 1625 1905 de

214 1959 353 2033 Terreto
368 1957 491 2052 Regini
506 1956 667 2047 diocesis,
685 1958 895 2051 presentavit
912 1965 947 2030 et
964 1956 1114 2031 ostendit
1128 1957 1280 2052 quedem
1301 1956 1374 2032 dno
1389 1955 1571 2052 privilegia
1588 1955 1624 2027 in

213 2104 317 2178 green
338 2083 450 2156 littera
479 2083 569 2156 lacta
593 2081 801 2156 monasterio
823 2104 888 2156 sno
913 2103 975 2179 per
997 2082 1157 2156 comitem
1178 2103 1344 2176 magnum
1361 2079 1546 2176 Rogerium
1571 2079 1623 2152 Si·

214 2208 294 2282 cilie
321 2217 356 2281 et
377 2207 533 2280 Calabrie
555 2213 590 2280 et
614 2227 677 2301 per
703 2217 904 2302 sequentem
931 2230 1096 2303 magnum
1124 2209 1284 2280 comitem
1304 2205 1488 2302 llogerium
1510 2206 1625 2279 Sicilie

213 2341 249 2404 et
270 2331 425 2405 Celebrie
445 2329 557 2402 filium
577 2331 671 2424 ejus,
691 2330 840 2423 sigillata
863 2341 898 2404 et
923 2332 1057 2406 munito
1079 2341 1243 2406 consueta
1264 2331 1427 2428 plumbea
1451 2332 1548 2404 bulla
1567 2333 1625 2427 ip-

214 2478 333 2530 sorum
350 2457 515 2530 comitum
533 2456 624 2529 bone
640 2456 817 2548 memorie,
839 2465 874 2529 et
891 2457 990 2552 petiit
1010 2466 1050 2528 nt
1068 2457 1114 2530 de
1130 2456 1243 2530 officio
1257 2465 1374 2529 nostro
1391 2456 1438 2529 ed
1455 2458 1624 2529 cantelam

216 2581 300 2656 dicti
333 2583 389 2654 sui
419 2581 616 2654 monasterii
647 2581 724 2677 ipse
753 2581 935 2676 privilegia
962 2581 1154 2656 translatari
1185 2580 1281 2654 etin
1310 2581 1485 2677 publicem
1512 2581 1621 2676 redigi

216 2707 362 2780 formam
389 2708 632 2798 [laceremnsl.
662 2706 748 2778 ltem
771 2705 923 2781 ostendit
947 2707 1118 2803 quasdam
1147 2713 1303 2803 patentes
1331 2706 1460 2779 litteras
1488 2714 1523 2779 et
1554 2705 1625 2779 duo

216 2831 397 2927 privilegia
423 2833 531 2905 laetas
553 2831 620 2926 ipsi
640 2833 848 2904 monasterio
873 2853 936 2929 per
955 2830 1134 2906 domiuum
1155 2839 1310 2904 nostrum
1329 2831 1506 2927 quondam
1527 2853 1628 2905 sere-

216 2956 398 3030 nissimum
413 2957 667 3053 imperatorem,
678 2977 827 3052 qnorum
836 2957 981 3031 alterum
992 2966 1073 3030 ente
1086 2959 1163 3052 eJ'us
1175 2956 1468 3030 incoronationsm
1479 2965 1515 3030 et
1526 2955 1624 3030 alind

216 3090 251 3154 et
270 3082 393 3155 alteras
414 3091 493 3176 post
515 3082 806 3154 incoronationem
824 3105 833 3153 r
852 3083 1012 3156 roborate
1039 3081 1150 3155 littere
1171 3081 1247 3178 ipse
1272 3091 1307 3154 et
1333 3104 1442 3153 unum
1470 3081 1623 3176 ipsorum

216 3203 476 3299 privilegiorum
503 3227 582 3278 cnm
607 3226 685 3278 cera
709 3206 814 3300 sigilli
838 3205 974 3302 imperii
1001 3215 1037 3280 et
1065 3215 1216 3280 ceterum
1245 3207 1417 3279 munitum
1444 3229 1526 3280 oum
1549 3227 1626 3280 uera

216 3328 326 3402 rubea
349 3330 462 3423 sigillo
484 3330 582 3424 regni
604 3329 739 3422 Sicilic;
766 3353 855 3425 ques
878 3329 983 3405 ctiam
1006 3331 1138 3404 litteras
1162 3343 1198 3405 et
1223 3332 1294 3405 dno
1321 3331 1505 3428 privilegia
1530 3332 1629 3428 petiit

219 3453 375 3528 similiter
388 3453 436 3528 ad
451 3455 627 3550 publicem
649 3455 763 3550 redigi
785 3459 944 3547 formem,
961 3457 1080 3532 dicens
1097 3458 1173 3552 ipsa
1192 3456 1309 3530 omnin
1331 3457 1422 3530 velle
1443 3457 1572 3530 habere
1594 3457 1629 3528 in

219 3601 292 3653 nno
316 3580 543 3653 instrumento
574 3579 774 3654 continuate
801 3580 848 3655 ed
878 3580 1132 3657 ostendendum
1160 3581 1255 3677 regie
1290 3582 1386 3656 curie
1414 3603 1478 3676 pro
1504 3600 1631 3654 conse·

219 3701 370 3799 quendis
380 3705 519 3798 juribus
535 3704 621 3777 suis.
641 3706 711 3778 Nos
723 3727 807 3778 vero
821 3707 1079 3780 considerantes
1093 3707 1206 3803 ipsum
1226 3706 1530 3780 archimandritam
1543 3706 1631 3778 illud

219 3838 338 3924 petere
353 3830 449 3923 quod
460 3831 549 3923 juris
562 3839 627 3921 est,
645 3829 717 3904 duo
731 3830 885 3926 predicta
898 3832 1081 3926 privilegia
1092 3853 1139 3904 ex
1154 3853 1257 3926 greca
1274 3832 1386 3904 littera
1400 3833 1445 3905 de
1460 3831 1570 3904 verbo
1585 3830 1633 3903 ad

219 3953 367 4026 verbum
383 3976 446 4050 per
461 3976 518 4028 me
533 3953 747 4027 antedictum
765 3955 937 4028 notarium
958 3957 1137 4052 publicum
1154 3958 1353 4030 translatntn
1371 3977 1451 4028 enm
1469 3955 1633 4051 predictis

218 4077 341 4151 litteris
360 4087 396 4151 et
418 4079 521 4152 dictis
544 4079 685 4153 duobus
706 4081 898 4176 privilegiis
915 4079 1061 4154 fideliter
1083 4081 1129 4155 de
1146 4080 1256 4153 verbo
1273 4079 1320 4152 ad
1341 4081 1488 4153 verbnm
1505 4079 1543 4150 in
1559 4101 1634 4174 pu·

218 4203 348 4276 blicam
366 4204 514 4300 presenti
537 4205 665 4300 pagina
687 4205 886 4300 redegimus
907 4207 1051 4280 ‘lormam
1070 4232 1079 4277 ε
1101 4228 1172 4302 qne
1191 4206 1294 4278 etiam
1316 4204 1433 4278 omnin
1450 4203 1634 4300 privilegiu

220 4337 257 4402 et
281 4329 411 4402 litteras
438 4329 628 4404 antedictas
648 4331 803 4404 vidimus
827 4331 900 4405 lore
926 4353 995 4404 non
1020 4334 1241 4426 cancellatae,
1268 4352 1338 4404 non
1367 4331 1533 4422 abolitas,
1562 4352 1632 4402 non

223 4452 384 4546 abrasas,
410 4475 525 4548 neque
547 4456 585 4525 in
606 4455 722 4549 aliqua
745 4466 843 4552 perte
868 4457 1077 4549 maculatas,
1101 4457 1228 4554 scripta
1252 4457 1289 4529 in
1316 4465 1408 4529 carta
1432 4455 1477 4528 de
1502 4475 1635 4551 perga-

224 4599 341 4672 mena,
355 4579 509 4675 exceptis
523 4579 643 4652 litteris
658 4602 727 4676 que
745 4591 844 4655 erant
857 4581 892 4654 in
910 4591 1003 4658 carta
1015 4583 1141 4680 papiri,
1164 4603 1313 4678 quorum
1326 4582 1630 4655 instrumentorum

225 4711 262 4775 et
278 4703 466 4776 litterarum
483 4712 580 4777 tener
596 4704 673 4779 telis
691 4715 742 4778 est
759 4733 768 4777 ε
