4296 5898
195 579 295 638 lunum
314 572 373 656 to]
648 565 845 628 HISTORIA
869 562 1163 626 utruottttutca

252 1188 482 1293 Fridericus,
503 1185 762 1268 Romanorum
780 1183 1001 1294 imperator,
1020 1181 1241 1289 comitibus,
1262 1181 1489 1287 baronibus,
1504 1178 1619 1291 justi-

200 1321 332 1405 ciariis
363 1319 593 1428 caeterisque
624 1316 850 1401 officialibus
881 1315 961 1398 suis
1001 1315 1041 1395 in
1071 1340 1190 1425 regno
1227 1315 1374 1398 Siciliae
1404 1314 1617 1397 constitutis

200 1454 360 1537 mandat
376 1452 481 1564 qnod
498 1451 654 1535 omnino
673 1449 886 1554 abstineant
904 1447 1230 1532 molestationibus
1244 1449 1410 1532 ecclesiis
1427 1449 1617 1533 clericisve

199 1588 315 1670 illatis
347 1596 385 1669 et
410 1585 669 1668 immunitates
695 1609 828 1666 omnes
856 1581 997 1692 quibus
1023 1589 1192 1691 tempore
1213 1582 1314 1694 regis
1336 1580 1520 1665 Willelmi
1546 1605 1615 1666 se-

200 1720 317 1806 cundi
339 1720 395 1804 uti
418 1725 693 1802 consueuemnt
709 1717 762 1798 eis
780 1716 926 1825 integre
939 1724 1175 1798 conservent.

284 1962 403 2043 (laedit.
412 1979 451 2025 ex
464 1961 601 2042 originali
615 1961 648 2021 tn
660 1959 781 2022 archlrm
794 1975 855 2040 reg.
871 1961 904 2023 S.
914 1960 1049 2024 Serertnl
1060 1975 1106 2038 ap.
1122 1960 1300 2038 Neapolim.)

251 2177 446 2252 Fridericns
463 2177 523 2250 Dei
545 2177 656 2272 gratia
675 2177 906 2249 Romanorum
928 2175 1126 2273 imperator,
1156 2196 1291 2271 semper
1314 2185 1482 2270 augustus
1498 2186 1533 2249 at
1555 2199 1619 2250 rex

202 2303 336 2394 Sicilie,
352 2301 552 2394 comitibus,
571 2301 777 2389 baronibus,
796 2299 968 2394 magistris
979 2299 1196 2392 justiciariis,
1215 2298 1388 2393 magistris
1402 2301 1615 2391 camerariis,

202 2428 346 2521 bajulis,
373 2427 566 2522 catapanis,
594 2425 853 2512 comestabulis,
874 2425 1076 2517 judicibus,
1104 2435 1139 2498 et
1165 2423 1337 2496 universis
1360 2423 1524 2498 fidelibus
1546 2426 1618 2497 suis

203 2573 266 2647 per
287 2573 433 2646 regnum
461 2549 577 2622 Sicilie
602 2548 794 2622 constitutis
815 2548 960 2642 gratiam
979 2569 1078 2620 suam
1107 2557 1142 2620 at
1167 2547 1294 2620 bonam
1310 2549 1535 2622 voluntatem.
1564 2550 1618 2622 Ex

204 2675 343 2768 querela
354 2674 575 2748 ecclesiarum
587 2681 621 2746 et
633 2673 834 2746 clericorum
849 2672 947 2766 regni
962 2672 1068 2745 nostri
1083 2681 1198 2744 nostra
1214 2693 1324 2767 nuper
1338 2673 1502 2746 serenitas
1517 2673 1617 2746 intel·

204 2799 292 2872 laxit
305 2796 402 2892 qnod
421 2819 485 2871 vos
504 2819 564 2871 eos
584 2797 753 2890 collectis,
767 2796 1027 2888 exactionibus,
1044 2797 1196 2891 angariis
1209 2807 1244 2870 et
1261 2797 1495 2892 perangariis,
1516 2819 1618 2871 erer-

206 2921 331 2995 citihus
342 2931 377 2993 at
388 2920 704 3019 procurationibus,
716 2928 751 2993 et
761 2920 929 2994 trahendo
944 2921 980 2992 in
995 2920 1158 2994 civilibus
1171 2931 1206 2994 et
1219 2921 1454 2994 criminalibus
1467 2922 1513 2996 ad
1522 2923 1617 3013 judi·

206 3046 300 3120 cium
315 3047 487 3138 seculare,
507 3067 572 3120 neo
590 3068 659 3121 non
678 3055 713 3120 et
733 3045 812 3119 aliis
835 3045 1067 3140 multipliciter
1082 3043 1256 3118 offenditis
1276 3054 1311 3117 et
1332 3047 1502 3140 gravatis,
1522 3045 1618 3140 quod

206 3178 301 3245 tanto
326 3181 441 3244 nostre
464 3169 622 3268 displicet
645 3170 763 3266 pietati
786 3177 916 3265 quanto
934 3170 1095 3243 ecclesias
1112 3179 1146 3242 at
1164 3170 1304 3243 clericos
1327 3170 1425 3266 regni
1449 3171 1555 3243 nostri
1581 3173 1616 3244 in

206 3292 281 3368 suis
293 3293 510 3368 libertatibus
529 3303 565 3367 et
583 3293 775 3367 rationibus
792 3294 954 3368 volumus
967 3314 1182 3368 conservare.
1200 3295 1328 3367 Verum
1345 3317 1453 3389 quum
1468 3296 1543 3387 ejus
1565 3295 1619 3367 in·

208 3420 299 3492 tuitn
316 3442 379 3515 per
389 3441 492 3515 quem
508 3420 651 3493 feliciter
663 3419 816 3493 vivimus
829 3426 863 3492 et
878 3441 1064 3514 regnamus
1078 3427 1147 3492 tam
1162 3419 1324 3493 ecclesias
1339 3441 1444 3514 quam
1457 3441 1622 3516 personas

208 3543 456 3618 ecclesiasticas
472 3553 695 3618 manutenere
708 3542 869 3617 unumne
885 3552 920 3616 et
936 3545 1069 3634 tovers,
1087 3565 1151 3616 nec
1167 3544 1238 3639 pati
1253 3544 1418 3617 volumus
1436 3565 1502 3618 nec
1515 3545 1622 3619 debe·

209 3689 289 3741 mus
301 3667 484 3742 utavobis
494 3668 700 3741 officialibus
710 3677 771 3741 ant
784 3667 861 3742 aliis
871 3665 1032 3740 fidelibus
1044 3666 1168 3740 nostris
1181 3666 1524 3759 debeantmolestari,
1535 3690 1624 3762 quas

208 3800 367 3866 tenemur
381 3793 417 3864 in
429 3791 604 3889 perpetuis
615 3791 830 3866 libertatibus
840 3799 874 3864 et
888 3789 1077 3866 honoribus
1090 3812 1137 3865 ex
1148 3791 1332 3864 commisso
1346 3793 1446 3866 nobis
1457 3792 1624 3886 regimine

209 3937 430 4010 conservare,
452 3914 607 3990 fidelitati
631 3925 744 3990 vestre
761 3915 828 3989 sub
840 3937 931 4012 pena
952 3916 1062 4010 gratie
1086 3924 1201 3989 nostre
1224 3915 1378 3988 districte
1400 3915 1624 4012 precipiendo

209 4038 416 4112 mandamus
434 4039 598 4134 quatinus
603 4093 857 4114 .......
885 4040 1047 4113 ccclesias
1063 4062 1168 4136 quarn
1190 4061 1353 4135 personas
1376 4039 1625 4114 ecclesiasticas

210 4163 310 4259 regni
332 4163 439 4236 nostri
461 4162 498 4236 in
515 4165 611 4236 nullo
629 4163 782 4238 indebite
797 4172 1001 4259 agravantes
1006 4215 1379 4237 ..........
1408 4173 1442 4236 ct
1459 4163 1622 4236 immuni·

211 4296 299 4362 tates
313 4309 402 4384 quas
417 4296 570 4384 tempore
594 4287 692 4384 regni
706 4288 764 4360 W.
785 4287 930 4362 secundi
948 4287 1198 4384 predecessoris
1211 4288 1318 4362 nostri
1336 4287 1463 4362 habere
1479 4309 1624 4361 consue·

211 4421 336 4486 verunt
347 4413 399 4486 eis
413 4412 545 4508 integre
561 4413 770 4486 conservetis
786 4421 822 4487 ct
837 4412 873 4484 in
887 4412 1050 4486 omnibns
1058 4411 1208 4505 justiciis
1222 4422 1256 4484 et
1271 4411 1467 4485 racionibns
1486 4411 1559 4486 suis
1574 4413 1626 4484 sic

213 4537 465 4612 manuteneatis
483 4536 625 4610 easdem
639 4536 735 4632 quod
751 4537 787 4609 in
801 4538 896 4610 nullo
914 4536 960 4610 de
973 4545 1086 4610 cetam
1098 4558 1136 4610 se
1148 4537 1303 4611 sanciant
1320 4545 1502 4630 agravatas
1513 4546 1548 4610 et
1561 4558 1625 4611 nos

212 4660 440 4736 devocionem
454 4668 604 4734 vestram
614 4660 745 4736 exinde
755 4661 1050 4736 commandamus.
1062 4663 1132 4736 Nos
1142 4661 1234 4738 enirn
1246 4672 1406 4736 tantoeas
1416 4664 1453 4735 in
1463 4663 1627 4736 omuibus
