4436 5870
267 553 365 614 um.
381 549 425 628 a]
713 547 910 618 srsronra
935 546 1231 610 nrrnouarrcr.
1646 554 1684 614 ιι

267 709 373 782 quam
390 686 494 758 aliam
510 681 686 779 publicam
709 684 919 758 functionem
936 685 983 756 ab
999 682 1050 756 eis
1066 684 1207 778 exigere
1227 685 1285 758 vel
1305 683 1475 781 recipere,
1495 707 1560 760 nec
1579 687 1685 760 alicui

269 809 448 883 hominum
466 807 512 880 sit
528 804 660 878 licitum
681 806 726 879 ab
745 807 880 903 imperii
902 806 1113 881 dominicatu
1131 829 1172 880 ea
1190 808 1309 882 tollere
1323 817 1359 880 et
1374 809 1442 882 snb
1456 810 1605 903 alicujus
1622 833 1685 906 po-

269 943 390 1008 testate
413 933 599 1019 collocare;
626 931 710 1004 etsi
734 932 923 1025 aliquando
948 932 1016 1006 sub
1042 931 1111 1006 alio
1132 933 1318 1006 constituta
1336 933 1439 1005 luerit
1460 941 1495 1006 ct
1512 934 1547 1004 in
1568 935 1686 1030 aliquo

269 1058 408 1155 publico
426 1058 654 1130 instrumento
671 1055 798 1148 injuste
811 1057 951 1152 recepit,
976 1055 1117 1128 inritum
1138 1065 1246 1129 totum
1266 1077 1490 1148 revocamus,
1516 1059 1684 1150 quianon

270 1181 369 1254 decet
393 1190 433 1253 nt
456 1179 616 1276 specialis
641 1178 766 1252 domus
793 1189 829 1253 et
858 1203 914 1253 res
931 1181 1127 1254 monasterii
1156 1181 1351 1256 indebitum
1374 1181 1485 1253 aliene
1511 1183 1686 1255 seruitutis

265 1308 391 1402 jugum
412 1306 598 1394 sustineat,
616 1304 679 1378 scd
697 1305 835 1378 abbatia
854 1305 912 1378 illa
927 1313 963 1378 ct
978 1306 1112 1398 burgus
1129 1306 1206 1397 ejus
1227 1327 1268 1378 ac
1286 1304 1479 1397 burgenses
1495 1305 1579 1376 nulli
1595 1327 1686 1379 mor-

270 1430 391 1504 talium
409 1429 498 1502 inlra
513 1429 665 1521 burgum
681 1429 737 1502 vel
759 1427 847 1502 lines
867 1429 968 1522 burgi
986 1437 1142 1502 teneatur
1161 1429 1370 1524 respondero
1389 1428 1456 1501 nisi
1473 1439 1588 1502 nostre
1607 1451 1686 1502 ma-

267 1553 381 1646 jestati
393 1551 563 1646 imperiali
577 1561 639 1624 ant
659 1562 774 1626 nostro
791 1561 884 1628 certo
903 1553 1025 1625 nuntio
1038 1553 1094 1624 vel
1109 1552 1226 1626 abbati
1241 1552 1332 1624 illius
1348 1552 1466 1647 burgi,
1482 1563 1517 1625 et
1533 1575 1593 1648 per
1606 1555 1685 1627 nni-

270 1699 410 1749 versum
429 1684 583 1750 nostrum
602 1675 785 1772 imperinm
810 1676 929 1751 eundo
954 1685 989 1749 et
1005 1674 1185 1748 redeundo
1207 1697 1287 1748 cum
1304 1676 1468 1750 omnibus
1485 1676 1590 1750 rebus
1612 1679 1686 1750 suis

270 1799 357 1872 salvi
374 1800 443 1873 sint
459 1809 494 1872 et
517 1799 630 1872 securi
654 1807 689 1872 ot
705 1821 820 1894 neque
836 1800 873 1872 in
894 1801 1051 1896 personis
1070 1821 1184 1895 neque
1204 1800 1240 1872 in
1258 1800 1364 1874 rebus
1387 1801 1462 1873 suis
1479 1822 1539 1874 eos
1560 1802 1686 1894 injuste

268 1923 397 1998 audeat
414 1923 541 2018 aliquis
565 1922 756 2016 inquietam
771 1924 827 1996 vel
844 1924 1035 1997 molestare.
1056 1923 1153 1996 Idem
1174 1923 1324 1996 dicimus
1340 1925 1386 1998 de
1408 1923 1457 1997 lib
1460 1977 1681 1996 ..............

355 2049 443 2121 inira
465 2045 552 2120 lines
576 2047 677 2140 burgi
704 2045 930 2136 habentibus,
950 2048 1111 2143 quamvis
1137 2048 1173 2119 in
1195 2047 1308 2142 burgo
1332 2069 1403 2122 non
1421 2047 1590 2121 habitent.
1610 2051 1685 2124 Sta·

270 2171 399 2244 tuimus
427 2171 533 2244 ctiam
559 2171 803 2244 inviolabiliter
830 2183 871 2243 ut
902 2171 1072 2266 capitanei
1101 2172 1164 2265 qui
1191 2181 1272 2244 sunt
1296 2171 1504 2246 habitatores
1527 2173 1683 2265 ejusdem

271 2295 371 2388 burgi
386 2302 420 2367 et
436 2295 590 2390 ipsorum
611 2295 846 2367 mansnadarii
869 2303 905 2368 et
921 2294 1040 2368 aliibet
1058 2295 1215 2368 homines
1233 2316 1276 2368 ea
1291 2317 1361 2390 qne
1379 2298 1586 2388 juraverunt
1602 2297 1685 2370 hnic

269 2420 407 2494 abbatie
423 2429 458 2493 et
475 2421 588 2515 burgo
611 2419 849 2514 pronominato
871 2429 906 2492 et
931 2419 1017 2492 lines
1041 2430 1077 2492 et
1097 2421 1274 2515 pactiones
1291 2442 1379 2514 quas
1408 2423 1563 2494 lecerunt
1585 2421 1683 2496 firma

271 2553 435 2639 perpetuo
454 2553 591 2616 tensam
608 2551 643 2616 et
663 2543 812 2633 illibata,
831 2543 897 2639 ipsi
912 2552 946 2616 et
966 2565 1087 2616 eorum
1109 2543 1265 2618 heredes.
1292 2544 1437 2618 Castella
1456 2567 1596 2641 quoque
1612 2569 1683 2641 quc

270 2689 333 2740 sua
350 2669 527 2740 voluntate
547 2666 795 2741 destruxerunt
815 2667 861 2740 de
880 2675 993 2740 cetero
1012 2689 1081 2740 non
1105 2667 1304 2741 reedilicent
1326 2689 1391 2740 neo
1416 2669 1558 2764 aliquod
1582 2670 1683 2745 edili·

270 2791 362 2863 cium
380 2791 546 2887 deinceps
567 2792 694 2865 iaciant
714 2813 778 2864 nec
799 2790 873 2864 lieri
894 2791 1091 2887 permittant
1110 2792 1198 2866 infra
1217 2792 1380 2866 terminos
1396 2791 1432 2864 in
1451 2792 1516 2865 hae
1532 2813 1683 2868 conven-

271 2915 363 2988 tione
379 2914 569 2990 denotatos.
592 2915 811 3010 Quicumque
828 2925 944 2989 autem
962 2915 1048 2988 liber
1061 2916 1166 2989 homo
1182 2915 1218 2988 in
1235 2916 1349 3010 borgo
1367 2916 1427 2988 illo
1446 2938 1538 2988 nunc
1554 2917 1684 2994 habitat

273 3039 328 3111 uel
345 3039 677 3131 habitarevoluerit,
696 3039 813 3114 omnia
834 3061 897 3112 sua
923 3047 998 3112 rata
1013 3048 1049 3112 et
1062 3039 1196 3132 justitia
1220 3039 1256 3110 in
1280 3039 1375 3112 omni
1399 3041 1474 3112 loco
1496 3041 1562 3113 sibi
1586 3043 1682 3118 salva

270 3163 340 3236 sint
359 3173 394 3238 st
416 3186 551 3238 secura.
570 3166 686 3237 Proter
702 3186 744 3237 ea
764 3187 835 3259 que
856 3162 1068 3254 dictasunt,
1090 3163 1246 3260 predicto
1274 3163 1392 3237 abbati
1414 3173 1449 3236 ot
1477 3168 1684 3242 monasterio

271 3287 384 3360 Sancti
399 3288 578 3383 Sepulchri
592 3288 828 3379 concedimus,
845 3287 970 3362 damus
984 3296 1019 3360 et
1032 3288 1197 3384 largimur
1210 3309 1287 3362 esse
1290 3340 1431 3360 .........
1450 3289 1614 3383 placitum
1627 3301 1684 3365 at-

269 3433 339 3505 que
353 3411 546 3486 districtum
560 3421 737 3508 totamque
746 3413 1021 3507 jurisdictionem
1036 3413 1139 3508 burgi
1152 3412 1267 3486 Sancti
1281 3410 1460 3508 Sepulchri
1474 3422 1509 3485 et
1524 3415 1680 3490 omnium

273 3533 553 3628 pertinentiarum
576 3536 652 3628 ojus
674 3557 779 3631 quam
800 3535 845 3609 de
864 3537 944 3629 jare
964 3546 1079 3610 tenere
1098 3537 1202 3610 debet
1218 3547 1253 3609 et
1270 3544 1310 3607 ut
1327 3536 1498 3630 justitiam
1521 3538 1623 3612 iaciat
1643 3541 1680 3612 in

271 3657 382 3750 burgo
400 3658 458 3732 illo
475 3669 545 3733 toto
565 3669 601 3732 et
616 3659 652 3732 in
666 3659 829 3733 omnibus
848 3661 1063 3755 pertinentiis
1080 3662 1156 3752 ejus
1175 3660 1284 3756 ipsios
1302 3660 1441 3734 abbatie
1456 3683 1498 3734 ac
1516 3665 1681 3757 sepedicti

273 3781 374 3874 burgi
395 3804 457 3877 per
478 3785 592 3856 sorel
616 3805 678 3880 per
693 3785 817 3871 alium,
837 3792 872 3856 ct
892 3787 1051 3858 consules
1073 3785 1244 3878 eligantur
1266 3785 1316 3857 ibi
1340 3786 1397 3859 vel
1421 3795 1614 3860 statuantur
1638 3790 1683 3863 de

272 3906 449 3980 voluntate
472 3916 507 3981 et
532 3929 701 3982 consensu
728 3908 863 3982 abbatis
879 3907 1087 4004 supradicti,
1107 3918 1142 3982 et
1158 3909 1253 3982 nulla
1268 3923 1425 4005 unquam
1452 3911 1680 3986 ecclesiastica

272 4029 480 4104 secularisve
499 4053 646 4128 persona
670 4031 715 4104 de
744 4041 858 4106 cetero
877 4032 1058 4106 eeclesiam
1080 4033 1231 4127 aliquam
1252 4033 1309 4104 vel
1329 4031 1499 4127 hospitale
1517 4033 1553 4104 in
1570 4035 1682 4130 burgo

272 4154 470 4248 supradicto
496 4156 553 4229 vel
577 4159 653 4250 ejus
679 4155 836 4230 districtu
863 4157 940 4230 sine
966 4157 1144 4231 uoluntate
1172 4155 1339 4252 sepedicti
1369 4155 1504 4228 abbatis
1528 4155 1677 4230 edificet.

271 4275 426 4350 Preterea
446 4278 628 4354 universas
649 4279 830 4368 ecclesias,
853 4281 1086 4375 possessiones
1112 4288 1147 4353 et
1172 4279 1357 4352 tenimenta
1379 4287 1486 4373 atquc
1507 4279 1677 4372 justitias,

271 4400 480 4474 massaritias
495 4423 649 4497 quoque,
664 4401 793 4476 aliosve
811 4403 970 4478 homines
980 4412 1016 4476 et
1027 4402 1230 4498 generaliter
1233 4453 1422 4475 ............
1435 4403 1492 4476 vol
1508 4403 1681 4500 bonaque

272 4523 415 4596 ecclesie
432 4523 482 4596 illi
502 4525 618 4599 Sancti
635 4525 813 4622 Sepulchri
834 4525 880 4599 ab
898 4525 1160 4622 imperatoribus
1178 4526 1235 4598 vol
1253 4525 1394 4620 regibus
1417 4527 1474 4599 vel
1489 4529 1682 4622 apostolicis

273 4646 394 4721 aliisve
409 4649 566 4746 personis
583 4650 706 4724 collata
723 4649 799 4723 sive
817 4647 1016 4723 confirmata
1032 4657 1112 4722 sunt
1130 4657 1191 4722 aut
1208 4648 1245 4725 in
1262 4649 1377 4725 lutum
1394 4650 1468 4723 Deo
1483 4649 1588 4724 mute
1603 4672 1685 4725 con-
