4436 5870
245 551 402 630 nnuma]
696 547 893 610 HISTORIA
919 549 1212 614 blunoltllclclt
1618 553 1660 614 39

244 698 369 762 ventur
388 687 446 760 vel
462 685 681 780 requirantur
695 685 740 757 ab
757 685 873 779 aliqua
894 684 1050 773 civitate,
1070 695 1243 760 cassantes
1264 685 1402 782 penitus
1415 696 1452 758 et
1469 686 1504 758 iu
1527 688 1659 760 irritum

246 812 457 886 deducentes
481 808 658 904 quidquid
679 810 807 882 iactum
833 819 885 882 est
908 809 945 880 in
969 809 1122 904 ipsorum
1142 809 1373 907 prejudicium
1396 811 1452 882 vel
1474 832 1661 904 gravamen

246 959 267 1009 a
292 934 433 1008 comuni
457 935 545 1006 Sene
567 955 689 1005 versus
715 953 861 1006 comune
888 933 1069 1006 Florentie.
1095 935 1251 1007 Pretcrea
1278 957 1325 1008 ex
1351 942 1467 1006 nostra
1494 933 1661 1028 imperiali

247 1058 482 1132 munificentia
507 1058 730 1132 concedimus
750 1057 881 1130 eisdem
903 1056 1103 1130 hominibus
1125 1057 1224 1130 Podii
1249 1059 1361 1132 Boniti
1385 1067 1542 1131 octavam
1564 1058 1660 1131 Pedii

247 1184 357 1256 Boniti
373 1205 442 1277 que
456 1182 616 1255 Senensis
634 1182 780 1272 dicitur,
798 1191 838 1252 31
860 1179 905 1254 (13
925 1190 1038 1254 cetero
1054 1183 1170 1275 quiete
1184 1191 1323 1255 teneant
1345 1191 1379 1254 et
1394 1182 1591 1276 possideant
1616 1203 1662 1254 ex

248 1307 416 1403 imperiali
445 1307 683 1397 consessione,
705 1306 908 1379 inducentes
930 1305 1044 1400 ipsum
1066 1327 1213 1378 comune
1236 1307 1271 1377 in
1290 1307 1501 1402 corporalem
1525 1328 1664 1400 posscs-

246 1435 379 1505 sionem
403 1431 512 1527 ipsius
535 1430 597 1503 rei.
615 1430 803 1502 Statuimus
819 1449 959 1523 quoque
976 1438 1012 1501 et
1035 1430 1203 1524 imperiali
1225 1431 1427 1503 auctoritate
1454 1441 1568 1501 nostra
1587 1430 1664 1503 dis-

246 1556 343 1629 tricte
361 1555 569 1650 precipimus
588 1565 627 1626 ut
645 1554 761 1626 nullus
781 1554 868 1643 dux,
890 1553 1005 1625 nullus
1022 1553 1195 1645 marchio,
1214 1575 1347 1645 comes,
1366 1555 1574 1646 vicecomes,
1599 1578 1661 1629 ca-

246 1681 426 1776 pitaneus,
453 1680 539 1750 nulli
567 1678 745 1763 consules,
767 1679 862 1750 33113
888 1676 1028 1768 3131133,
1049 1679 1184 1750 nullum
1210 1699 1375 1769 comune,
1399 1678 1493 1751 nulla
1512 1679 1662 1774 denique

248 1823 410 1900 persona,
434 1801 574 1874 humilis
589 1802 644 1873 vel
664 1802 749 1889 alla,
769 1800 998 1874 ecclesiastica
1025 1803 1078 1874 vel
1097 1803 1277 1891 secularis,
1297 1810 1416 1874 contra
1434 1802 1525 1875 hanc
1548 1814 1663 1877 nostre

246 1927 431 2020 majestatis
447 1916 667 2000 donationem
679 1934 715 1996 et
732 1925 986 1998 concessionem
1003 1927 1122 1999 venire
1139 1926 1267 1999 audeat
1283 1926 1339 1998 vel
1354 1925 1525 2022 predictos
1542 1924 1662 2001 fideles

247 2061 381 2124 nostros
415 2051 460 2124 de
491 2048 599 2123 Podic
631 2047 743 2122 Boniti
773 2048 810 2120 in
842 2071 884 2122 eu
912 2050 1131 2144 aliquatenus
1163 2050 1370 2123 disturbare.
1397 2052 1511 2136 Quum
1535 2052 1600 2124 hec
1627 2061 1661 2126 et

246 2177 383 2270 singula
401 2175 562 2247 volumus
591 2173 627 2244 in
653 2182 859 2269 perpetuum
879 2175 974 2246 nulla
994 2175 1070 2268 lege
1086 2175 1250 2270 nulloque
1276 2175 1457 2270 privilegio
1481 2176 1662 2270 impetrato

247 2302 302 2374 vel
321 2299 538 2395 impetrando
552 2298 711 2370 obstante
724 2297 865 2370 firmiter
882 2298 1042 2389 valitura,
1061 2308 1099 2370 ut
1115 2299 1230 2371 omnis
1249 2299 1459 2392 ambiguitas
1479 2309 1513 2370 et
1532 2301 1661 2396 dispu-

248 2427 330 2499 tatio
349 2426 487 2522 penitus
504 2433 655 2515 cessent,
676 2445 840 2519 expresse
864 2432 898 2496 et
916 2423 1108 2520 specialiter
1125 2423 1249 2496 iterum
1269 2446 1445 2496 cassamus
1465 2426 1658 2518 dationem,

247 2549 503 2624 concessionem
526 2557 561 2620 et
584 2548 824 2620 alienationem
844 2570 949 2642 quam
975 2547 1055 2620 lecit
1081 2569 1196 2620 comes
1217 2547 1332 2620 Guidc
1357 2549 1493 2620 comuni
1517 2552 1660 2624 Senensi

248 2683 281 2748 et
300 2696 407 2769 quam
434 2671 640 2768 posmodum
662 2671 742 2744 lecit
763 2672 856 2744 idem
875 2693 1022 2744 comune
1039 2673 1189 2743 Senense
1210 2673 1350 2744 comuni
1368 2674 1537 2745 Florentie
1554 2697 1661 2748 occa-

248 2798 343 2870 sione
359 2819 483 2891 guerre
500 2804 534 2868 et
552 2795 726 2869 discordie
749 2816 819 2890 que
841 2797 952 2867 luerat
979 2795 1145 2867 intereos
1168 2793 1213 2868 de
1239 2796 1394 2891 predicta
1419 2807 1540 2870 octava
1567 2809 1663 2894 parte

248 2941 318 3015 que
334 2920 495 2992 Senensis
514 2919 655 3006 dicitur,
675 2927 711 2990 et
730 2918 760 2990 si
781 2941 851 3013 qua
875 2917 963 2990 inter
984 2919 1185 2990 istrumenta
1210 2917 1431 3014 apparuerint
1452 2941 1494 2992 33
1510 2943 1606 2994 cassa
1629 2932 1662 2995 et

249 3045 342 3117 irrita
361 3042 573 3135 judicamus.
590 3041 837 3114 confirmantes
853 3040 984 3114 eisdem
1011 3041 1209 3114 hominihus
1227 3043 1323 3115 Podii
1339 3043 1451 3116 Boniti
1472 3046 1662 3140 predictam

248 3169 501 3242 concessionem
529 3189 634 3261 quam
658 3165 710 3239 eis
733 3167 878 3239 facimus
902 3165 948 3238 de
972 3164 1065 3238 dicta
1093 3177 1217 3239 octavu
1240 3176 1348 3262 parte.
1380 3168 1416 3239 Si
1442 3169 1522 3262 quis
1547 3180 1663 3243 autem

249 3304 365 3367 contra
382 3294 446 3364 bec
462 3313 525 3363 333
543 3290 616 3388 (ric)
639 3292 827 3364 temeritate
848 3291 966 3363 venire
981 3291 1238 3386 presumpserit,
1260 3291 1352 3363 mille
1373 3292 1478 3364 libras
1499 3294 1575 3366 auri
1601 3317 1664 3391 pro

249 3438 338 3514 pena
363 3424 566 3511 componat,
591 3415 775 3488 dimidium
799 3437 934 3488 camere
957 3425 1071 3486 nostre
1093 3423 1128 3486 31
1154 3415 1325 3509 reliquum
1350 3416 1461 3511 passis
1486 3417 1660 3510 injuriam.

248 3542 303 3616 Ad
319 3544 420 3634 cujus
437 3541 486 3613 rei
505 3551 633 3613 certam
651 3541 862 3614 evidentiam
880 3541 917 3612 in
934 3550 1107 3636 posterum
1126 3549 1318 3636 presentem
1336 3540 1419 3614 inde
1435 3538 1485 3636 (a)
1501 3544 1663 3637 paginam

250 3666 417 3740 conscribi
433 3667 599 3759 jussimus
616 3673 651 3736 31
667 3674 782 3738 nostre
799 3665 986 3758 majestatis
1003 3666 1097 3737 bulla
1114 3665 1295 3737 comuniri.

297 3793 408 3884 Hujus
426 3791 475 3862 rei
495 3797 597 3861 testes
620 3797 702 3860 3331
721 3788 902 3861 Bertoldus
930 3789 1123 3883 patriarcba
1147 3789 1408 3883 Aquilegensis,
1437 3789 1585 3863 Siiridus
1606 3813 1667 3863 ar-

249 3915 488 4010 chiepiscopus
507 3913 750 4006 Maguntinus,
778 3915 906 4008 Symon
931 3912 1209 4008 archiepiscopos
1231 3913 1406 4002 llavcnas,
1431 3913 1563 3984 Ulricus
1585 3915 1667 4009 epi-

249 4061 374 4134 scopus
395 4024 630 4128 pataviensis,
660 4037 830 4110 lodoicus
859 4036 935 4109 dux
959 4037 1133 4129 Baviarie,
1159 4036 1363 4110 Gnillelmns
1386 4035 1539 4107 marchio
1564 4035 1667 4110 blon-

249 4162 422 4252 tisierrati,
452 4161 663 4234 Gnarnerius
690 4159 736 4232 de
758 4160 925 4233 Bollanda
950 4160 1097 4256 dapifer,
1126 4160 1311 4232 Anselmus
1342 4158 1387 4231 de
1413 4159 1592 4254 lustingen
1621 4160 1663 4259 (cj

249 4286 476 4360 marescalcus
494 4285 644 4382 imperii,
664 4284 842 4358 Corradus
861 4284 1013 4356 marchio
1035 4285 1237 4379 Malaspina,
1260 4285 1338 4356 Otto
1354 4283 1508 4356 marchio
1526 4285 1571 4358 de
1589 4285 1668 4357 Car·
1776 4339 1780 4354 .

249 4419 322 4483 reto
338 4420 372 4482 et
390 4411 448 4484 alii
463 4412 696 4506 quamplures.

291 4569 329 4648 (a)
350 4571 386 4632 ln
400 4577 585 4648 transumpto
599 4570 686 4640 inter,
702 4571 790 4630 mule.

291 4675 328 4756 lb)
349 4677 385 4738 13
398 4685 583 4756 transumpto
595 4678 723 4759 Batipia.
740 4677 938 4748 correximus,
953 4677 1029 4736 31331
1042 4681 1173 4752 etsupra
1190 4673 1330 4736 Tuccam.
