4296 5898
226 527 327 588 horor.
346 523 408 602 ro]
678 516 877 580 HISTORIA
902 512 1196 578 nlrtoltltllcll.
1586 509 1648 573 225

226 661 343 735 raliter
358 659 572 752 dignaretur.
602 655 670 742 Qui
693 655 899 751 peticionem
924 663 1075 728 nosbam
1096 649 1232 747 pietatis
1251 657 1288 722 et
1304 647 1506 724 devocionis
1527 648 1646 724 studio

225 783 444 880 conspiciens
459 778 643 871 adherere,
663 778 709 854 de
726 779 943 875 plenitudiue
956 776 1143 874 apostolice
1155 773 1334 871 potestatis
1347 795 1425 848 eam
1440 772 1530 846 inira
1545 773 1643 869 pium

226 908 415 984 sacrarium
440 902 678 980 exauditionis
700 901 844 977 admisit
868 912 905 976 et
924 903 998 976 voti
1016 902 1122 976 nostri
1148 901 1323 994 benignus
1347 907 1382 972 et
1403 898 1510 994 ylaris
1530 897 1645 971 extitit

226 1041 405 1108 executor.
424 1030 495 1102 Nos
508 1029 615 1124 igitur
630 1028 775 1124 gratiam
789 1049 897 1123 quem
914 1025 1217 1101 intercessionibus
1233 1024 1359 1099 nusum
1377 1023 1499 1099 domui
1513 1043 1644 1098 memo·

226 1167 301 1232 rate
320 1153 427 1230 Sedes
445 1153 632 1250 apostolica
654 1153 783 1226 lecerat
796 1152 1005 1247 diligencius
1029 1153 1221 1241 intuentes,
1240 1151 1396 1224 volentes
1416 1149 1522 1222 ctiam
1548 1145 1645 1242 quod

226 1281 392 1378 magister
405 1290 440 1352 et
458 1279 580 1352 lratres
594 1277 704 1374 ipsius
716 1276 842 1351 domus
856 1277 894 1350 in
903 1273 1151 1352 conservandis
1161 1275 1230 1348 biis
1239 1295 1309 1369 que
1321 1282 1438 1347 nostro
1446 1272 1644 1345 interventu

228 1425 391 1479 concessa
408 1413 490 1476 suut
507 1402 696 1498 imperialis
717 1401 959 1476 munificencie
974 1400 1171 1476 subsidium
1190 1401 1436 1497 persentirent,
1456 1420 1519 1494 pro
1534 1397 1644 1472 salute

226 1539 344 1604 nostra
355 1537 391 1602 et
400 1527 555 1602 remedio
565 1528 759 1602 animarum
770 1527 1005 1624 predictorum
1014 1535 1240 1622 augustorum
1254 1533 1436 1620 parentum
1449 1531 1642 1596 nostrorum

226 1654 393 1726 memorie
414 1651 614 1744 recolende,
634 1651 729 1726 fratri
747 1653 944 1726 Hermanno
968 1652 1132 1746 magistro
1148 1672 1189 1724 ac
1206 1651 1369 1724 iratribus
1389 1649 1498 1745 ipsius
1518 1648 1644 1721 domus

225 1778 350 1852 Sancte
364 1777 470 1850 Maris
487 1777 777 1850 Tbeutonicorum
792 1777 1059 1850 lerosolimitane
1079 1776 1125 1851 de
1144 1776 1254 1871 gratia
1274 1783 1390 1848 nostra
1410 1773 1644 1847 concessimus

226 1910 262 1976 et
278 1901 486 1975 donavimus
504 1902 540 1973 iu
559 1900 700 1974 civitate
715 1911 832 1974 nostra
849 1898 1056 1992 Brundusii,
1077 1897 1122 1974 de
1143 1899 1338 1973 redditibus
1360 1899 1485 1972 nostris
1506 1897 1582 1971 sive
1598 1897 1644 1972 de

222 2024 434 2118 bajulatione
452 2024 528 2099 siva
547 2023 594 2098 de
610 2025 709 2116 sicia,
732 2048 794 2121 pro
815 2026 1002 2100 elemosina
1019 2025 1067 2100 ad
1086 2025 1226 2121 pondus
1242 2024 1358 2098 Baruli
1378 2023 1547 2097 ducentas
1565 2020 1642 2096 auri

227 2151 349 2222 uncias
363 2149 543 2222 aunuatim
560 2149 606 2224 de
621 2149 751 2244 quibus
764 2151 868 2246 pallia
883 2151 963 2226 alba
977 2150 1025 2224 ad
1041 2172 1145 2224 usum
1161 2150 1315 2246 ipsorum
1333 2149 1476 2222 fratrum
1494 2147 1643 2220 militum

225 2275 410 2348 statuimus
427 2284 463 2348 et
477 2273 709 2348 sanccivimus
727 2273 972 2370 comparanda.
992 2273 1087 2357 Quas
1104 2273 1226 2346 uncias
1241 2281 1344 2345 erunt
1361 2293 1473 2366 usque
1490 2271 1579 2346 adeo
1597 2271 1643 2346 de

226 2409 344 2472 nostre
357 2399 468 2494 gratia
482 2398 674 2495 recepturi,
694 2398 806 2472 donec
820 2419 883 2495 pro
898 2399 985 2495 ipsis
1002 2397 1161 2472 ducentis
1176 2397 1290 2470 unciis
1306 2396 1343 2470 iu
1358 2397 1457 2470 terris
1472 2397 1642 2472 laborato·

226 2522 290 2594 riis
303 2543 366 2595 seu
379 2522 458 2597 eliis
472 2523 750 2618 possessionibus
762 2526 799 2595 in
811 2545 918 2618 regno
932 2532 1050 2596 nostro
1064 2520 1219 2618 predicte
1232 2520 1353 2594 domui
1370 2530 1569 2618 competens
1582 2543 1642 2596 ox·

226 2647 403 2720 cambium
427 2657 544 2721 nostra
564 2646 807 2721 munificencia
831 2645 1011 2742 largiatur.
1037 2649 1232 2720 Statuentes
1251 2647 1454 2720 auctoritate
1474 2647 1642 2741 presentis

225 2772 399 2868 privilegii
416 2773 476 2868 [et]
496 2773 716 2868 injungentes
734 2772 877 2847 firmiter
892 2771 1065 2846 universis
1083 2793 1130 2845 ne
1153 2773 1233 2866 quis
1252 2781 1370 2844 oontm
1389 2772 1479 2846 banc
1497 2793 1640 2848 conces·

226 2895 360 2970 sionem
395 2905 431 2970 et
462 2895 684 2972 donationem
708 2907 859 2972 nostram
892 2918 981 2970 auso
1013 2897 1195 2970 temerario
1226 2897 1347 2970 venire
1377 2905 1553 2992 presumat
1580 2908 1642 2972 aut

226 3019 431 3114 magistrum
450 3029 485 3094 et
499 3023 620 3096 iratres
636 3022 810 3119 predictos
828 3023 864 3094 in
885 3023 1003 3116 aliquo
1025 3021 1240 3116 perturbare.
1261 3021 1364 3107 Quod
1381 3023 1443 3116 qui
1461 3043 1641 3118 presump-

225 3145 311 3218 serit
326 3145 362 3218 in
381 3167 446 3219 sue
460 3147 661 3222 temeritatis
676 3148 867 3223 vindictam
882 3146 1157 3242 indignationem
1172 3148 1332 3220 culminis
1347 3148 1454 3221 nostri
1469 3158 1505 3222 et
1516 3170 1642 3244 penam

226 3279 366 3344 centum
385 3271 554 3345 librarum
571 3272 647 3346 auri
668 3293 707 3345 se
723 3273 858 3346 noverit
871 3273 1110 3364 incursurum,
1134 3272 1353 3346 medietatem
1375 3294 1511 3346 camere
1527 3282 1641 3346 nostre

225 3403 262 3466 et
277 3393 445 3490 reliquam
464 3396 685 3470 medietatem
706 3397 818 3492 passis
841 3397 1004 3491 injuriam
1022 3397 1302 3494 persolvendam.
1321 3396 1378 3471 Ad
1399 3398 1503 3490 bujus
1525 3406 1641 3471 autem

225 3519 458 3592 concessionis
478 3531 514 3593 et
532 3519 728 3595 donationis
743 3531 858 3594 nostre
875 3521 1077 3595 memoriam
1096 3531 1132 3596 et
1148 3523 1256 3596 robur
1271 3531 1438 3618 perpetuo
1455 3523 1642 3596 valiturum

223 3663 365 3738 presens
381 3643 603 3740 privilegium
617 3667 680 3741 per
696 3665 821 3719 manus
836 3645 1003 3719 lobannis
1016 3645 1062 3720 de
1077 3649 1188 3722 Lauro
1207 3646 1332 3720 notarii
1349 3655 1384 3720 et
1402 3645 1514 3720 fidelis
1533 3648 1641 3720 nostri

224 3766 331 3840 scribi
349 3775 383 3841 et
398 3767 495 3841 bulla
510 3790 616 3844 aurea
634 3770 769 3867 typario
785 3770 973 3864 majestatis
991 3781 1106 3846 nostre
1124 3772 1290 3868 impressa
1301 3771 1468 3866 jussimus
1487 3793 1641 3845 commu·

224 3890 314 3981 uiri,
333 3913 443 3986 anuo,
462 3913 582 3967 mense
599 3903 634 3967 ct
651 3893 840 3968 indictione
861 3893 1077 3991 subscriptis.

273 4015 400 4088 Datum
420 4015 601 4106 Catbanie,
628 4039 721 4092 anno
742 4017 916 4093 dominice
938 4020 1182 4094 iucarnationis
1203 4021 1386 4094 millesimo
1403 4020 1641 4094 ducentesimo

224 4138 391 4213 vicesimo
409 4140 540 4236 primo,
562 4163 682 4217 mense
705 4143 916 4232 decembris,
943 4143 1079 4218 decime
1101 4144 1317 4234 indictionis,
1346 4145 1481 4242 imperii
1507 4147 1639 4220 domini

224 4265 333 4336 nostri
351 4265 523 4340 Frederici
545 4267 609 4341 Dei
632 4268 742 4363 gratia
759 4268 977 4342 invictissimi
993 4269 1225 4344 Romanorum
1241 4271 1473 4367 imperatoris,
1501 4293 1638 4368 semper

223 4390 367 4482 augusti
385 4400 418 4463 et
434 4389 527 4484 regis
542 4392 658 4466 Sicilie
676 4413 768 4467 anno
782 4391 954 4485 secundo,
972 4394 1069 4488 regui
1086 4415 1170 4469 vero
1185 4395 1301 4470 Sicilie
1315 4396 1480 4471 vicesimo
1492 4405 1632 4492 quarto,

225 4513 382 4587 feliciter.
402 4513 529 4588 Amen.

329 4761 371 4833 ΙΙ.
