<?xml version="1.0" encoding="UTF-8"?>
<!DOCTYPE html PUBLIC "-//W3C//DTD XHTML 1.0 Transitional//EN"
    "http://www.w3.org/TR/xhtml1/DTD/xhtml1-transitional.dtd">
<html xmlns="http://www.w3.org/1999/xhtml" xml:lang="en" lang="en">
 <head>
  <title>
</title>
<meta http-equiv="Content-Type" content="text/html;charset=utf-8" />
  <meta name='ocr-system' content='tesseract 3.04.00' />
  <meta name='ocr-capabilities' content='ocr_page ocr_carea ocr_par ocr_line ocrx_word'/>
</head>
<body>
  <div class='ocr_page' id='page_1' title='image "./historiadiploma08fredgoog_0216.png"; bbox 0 0 4296 5898; ppageno 0'>
   <div class='ocr_carea' id='block_1_1' title="bbox 1019 549 1921 630">
    <p class='ocr_par' dir='ltr' id='par_1_1' title="bbox 1019 549 1921 630">
     <span class='ocr_line' id='line_1_1' title="bbox 1019 549 1921 630; baseline -0.012 -9"><span class='ocrx_word' id='word_1_1' title='bbox 1019 557 1232 622; x_wconf 80' lang='lat' dir='ltr'>ininsnici</span> <span class='ocrx_word' id='word_1_2' title='bbox 1257 555 1429 620; x_wconf 70' lang='lat' dir='ltr'>sustinui</span> <span class='ocrx_word' id='word_1_3' title='bbox 1739 549 1819 630; x_wconf 75' lang='lat' dir='ltr'>[An.</span> <span class='ocrx_word' id='word_1_4' title='bbox 1837 549 1921 612; x_wconf 71' lang='lat' dir='ltr'>mi.</span> 
     </span>
    </p>
   </div>
   <div class='ocr_carea' id='block_1_2' title="bbox 728 817 1708 840">
    <p class='ocr_par' dir='ltr' id='par_1_2' title="bbox 728 817 1708 840">
     <span class='ocr_line' id='line_1_2' title="bbox 728 817 1708 840; baseline -0.007 0"><span class='ocrx_word' id='word_1_5' title='bbox 728 817 1708 840; x_wconf 50' lang='lat' dir='ltr'>mmmm</span> 
     </span>
    </p>
   </div>
   <div class='ocr_carea' id='block_1_3' title="bbox 307 1076 1929 1604">
    <p class='ocr_par' dir='ltr' id='par_1_3' title="bbox 307 1076 1924 1604">
     <span class='ocr_line' id='line_1_3' title="bbox 330 1076 1923 1216; baseline -0.011 -41"><span class='ocrx_word' id='word_1_6' title='bbox 330 1105 469 1216; x_wconf 60' lang='lat' dir='ltr'>Tpn</span> <span class='ocrx_word' id='word_1_7' title='bbox 568 1089 799 1196; x_wconf 76' lang='lat' dir='ltr'>FridericuS,</span> <span class='ocrx_word' id='word_1_8' title='bbox 818 1085 1081 1170; x_wconf 84' lang='lat' dir='ltr'>Romanorum</span> <span class='ocrx_word' id='word_1_9' title='bbox 1107 1085 1329 1195; x_wconf 85' lang='lat' dir='ltr'>imperator,</span> <span class='ocrx_word' id='word_1_10' title='bbox 1348 1081 1476 1167; x_wconf 84' lang='lat' dir='ltr'>abbati</span> <span class='ocrx_word' id='word_1_11' title='bbox 1507 1092 1545 1166; x_wconf 91' lang='lat' dir='ltr'>et</span> <span class='ocrx_word' id='word_1_12' title='bbox 1570 1077 1770 1165; x_wconf 85' lang='lat' dir='ltr'>conventui</span> <span class='ocrx_word' id='word_1_13' title='bbox 1801 1076 1923 1159; x_wconf 86' lang='lat' dir='ltr'>Sancti</span> 
     </span>
     <span class='ocr_line' id='line_1_4' title="bbox 307 1213 1924 1332; baseline -0.009 -24"><span class='ocrx_word' id='word_1_14' title='bbox 307 1217 334 1260; x_wconf 69' lang='lat'>²⁵</span> <span class='ocrx_word' id='word_1_15' title='bbox 349 1214 488 1269; x_wconf 51' lang='lat' dir='ltr'>”lm</span> <span class='ocrx_word' id='word_1_16' title='bbox 515 1221 697 1332; x_wconf 77' lang='lat' dir='ltr'>Stephani</span> <span class='ocrx_word' id='word_1_17' title='bbox 715 1223 763 1305; x_wconf 92' lang='lat' dir='ltr'>de</span> <span class='ocrx_word' id='word_1_18' title='bbox 775 1220 936 1307; x_wconf 78' lang='lat' dir='ltr'>Nemore</span> <span class='ocrx_word' id='word_1_19' title='bbox 949 1218 1083 1303; x_wconf 84' lang='lat' dir='ltr'>iterato</span> <span class='ocrx_word' id='word_1_20' title='bbox 1101 1219 1255 1300; x_wconf 86' lang='lat' dir='ltr'>mandat</span> <span class='ocrx_word' id='word_1_21' title='bbox 1276 1243 1324 1300; x_wconf 87' lang='lat' dir='ltr'>ne</span> <span class='ocrx_word' id='word_1_22' title='bbox 1341 1216 1515 1300; x_wconf 93' lang='lat' dir='ltr'>homines</span> <span class='ocrx_word' id='word_1_23' title='bbox 1530 1213 1714 1298; x_wconf 81' lang='lat' dir='ltr'><strong>casalium</strong></span> <span class='ocrx_word' id='word_1_24' title='bbox 1726 1213 1924 1320; x_wconf 86' lang='lat' dir='ltr'>Mentabri,</span> 
     </span>
     <span class='ocr_line' id='line_1_5' title="bbox 516 1347 1929 1468; baseline -0.009 -27"><span class='ocrx_word' id='word_1_25' title='bbox 516 1357 766 1468; x_wconf 85' lang='lat' dir='ltr'>Gusparinae‚</span> <span class='ocrx_word' id='word_1_26' title='bbox 784 1355 954 1440; x_wconf 81' lang='lat' dir='ltr'>Arunchi</span> <span class='ocrx_word' id='word_1_27' title='bbox 967 1363 1005 1438; x_wconf 89' lang='lat' dir='ltr'>et</span> <span class='ocrx_word' id='word_1_28' title='bbox 1021 1353 1187 1440; x_wconf 85' lang='lat' dir='ltr'>Oliviani</span> <span class='ocrx_word' id='word_1_29' title='bbox 1201 1351 1303 1435; x_wconf 83' lang='lat' dir='ltr'>ultra</span> <span class='ocrx_word' id='word_1_30' title='bbox 1320 1377 1437 1463; x_wconf 88' lang='lat' dir='ltr'>quam</span> <span class='ocrx_word' id='word_1_31' title='bbox 1454 1359 1730 1433; x_wconf 87' lang='lat' dir='ltr'>consueverunt</span> <span class='ocrx_word' id='word_1_32' title='bbox 1745 1347 1929 1458; x_wconf 85' lang='lat' dir='ltr'>tempori-</span> 
     </span>
     <span class='ocr_line' id='line_1_6' title="bbox 516 1481 1924 1604; baseline -0.009 -28"><span class='ocrx_word' id='word_1_33' title='bbox 516 1493 589 1576; x_wconf 88' lang='lat' dir='ltr'>bus</span> <span class='ocrx_word' id='word_1_34' title='bbox 602 1493 936 1604; x_wconf 88' lang='lat' dir='ltr'>praedecessorum</span> <span class='ocrx_word' id='word_1_35' title='bbox 954 1514 1112 1572; x_wconf 90' lang='lat' dir='ltr'>suorum</span> <span class='ocrx_word' id='word_1_36' title='bbox 1130 1497 1168 1571; x_wconf 95' lang='lat' dir='ltr'>et</span> <span class='ocrx_word' id='word_1_37' title='bbox 1185 1487 1307 1570; x_wconf 93' lang='lat' dir='ltr'>eidem</span> <span class='ocrx_word' id='word_1_38' title='bbox 1321 1485 1551 1570; x_wconf 88' lang='lat' dir='ltr'>monasterio</span> <span class='ocrx_word' id='word_1_39' title='bbox 1568 1485 1616 1568; x_wconf 92' lang='lat' dir='ltr'>de</span> <span class='ocrx_word' id='word_1_40' title='bbox 1633 1481 1721 1594; x_wconf 89' lang='lat' dir='ltr'>jure</span> <span class='ocrx_word' id='word_1_41' title='bbox 1736 1490 1924 1586; x_wconf 88' lang='lat' dir='ltr'>tenentur,</span> 
     </span>
    </p>
   </div>
   <div class='ocr_carea' id='block_1_4' title="bbox 515 1623 1141 1711">
    <p class='ocr_par' dir='ltr' id='par_1_4' title="bbox 515 1623 1141 1711">
     <span class='ocr_line' id='line_1_7' title="bbox 515 1623 1141 1711; baseline -0.013 0"><span class='ocrx_word' id='word_1_42' title='bbox 515 1628 563 1711; x_wconf 88' lang='lat' dir='ltr'>de</span> <span class='ocrx_word' id='word_1_43' title='bbox 581 1636 727 1711; x_wconf 87' lang='lat' dir='ltr'>caetero</span> <span class='ocrx_word' id='word_1_44' title='bbox 744 1624 911 1709; x_wconf 75' lang='lat' dir='ltr'>indebite</span> <span class='ocrx_word' id='word_1_45' title='bbox 928 1623 1141 1708; x_wconf 78' lang='lat' dir='ltr'>molestent.</span> 
     </span>
    </p>
   </div>
   <div class='ocr_carea' id='block_1_5' title="bbox 592 1833 1928 2135">
    <p class='ocr_par' dir='ltr' id='par_1_5' title="bbox 592 1833 1928 2135">
     <span class='ocr_line' id='line_1_8' title="bbox 592 1833 1926 1922; baseline -0.009 -16"><span class='ocrx_word' id='word_1_46' title='bbox 592 1843 680 1922; x_wconf 80' lang='lat' dir='ltr'>(Edit.</span> <span class='ocrx_word' id='word_1_47' title='bbox 694 1859 741 1922; x_wconf 88' lang='lat' dir='ltr'>ap.</span> <span class='ocrx_word' id='word_1_48' title='bbox 759 1844 951 1916; x_wconf 74' lang='lat' dir='ltr'>Maccmocs,</span> <span class='ocrx_word' id='word_1_49' title='bbox 969 1843 1072 1902; x_wconf 71' lang='lat' dir='ltr'>Eram</span> <span class='ocrx_word' id='word_1_50' title='bbox 1084 1837 1157 1900; x_wconf 74' lang='lat' dir='ltr'>delle</span> <span class='ocrx_word' id='word_1_51' title='bbox 1173 1845 1253 1900; x_wconf 75' lang='lat' dir='ltr'>carte</span> <span class='ocrx_word' id='word_1_52' title='bbox 1264 1844 1384 1900; x_wconf 73' lang='lat' dir='ltr'>maure</span> <span class='ocrx_word' id='word_1_53' title='bbox 1395 1835 1428 1898; x_wconf 75' lang='lat' dir='ltr'>di</span> <span class='ocrx_word' id='word_1_54' title='bbox 1440 1838 1471 1899; x_wconf 87' lang='lat' dir='ltr'>S.</span> <span class='ocrx_word' id='word_1_55' title='bbox 1491 1835 1622 1918; x_wconf 65' lang='lat' dir='ltr'>Staieno,</span> <span class='ocrx_word' id='word_1_56' title='bbox 1637 1835 1764 1914; x_wconf 81' lang='lat' dir='ltr'>append.</span> <span class='ocrx_word' id='word_1_57' title='bbox 1773 1846 1809 1894; x_wconf 85' lang='lat' dir='ltr'>n⁰</span> <span class='ocrx_word' id='word_1_58' title='bbox 1817 1833 1926 1906; x_wconf 78' lang='lat' dir='ltr'>xliiii,</span> 
     </span>
     <span class='ocr_line' id='line_1_9' title="bbox 637 1941 1928 2024; baseline -0.009 -12"><span class='ocrx_word' id='word_1_59' title='bbox 637 1956 668 2012; x_wconf 85' lang='lat' dir='ltr'>et</span> <span class='ocrx_word' id='word_1_60' title='bbox 686 1951 832 2024; x_wconf 79' lang='lat' dir='ltr'>Tuom,</span> <span class='ocrx_word' id='word_1_61' title='bbox 847 1948 926 2010; x_wconf 82' lang='lat' dir='ltr'>sur.</span> <span class='ocrx_word' id='word_1_62' title='bbox 948 1943 997 2010; x_wconf 76' lang='lat' dir='ltr'>del</span> <span class='ocrx_word' id='word_1_63' title='bbox 1014 1943 1076 2008; x_wconf 77' lang='lat' dir='ltr'>ord</span> <span class='ocrx_word' id='word_1_64' title='bbox 1095 1947 1223 2021; x_wconf 70' lang='lat' dir='ltr'>Garios,</span> <span class='ocrx_word' id='word_1_65' title='bbox 1238 1952 1260 2007; x_wconf 86' lang='lat' dir='ltr'>t.</span> <span class='ocrx_word' id='word_1_66' title='bbox 1277 1946 1316 2018; x_wconf 87' lang='lat' dir='ltr'>V,</span> <span class='ocrx_word' id='word_1_67' title='bbox 1327 1946 1499 2022; x_wconf 77' lang='lat' dir='ltr'>appendu·</span> <span class='ocrx_word' id='word_1_68' title='bbox 1513 1943 1651 2012; x_wconf 69' lang='lat' dir='ltr'>Lxxvu</span> <span class='ocrx_word' id='word_1_69' title='bbox 1666 1941 1928 2021; x_wconf 79' lang='lat' dir='ltr'>qucdmandatnm</span> 
     </span>
     <span class='ocr_line' id='line_1_10' title="bbox 638 2051 1522 2135; baseline -0.006 -17"><span class='ocrx_word' id='word_1_70' title='bbox 638 2057 707 2120; x_wconf 84' lang='lat' dir='ltr'>vide</span> <span class='ocrx_word' id='word_1_71' title='bbox 719 2056 798 2118; x_wconf 84' lang='lat' dir='ltr'>intra</span> <span class='ocrx_word' id='word_1_72' title='bbox 816 2074 845 2135; x_wconf 88' lang='lat' dir='ltr'>p.</span> <span class='ocrx_word' id='word_1_73' title='bbox 867 2065 938 2130; x_wconf 76' lang='lat'>215,</span> <span class='ocrx_word' id='word_1_74' title='bbox 953 2057 986 2115; x_wconf 87' lang='lat' dir='ltr'>in</span> <span class='ocrx_word' id='word_1_75' title='bbox 999 2057 1117 2134; x_wconf 75' lang='lat' dir='ltr'>integro</span> <span class='ocrx_word' id='word_1_76' title='bbox 1130 2055 1191 2116; x_wconf 85' lang='lat' dir='ltr'>litis</span> <span class='ocrx_word' id='word_1_77' title='bbox 1203 2053 1294 2132; x_wconf 75' lang='lat' dir='ltr'>hujus</span> <span class='ocrx_word' id='word_1_78' title='bbox 1306 2051 1522 2132; x_wconf 86' lang='lat' dir='ltr'>instrumento.)</span> 
     </span>
    </p>
   </div>
   <div class='ocr_carea' id='block_1_6' title="bbox 567 2236 1927 2342">
    <p class='ocr_par' dir='ltr' id='par_1_6' title="bbox 567 2236 1927 2342">
     <span class='ocr_line' id='line_1_11' title="bbox 567 2236 1927 2342; baseline -0.007 -24"><span class='ocrx_word' id='word_1_79' title='bbox 567 2247 693 2320; x_wconf 89' lang='lat' dir='ltr'>Datum</span> <span class='ocrx_word' id='word_1_80' title='bbox 706 2244 803 2342; x_wconf 87' lang='lat' dir='ltr'>apud</span> <span class='ocrx_word' id='word_1_81' title='bbox 811 2247 1018 2341; x_wconf 85' lang='lat' dir='ltr'>Trepannm,</span> <span class='ocrx_word' id='word_1_82' title='bbox 1031 2242 1331 2338; x_wconf 88' lang='lat' dir='ltr'>vicesimoquinto</span> <span class='ocrx_word' id='word_1_83' title='bbox 1341 2239 1559 2338; x_wconf 83' lang='lat' dir='ltr'>septembris,</span> <span class='ocrx_word' id='word_1_84' title='bbox 1572 2238 1706 2314; x_wconf 81' lang='lat' dir='ltr'>decime</span> <span class='ocrx_word' id='word_1_85' title='bbox 1718 2236 1927 2311; x_wconf 81' lang='lat' dir='ltr'>indictionis.</span> 
     </span>
    </p>
   </div>
   <div class='ocr_carea' id='block_1_7' title="bbox 1521 2563 1714 2572">
    <p class='ocr_par' dir='ltr' id='par_1_7' title="bbox 1521 2563 1714 2572">
     <span class='ocr_line' id='line_1_12' title="bbox 1521 2563 1714 2572; baseline 0 -2"><span class='ocrx_word' id='word_1_86' title='bbox 1521 2563 1612 2572; x_wconf 66' lang='lat' dir='ltr'>...an-</span> <span class='ocrx_word' id='word_1_87' title='bbox 1620 2563 1714 2571; x_wconf 67' lang='lat' dir='ltr'>n...-</span> 
     </span>
    </p>
   </div>
   <div class='ocr_carea' id='block_1_8' title="bbox 337 2847 1935 2959">
    <p class='ocr_par' dir='ltr' id='par_1_8' title="bbox 337 2847 1935 2959">
     <span class='ocr_line' id='line_1_13' title="bbox 337 2847 1935 2959; baseline 0.003 -29"><span class='ocrx_word' id='word_1_88' title='bbox 337 2896 384 2930; x_wconf 66' lang='grc' dir='ltr'>ω</span> <span class='ocrx_word' id='word_1_89' title='bbox 429 2885 470 2928; x_wconf 67' lang='lat' dir='ltr'>a.</span> <span class='ocrx_word' id='word_1_90' title='bbox 576 2849 804 2957; x_wconf 86' lang='lat' dir='ltr'>Fridericus‚</span> <span class='ocrx_word' id='word_1_91' title='bbox 820 2849 1082 2934; x_wconf 86' lang='lat' dir='ltr'>Romanorum</span> <span class='ocrx_word' id='word_1_92' title='bbox 1109 2849 1329 2959; x_wconf 84' lang='lat' dir='ltr'>imperator,</span> <span class='ocrx_word' id='word_1_93' title='bbox 1351 2847 1398 2930; x_wconf 91' lang='lat' dir='ltr'>ad</span> <span class='ocrx_word' id='word_1_94' title='bbox 1427 2847 1740 2959; x_wconf 80' lang='lat' dir='ltr'>supplicationem</span> <span class='ocrx_word' id='word_1_95' title='bbox 1773 2849 1935 2934; x_wconf 87' lang='lat' dir='ltr'>lrotmm</span> 
     </span>
    </p>
   </div>
   <div class='ocr_carea' id='block_1_9' title="bbox 358 2951 1937 3632">
    <p class='ocr_par' dir='ltr' id='par_1_9' title="bbox 358 2951 1937 3632">
     <span class='ocr_line' id='line_1_14' title="bbox 358 2951 1936 3092; baseline 0 -25"><span class='ocrx_word' id='word_1_96' title='bbox 358 2951 406 3036; x_wconf 52' lang='lat'>⁰3³3</span> <span class='ocrx_word' id='word_1_97' title='bbox 454 2971 461 2992; x_wconf 84' lang='lat'><em>&#39;</em></span> <span class='ocrx_word' id='word_1_98' title='bbox 524 2983 744 3068; x_wconf 87' lang='lat' dir='ltr'>monasterii</span> <span class='ocrx_word' id='word_1_99' title='bbox 766 2981 926 3066; x_wconf 74' lang='lat' dir='ltr'>Sanctae</span> <span class='ocrx_word' id='word_1_100' title='bbox 950 2983 1091 3068; x_wconf 85' lang='lat' dir='ltr'>Mariae</span> <span class='ocrx_word' id='word_1_101' title='bbox 1121 2984 1169 3067; x_wconf 91' lang='lat' dir='ltr'>de</span> <span class='ocrx_word' id='word_1_102' title='bbox 1200 2993 1329 3066; x_wconf 88' lang='lat' dir='ltr'>monte</span> <span class='ocrx_word' id='word_1_103' title='bbox 1351 2980 1518 3092; x_wconf 85' lang='lat' dir='ltr'>Virginis</span> <span class='ocrx_word' id='word_1_104' title='bbox 1543 2983 1668 3067; x_wconf 91' lang='lat' dir='ltr'>locum</span> <span class='ocrx_word' id='word_1_105' title='bbox 1693 2984 1742 3067; x_wconf 91' lang='lat' dir='ltr'>de</span> <span class='ocrx_word' id='word_1_106' title='bbox 1762 2982 1936 3068; x_wconf 87' lang='lat' dir='ltr'>Roccella</span> 
     </span>
     <span class='ocr_line' id='line_1_15' title="bbox 524 3115 1936 3230; baseline 0.003 -31"><span class='ocrx_word' id='word_1_107' title='bbox 524 3119 564 3199; x_wconf 92' lang='lat' dir='ltr'>in</span> <span class='ocrx_word' id='word_1_108' title='bbox 578 3145 657 3228; x_wconf 89' lang='lat' dir='ltr'>quo</span> <span class='ocrx_word' id='word_1_109' title='bbox 671 3117 742 3201; x_wconf 85' lang='lat' dir='ltr'>site</span> <span class='ocrx_word' id='word_1_110' title='bbox 754 3127 813 3201; x_wconf 89' lang='lat' dir='ltr'>est</span> <span class='ocrx_word' id='word_1_111' title='bbox 825 3116 987 3228; x_wconf 84' lang='lat' dir='ltr'>grangia</span> <span class='ocrx_word' id='word_1_112' title='bbox 1000 3115 1220 3201; x_wconf 86' lang='lat' dir='ltr'>monasterii</span> <span class='ocrx_word' id='word_1_113' title='bbox 1233 3116 1510 3200; x_wconf 90' lang='lat' dir='ltr'>cumomnibns</span> <span class='ocrx_word' id='word_1_114' title='bbox 1523 3117 1826 3229; x_wconf 88' lang='lat' dir='ltr'>possessionibus</span> <span class='ocrx_word' id='word_1_115' title='bbox 1840 3147 1936 3230; x_wconf 86' lang='lat' dir='ltr'>quus</span> 
     </span>
     <span class='ocr_line' id='line_1_16' title="bbox 525 3250 1937 3363; baseline 0.004 -29"><span class='ocrx_word' id='word_1_116' title='bbox 525 3279 629 3336; x_wconf 89' lang='lat' dir='ltr'>nunc</span> <span class='ocrx_word' id='word_1_117' title='bbox 646 3252 749 3363; x_wconf 87' lang='lat' dir='ltr'>juste</span> <span class='ocrx_word' id='word_1_118' title='bbox 769 3260 898 3335; x_wconf 89' lang='lat' dir='ltr'>tenent</span> <span class='ocrx_word' id='word_1_119' title='bbox 918 3261 956 3335; x_wconf 90' lang='lat' dir='ltr'>et</span> <span class='ocrx_word' id='word_1_120' title='bbox 978 3250 1210 3334; x_wconf 85' lang='lat' dir='ltr'>inlaturum</span> <span class='ocrx_word' id='word_1_121' title='bbox 1231 3251 1423 3361; x_wconf 90' lang='lat' dir='ltr'>potuerint</span> <span class='ocrx_word' id='word_1_122' title='bbox 1446 3251 1602 3362; x_wconf 83' lang='lat' dir='ltr'>adipisci</span> <span class='ocrx_word' id='word_1_123' title='bbox 1625 3253 1679 3336; x_wconf 87' lang='lat' dir='ltr'>eis</span> <span class='ocrx_word' id='word_1_124' title='bbox 1702 3255 1877 3338; x_wconf 87' lang='lat' dir='ltr'>concedit</span> <span class='ocrx_word' id='word_1_125' title='bbox 1899 3265 1937 3339; x_wconf 89' lang='lat' dir='ltr'>et</span> 
     </span>
     <span class='ocr_line' id='line_1_17' title="bbox 526 3385 1937 3497; baseline 0.001 -27"><span class='ocrx_word' id='word_1_126' title='bbox 526 3387 746 3492; x_wconf 83' lang='lat' dir='ltr'>confirmat,</span> <span class='ocrx_word' id='word_1_127' title='bbox 762 3396 951 3471; x_wconf 83' lang='lat' dir='ltr'>reservato</span> <span class='ocrx_word' id='word_1_128' title='bbox 968 3387 1074 3497; x_wconf 90' lang='lat' dir='ltr'>quod</span> <span class='ocrx_word' id='word_1_129' title='bbox 1092 3387 1131 3468; x_wconf 93' lang='lat' dir='ltr'>in</span> <span class='ocrx_word' id='word_1_130' title='bbox 1150 3388 1341 3497; x_wconf 88' lang='lat' dir='ltr'>praedicta</span> <span class='ocrx_word' id='word_1_131' title='bbox 1355 3385 1526 3472; x_wconf 87' lang='lat' dir='ltr'>Rocoella</span> <span class='ocrx_word' id='word_1_132' title='bbox 1540 3389 1754 3474; x_wconf 83' lang='lat' dir='ltr'>custodiam</span> <span class='ocrx_word' id='word_1_133' title='bbox 1770 3389 1853 3473; x_wconf 88' lang='lat' dir='ltr'>fieri</span> <span class='ocrx_word' id='word_1_134' title='bbox 1870 3389 1937 3472; x_wconf 90' lang='lat' dir='ltr'>la-</span> 
     </span>
     <span class='ocr_line' id='line_1_18' title="bbox 525 3521 1431 3632; baseline -0.002 -27"><span class='ocrx_word' id='word_1_135' title='bbox 525 3522 618 3627; x_wconf 85' lang='lat' dir='ltr'>ciat,</span> <span class='ocrx_word' id='word_1_136' title='bbox 638 3521 819 3632; x_wconf 85' lang='lat' dir='ltr'>salvoque</span> <span class='ocrx_word' id='word_1_137' title='bbox 838 3548 907 3605; x_wconf 91' lang='lat' dir='ltr'>suo</span> <span class='ocrx_word' id='word_1_138' title='bbox 926 3522 1108 3605; x_wconf 85' lang='lat' dir='ltr'>mandato</span> <span class='ocrx_word' id='word_1_139' title='bbox 1126 3531 1164 3605; x_wconf 92' lang='lat' dir='ltr'>et</span> <span class='ocrx_word' id='word_1_140' title='bbox 1181 3521 1431 3606; x_wconf 89' lang='lat' dir='ltr'>ordinatione.</span> 
     </span>
    </p>
   </div>
   <div class='ocr_carea' id='block_1_10' title="bbox 599 3733 1810 3820">
    <p class='ocr_par' dir='ltr' id='par_1_10' title="bbox 599 3733 1810 3820">
     <span class='ocr_line' id='line_1_19' title="bbox 599 3733 1810 3820; baseline 0.006 -24"><span class='ocrx_word' id='word_1_141' title='bbox 599 3735 759 3810; x_wconf 84' lang='lat' dir='ltr'>(ineditum</span> <span class='ocrx_word' id='word_1_142' title='bbox 772 3737 805 3796; x_wconf 88' lang='lat' dir='ltr'>in</span> <span class='ocrx_word' id='word_1_143' title='bbox 817 3735 938 3797; x_wconf 85' lang='lat' dir='ltr'>archivo</span> <span class='ocrx_word' id='word_1_144' title='bbox 952 3735 1065 3798; x_wconf 81' lang='lat' dir='ltr'>Montis</span> <span class='ocrx_word' id='word_1_145' title='bbox 1074 3733 1214 3815; x_wconf 80' lang='lat' dir='ltr'>Virginis,</span> <span class='ocrx_word' id='word_1_146' title='bbox 1229 3751 1267 3796; x_wconf 87' lang='lat' dir='ltr'>ex</span> <span class='ocrx_word' id='word_1_147' title='bbox 1285 3737 1422 3814; x_wconf 74' lang='lat' dir='ltr'>originali</span> <span class='ocrx_word' id='word_1_148' title='bbox 1432 3737 1464 3797; x_wconf 90' lang='lat' dir='ltr'>in</span> <span class='ocrx_word' id='word_1_149' title='bbox 1478 3737 1588 3820; x_wconf 70' lang='lat' dir='ltr'>Repeti.</span> <span class='ocrx_word' id='word_1_150' title='bbox 1602 3738 1686 3818; x_wconf 84' lang='lat' dir='ltr'>viri,</span> <span class='ocrx_word' id='word_1_151' title='bbox 1699 3749 1733 3802; x_wconf 82' lang='lat' dir='ltr'>n·</span> <span class='ocrx_word' id='word_1_152' title='bbox 1749 3746 1810 3817; x_wconf 83' lang='lat' dir='ltr'>ii.)</span> 
     </span>
    </p>
   </div>
   <div class='ocr_carea' id='block_1_11' title="bbox 528 3925 1944 4775">
    <p class='ocr_par' dir='ltr' id='par_1_11' title="bbox 528 3925 1944 4775">
     <span class='ocr_line' id='line_1_20' title="bbox 576 3925 1940 4007; baseline 0.005 -7"><span class='ocrx_word' id='word_1_153' title='bbox 576 3929 617 4000; x_wconf 92' lang='lat' dir='ltr'>ln</span> <span class='ocrx_word' id='word_1_154' title='bbox 630 3927 770 4001; x_wconf 92' lang='lat' dir='ltr'>nomine</span> <span class='ocrx_word' id='word_1_155' title='bbox 788 3925 927 4000; x_wconf 90' lang='lat' dir='ltr'>Domini</span> <span class='ocrx_word' id='word_1_156' title='bbox 943 3925 1006 4000; x_wconf 87' lang='lat' dir='ltr'>Dei</span> <span class='ocrx_word' id='word_1_157' title='bbox 1024 3925 1134 3999; x_wconf 86' lang='lat' dir='ltr'>eterni</span> <span class='ocrx_word' id='word_1_158' title='bbox 1149 3935 1183 3998; x_wconf 92' lang='lat' dir='ltr'>et</span> <span class='ocrx_word' id='word_1_159' title='bbox 1200 3925 1386 3999; x_wconf 81' lang='lat' dir='ltr'>salvatoris</span> <span class='ocrx_word' id='word_1_160' title='bbox 1403 3926 1511 3998; x_wconf 86' lang='lat' dir='ltr'>nostn&#39;</span> <span class='ocrx_word' id='word_1_161' title='bbox 1524 3927 1606 4000; x_wconf 84' lang='lat' dir='ltr'>lesu</span> <span class='ocrx_word' id='word_1_162' title='bbox 1622 3927 1760 4002; x_wconf 86' lang='lat' dir='ltr'>Christi.</span> <span class='ocrx_word' id='word_1_163' title='bbox 1777 3931 1881 4006; x_wconf 86' lang='lat' dir='ltr'>Anno</span> <span class='ocrx_word' id='word_1_164' title='bbox 1895 3936 1940 4007; x_wconf 81' lang='lat' dir='ltr'>alr</span> 
     </span>
     <span class='ocr_line' id='line_1_21' title="bbox 529 4049 1940 4144; baseline 0.004 -18"><span class='ocrx_word' id='word_1_165' title='bbox 529 4053 763 4127; x_wconf 88' lang='lat' dir='ltr'>incarnatione</span> <span class='ocrx_word' id='word_1_166' title='bbox 776 4053 852 4144; x_wconf 89' lang='lat' dir='ltr'>ejus</span> <span class='ocrx_word' id='word_1_167' title='bbox 867 4050 1050 4124; x_wconf 89' lang='lat' dir='ltr'>millesimo</span> <span class='ocrx_word' id='word_1_168' title='bbox 1070 4049 1308 4124; x_wconf 85' lang='lat' dir='ltr'>ducentesimo</span> <span class='ocrx_word' id='word_1_169' title='bbox 1326 4049 1499 4124; x_wconf 84' lang='lat' dir='ltr'>tricesimo</span> <span class='ocrx_word' id='word_1_170' title='bbox 1511 4061 1635 4126; x_wconf 79' lang='lat' dir='ltr'>octavo</span> <span class='ocrx_word' id='word_1_171' title='bbox 1648 4063 1683 4127; x_wconf 88' lang='lat' dir='ltr'>et</span> <span class='ocrx_word' id='word_1_172' title='bbox 1698 4055 1940 4132; x_wconf 85' lang='lat' dir='ltr'>terciodecimo</span> 
     </span>
     <span class='ocr_line' id='line_1_22' title="bbox 529 4174 1941 4278; baseline 0.005 -29"><span class='ocrx_word' id='word_1_173' title='bbox 529 4175 600 4273; x_wconf 78' lang='lat' dir='ltr'>(sic)</span> <span class='ocrx_word' id='word_1_174' title='bbox 619 4198 710 4250; x_wconf 86' lang='lat' dir='ltr'>anuo</span> <span class='ocrx_word' id='word_1_175' title='bbox 725 4174 860 4270; x_wconf 87' lang='lat' dir='ltr'>imperii</span> <span class='ocrx_word' id='word_1_176' title='bbox 882 4174 1016 4248; x_wconf 92' lang='lat' dir='ltr'>domini</span> <span class='ocrx_word' id='word_1_177' title='bbox 1032 4175 1139 4247; x_wconf 91' lang='lat' dir='ltr'>nostri</span> <span class='ocrx_word' id='word_1_178' title='bbox 1155 4175 1309 4251; x_wconf 84' lang='lat' dir='ltr'>Foderici</span> <span class='ocrx_word' id='word_1_179' title='bbox 1329 4174 1566 4272; x_wconf 82' lang='lat' dir='ltr'>gloriosissimi</span> <span class='ocrx_word' id='word_1_180' title='bbox 1583 4179 1816 4252; x_wconf 87' lang='lat' dir='ltr'>Romanomm</span> <span class='ocrx_word' id='word_1_181' title='bbox 1826 4182 1941 4278; x_wconf 89' lang='lat' dir='ltr'>impa-</span> 
     </span>
     <span class='ocr_line' id='line_1_23' title="bbox 529 4299 1942 4399; baseline 0.007 -27"><span class='ocrx_word' id='word_1_182' title='bbox 529 4301 664 4393; x_wconf 83' lang='lat' dir='ltr'>ratoris,</span> <span class='ocrx_word' id='word_1_183' title='bbox 676 4321 812 4395; x_wconf 88' lang='lat' dir='ltr'>semper</span> <span class='ocrx_word' id='word_1_184' title='bbox 820 4299 974 4393; x_wconf 79' lang='lat' dir='ltr'>augusti,</span> <span class='ocrx_word' id='word_1_185' title='bbox 991 4299 1179 4372; x_wconf 84' lang='lat' dir='ltr'>Jerusalem</span> <span class='ocrx_word' id='word_1_186' title='bbox 1191 4309 1226 4371; x_wconf 90' lang='lat' dir='ltr'>et</span> <span class='ocrx_word' id='word_1_187' title='bbox 1237 4300 1353 4375; x_wconf 88' lang='lat' dir='ltr'>Sicilie</span> <span class='ocrx_word' id='word_1_188' title='bbox 1365 4303 1469 4396; x_wconf 78' lang='lat' dir='ltr'>regis,</span> <span class='ocrx_word' id='word_1_189' title='bbox 1486 4311 1521 4375; x_wconf 91' lang='lat' dir='ltr'>et</span> <span class='ocrx_word' id='word_1_190' title='bbox 1535 4301 1704 4396; x_wconf 81' lang='lat' dir='ltr'>vigesimo</span> <span class='ocrx_word' id='word_1_191' title='bbox 1714 4304 1838 4399; x_wconf 89' lang='lat' dir='ltr'>quinto</span> <span class='ocrx_word' id='word_1_192' title='bbox 1851 4328 1942 4382; x_wconf 83' lang='lat' dir='ltr'>anno</span> 
     </span>
     <span class='ocr_line' id='line_1_24' title="bbox 530 4422 1943 4523; baseline 0.008 -28"><span class='ocrx_word' id='word_1_193' title='bbox 530 4424 628 4519; x_wconf 78' lang='lat' dir='ltr'>regni</span> <span class='ocrx_word' id='word_1_194' title='bbox 648 4423 779 4496; x_wconf 92' lang='lat' dir='ltr'>domini</span> <span class='ocrx_word' id='word_1_195' title='bbox 794 4423 901 4496; x_wconf 91' lang='lat' dir='ltr'>nostri</span> <span class='ocrx_word' id='word_1_196' title='bbox 915 4422 1053 4496; x_wconf 89' lang='lat' dir='ltr'>Henrici</span> <span class='ocrx_word' id='word_1_197' title='bbox 1076 4423 1168 4518; x_wconf 75' lang='lat' dir='ltr'>regis</span> <span class='ocrx_word' id='word_1_198' title='bbox 1185 4424 1299 4498; x_wconf 92' lang='lat' dir='ltr'>Sicilie</span> <span class='ocrx_word' id='word_1_199' title='bbox 1316 4434 1351 4497; x_wconf 90' lang='lat' dir='ltr'>et</span> <span class='ocrx_word' id='word_1_200' title='bbox 1364 4426 1461 4500; x_wconf 86' lang='lat' dir='ltr'>ltalie</span> <span class='ocrx_word' id='word_1_201' title='bbox 1472 4426 1616 4523; x_wconf 80' lang='lat' dir='ltr'>legitimi</span> <span class='ocrx_word' id='word_1_202' title='bbox 1634 4425 1695 4500; x_wconf 88' lang='lat' dir='ltr'>filii</span> <span class='ocrx_word' id='word_1_203' title='bbox 1709 4431 1799 4522; x_wconf 87' lang='lat' dir='ltr'>ejus,</span> <span class='ocrx_word' id='word_1_204' title='bbox 1819 4440 1943 4506; x_wconf 82' lang='lat' dir='ltr'>octavo</span> 
     </span>
     <span class='ocr_line' id='line_1_25' title="bbox 531 4548 1944 4647; baseline 0.007 -27"><span class='ocrx_word' id='word_1_205' title='bbox 531 4549 688 4620; x_wconf 89' lang='lat' dir='ltr'>intrantis</span> <span class='ocrx_word' id='word_1_206' title='bbox 709 4548 836 4620; x_wconf 88' lang='lat' dir='ltr'>mensis</span> <span class='ocrx_word' id='word_1_207' title='bbox 857 4548 1039 4636; x_wconf 84' lang='lat' dir='ltr'>februarii,</span> <span class='ocrx_word' id='word_1_208' title='bbox 1063 4548 1269 4622; x_wconf 90' lang='lat' dir='ltr'>duodecime</span> <span class='ocrx_word' id='word_1_209' title='bbox 1295 4549 1505 4624; x_wconf 89' lang='lat' dir='ltr'>indictionis.</span> <span class='ocrx_word' id='word_1_210' title='bbox 1533 4555 1624 4625; x_wconf 87' lang='lat' dir='ltr'>Dum</span> <span class='ocrx_word' id='word_1_211' title='bbox 1647 4573 1713 4647; x_wconf 80' lang='lat' dir='ltr'>ego</span> <span class='ocrx_word' id='word_1_212' title='bbox 1738 4554 1944 4630; x_wconf 89' lang='lat' dir='ltr'>Guilielmus</span> 
     </span>
     <span class='ocr_line' id='line_1_26' title="bbox 528 4672 1944 4775; baseline 0.006 -28"><span class='ocrx_word' id='word_1_213' title='bbox 528 4672 641 4767; x_wconf 80' lang='lat' dir='ltr'>judex</span> <span class='ocrx_word' id='word_1_214' title='bbox 660 4672 809 4745; x_wconf 89' lang='lat' dir='ltr'>Aveliiui</span> <span class='ocrx_word' id='word_1_215' title='bbox 823 4682 957 4747; x_wconf 82' lang='lat' dir='ltr'>astante</span> <span class='ocrx_word' id='word_1_216' title='bbox 975 4694 1110 4746; x_wconf 87' lang='lat' dir='ltr'>mecum</span> <span class='ocrx_word' id='word_1_217' title='bbox 1126 4674 1258 4748; x_wconf 83' lang='lat' dir='ltr'>notario</span> <span class='ocrx_word' id='word_1_218' title='bbox 1271 4674 1413 4749; x_wconf 78' lang='lat' dir='ltr'>sniemo</span> <span class='ocrx_word' id='word_1_219' title='bbox 1433 4675 1590 4768; x_wconf 88' lang='lat' dir='ltr'>ejusdem</span> <span class='ocrx_word' id='word_1_220' title='bbox 1605 4677 1771 4770; x_wconf 74' lang='lat' dir='ltr'>civitatis,</span> <span class='ocrx_word' id='word_1_221' title='bbox 1794 4701 1944 4775; x_wconf 87' lang='lat' dir='ltr'>presen-</span> 
     </span>
    </p>
   </div>
   <div class='ocr_carea' id='block_1_12' title="bbox 0 0 2175 5892">
    <p class='ocr_par' dir='ltr' id='par_1_12' title="bbox 0 0 2175 5892">
     <span class='ocr_line' id='line_1_27' title="bbox 0 0 2175 5892; baseline 0 0"><span class='ocrx_word' id='word_1_222' title='bbox 0 0 2175 5892; x_wconf 95' lang='lat' dir='ltr'> </span> 
     </span>
    </p>
   </div>
  </div>
 </body>
</html>
