4296 5898
547 589 610 654 aaa
1052 595 1268 660 rarnnnrcr
1293 569 1465 661 sncounr
1776 597 1856 686 [aa
1876 599 1959 666 lm

550 727 764 802 honestatem
780 729 1061 828 ll.(l)prepositi
1075 731 1120 807 de
1132 733 1339 809 llanshoven
1352 733 1465 810 fidelis
1482 735 1603 830 nostri,
1620 735 1734 832 ipsum
1748 735 1785 808 in
1799 735 1962 812 dilectum

550 854 767 948 capellanum
790 856 985 952 recepimus
1001 867 1037 931 et
1060 867 1131 932 tam
1151 880 1333 956 personam
1352 859 1464 958 ipsius
1481 883 1588 955 quam
1607 860 1724 934 omnia
1739 859 1832 934 bona
1843 883 1915 958 que
1927 861 1962 934 in

550 978 701 1074 presenti
719 979 823 1054 habet
839 981 895 1055 vel
916 981 953 1054 in
970 984 1105 1073 loturo,
1124 981 1229 1057 dante
1246 983 1411 1079 Domino,
1428 985 1554 1082 poturit
1571 982 1718 1080 adipisci
1735 984 1804 1058 sub
1824 983 1962 1081 speciali

550 1113 668 1178 nostra
691 1112 726 1178 et
748 1103 884 1201 imperii
908 1107 1126 1203 suscepimus
1141 1106 1369 1203 protectione;
1396 1105 1585 1182 districtim
1602 1107 1797 1182 inhibentes
1818 1129 1864 1181 ne
1885 1107 1962 1204 quis

547 1249 631 1303 eum
658 1228 693 1300 in
718 1231 941 1326 personaret
961 1231 1067 1306 rebus
1092 1230 1167 1306 suis
1187 1240 1305 1306 contra
1328 1233 1549 1329 protectionis
1570 1242 1686 1306 nostre
1708 1242 1861 1306 tenorem
1886 1253 1961 1306 mo-

548 1353 672 1428 lestare
693 1364 756 1427 aut
778 1353 980 1452 perturbare
999 1365 1189 1454 presumat.
1213 1354 1316 1441 Quod
1335 1355 1398 1452 qui
1423 1357 1672 1456 presumpserit
1692 1355 1961 1452 indignationem

548 1478 656 1552 nostri
671 1480 832 1555 culminis
849 1503 887 1556 se
901 1481 1038 1556 noverit
1052 1481 1287 1556 incursurum.

595 1605 720 1680 Datum
738 1605 917 1696 Cathanie,
935 1605 1095 1681 kalendis
1107 1605 1271 1699 octobris,
1287 1605 1476 1681 indictione
1487 1607 1548 1680 Xl.

477 2358 484 2371 ,
602 2258 834 2368 fridericus,
849 2261 1111 2346 Romanorum
1128 2261 1350 2372 imperator,
1366 2262 1417 2345 ad
1434 2259 1749 2372 supplicationem
1771 2257 1960 2342 'lbaddaei

549 2391 699 2476 abbatis
734 2393 955 2478 monasterii
983 2394 1143 2479 Sanctae
1169 2395 1310 2480 Marias
1335 2395 1385 2480 de
1410 2395 1582 2480 Ferraria
1606 2404 1645 2478 et
1669 2393 1834 2476 fratrum
1859 2391 1957 2502 ejus,

547 2528 724 2636 nnspeotis
741 2527 948 2638 privilegiis
962 2554 1061 2640 quae
1073 2539 1249 2639 parentes
1258 2529 1317 2612 sui
1330 2528 1454 2612 eidem
1464 2526 1694 2614 monasterio
1706 2525 1957 2631 indulserunt,

546 2661 745 2744 universas
771 2662 1030 2772 possessiones
1060 2661 1163 2773 ejus,
1193 2661 1386 2746 libertates
1416 2672 1456 2747 et
1484 2661 1743 2745 immunitates
1774 2667 1957 2766 recenset,

546 2795 718 2878 concedit
735 2803 773 2878 ot
785 2795 999 2880 confirmat.

626 3033 726 3117 (Edld.
738 3037 887 3112 Uauium,
900 3034 970 3102 Ital.
981 3055 1068 3114 roae,
1084 3045 1107 3100 t.
1119 3038 1173 3117 vl,
1185 3055 1216 3116 p.
1231 3044 1303 3113 aaa,
1317 3039 1370 3118 qul
1384 3037 1443 3100 ulla
1455 3037 1602 3116 qmedm
1614 3035 1770 3116 prlrllegtn
1781 3053 1801 3098 a
1813 3035 1958 3100 Frlderlco

550 3182 554 3194 ι
664 3150 766 3206 nocuo
779 3145 876 3207 aldem
887 3149 1065 3209 monmterro
1079 3145 1212 3222 maula,
1227 3145 1382 3226 praecipue
1394 3161 1488 3206 unum
1506 3145 1544 3206 da
1562 3160 1641 3206 anno
1657 3152 1733 3205 troo
1746 3143 1842 3206 oblter
1853 3141 1956 3218 nome)

594 3359 634 3431 In
656 3359 796 3433 nomino
819 3359 883 3433 Dei
903 3360 1013 3434 eterni
1035 3361 1223 3436 Salvatmis
1243 3360 1349 3436 nostri
1374 3363 1456 3436 lesu
1475 3359 1613 3435 Christi.
1630 3357 1824 3436 Fridericns
1841 3359 1957 3434 divina

546 3485 684 3558 lavante
701 3484 882 3560 clementia
900 3486 1131 3560 Romanorum
1147 3487 1346 3586 imperator,
1361 3507 1498 3584 semper
1514 3495 1685 3582 augustus
1699 3495 1735 3558 et
1751 3507 1815 3559 rex
1831 3484 1954 3559 Sicilie.

545 3610 638 3685 Inter
653 3617 766 3685 cetera
779 3610 917 3708 pietatis
931 3611 1136 3686 commercia
1153 3621 1187 3686 ot
1204 3611 1356 3708 insignia
1372 3613 1559 3707 majestatis
1576 3610 1665 3685 illud
1680 3609 1832 3684 uberiori
1847 3612 1957 3683 fructu

546 3735 741 3832 colligimus
761 3743 796 3811 et
815 3735 1055 3834 perpetuitatis
1077 3736 1189 3810 erario
1213 3757 1459 3811 conservamus
1480 3736 1578 3833 qnod
1595 3735 1854 3810 venerabilibus
1878 3733 1956 3808 locis

546 3869 583 3935 et
602 3860 777 3934 incastris
796 3860 858 3935 Dei
874 3860 1103 3934 militantibus
1123 3859 1271 3956 provida
1289 3859 1536 3936 deliberatione
1558 3861 1737 3956 largimur.
1758 3860 1850 3932 Dum
1867 3857 1955 3933 enim

547 3985 796 4062 beneficiorum
811 3985 994 4084 stipendiis
1007 3984 1239 4081 indigentium
1253 3985 1449 4060 relevamus
1464 3985 1629 4083 inopiam,
1650 3983 1819 4059 dedicatis
1835 3983 1884 4060 ad
1900 3981 1955 4056 di-

548 4113 631 4186 vina
645 4111 812 4208 obsequia
826 4110 989 4186 iratribus
1004 4110 1200 4186 liberiorem
1213 4109 1404 4186 famulandi
1419 4111 1566 4185 Domino
1577 4110 1712 4208 oopium
1732 4109 1951 4206 impertimur.

546 4235 596 4310 Ila
613 4244 754 4333 proptor
771 4233 943 4310 universis
961 4233 1124 4310 fidelibus
1144 4234 1270 4309 nosris
1285 4244 1356 4310 tem
1374 4233 1593 4332 presentibus
1609 4253 1716 4329 quam
1730 4232 1860 4306 tuturis
1877 4251 1954 4352 pra·

581 4541 617 4618 (t)
636 4542 744 4602 Scilicet
755 4543 911 4602 Hdurirus.
924 4544 1010 4604 lstum
1020 4545 1205 4621 praepositum
1216 4543 1287 4603 inter
1298 4559 1384 4603 annus
1395 4545 1549 4604 tzaotilb
1562 4542 1627 4600 buio
1637 4540 1802 4601 monasterio
1812 4537 1951 4616 praeuius

543 4640 657 4716 laginam
666 4640 695 4698 in
705 4641 823 4715 (eulog.
834 4657 960 4717 praepos.
972 4643 1124 4716 Ranshon,
1138 4659 1182 4719 ap.
1197 4643 1322 4702 Morum.
1336 4643 1423 4714 Boio,
1436 4647 1457 4700 t.
1471 4641 1518 4714 111,
1531 4657 1559 4715 p.
1570 4643 1634 4712 235,
1647 4647 1676 4698 et
1688 4639 1717 4698 in
1727 4639 1822 4712 Euro,
1831 4639 1947 4710 seeo..

543 4744 565 4796 t.
578 4738 629 4812 111,
643 4753 672 4813 p.
685 4741 750 4798 202.
761 4738 861 4798 Verum
878 4740 968 4816 potior
978 4740 1045 4799 lidos
1057 4740 1193 4816 diplomati
1204 4757 1286 4817 quarn
1299 4741 1371 4800 dicto
1382 4740 1501 4815 catalogo
1514 4739 1637 4800 habenda
1651 4739 1714 4800 erit.
1759 4773 1762 4781 ,
