4368 5876
556 517 614 578 120
1053 520 1267 586 Fulnsslcl
1293 525 1467 588 secutur
1774 523 1855 602 [An.
1875 523 1960 585 1221.

552 651 665 724 casale
690 649 735 722 de
757 652 975 746 Tramutulo,
994 659 1108 730 casalo
1128 660 1243 732 Sancti
1262 661 1365 735 Blasii
1382 659 1428 734 de
1448 659 1581 751 Salvia,
1603 659 1713 734 casule
1734 659 1849 732 Sancti
1871 658 1965 732 blar-

552 777 649 867 zani,
671 777 785 848 casale
806 779 921 850 Sancti
942 778 1101 872 Arsenii,
1121 787 1234 861 casale
1253 786 1368 860 Sancti
1393 785 1482 860 Petri
1508 784 1554 859 do
1575 784 1684 876 Polla,
1710 784 1823 858 casale
1844 784 1968 856 Sancte

552 899 656 973 llarie
683 899 729 974 de
754 901 929 995 Pertusia,
953 908 1066 980 casale
1092 911 1216 984 Sancte
1239 912 1388 985 Barbare
1415 910 1461 984 de
1481 908 1625 1002 Grasso,
1652 909 1765 982 casale
1784 907 1965 998 Tusciam,

551 1027 665 1099 casale
679 1029 803 1100 Sancte
817 1029 966 1102 Barbare
980 1030 1026 1105 de
1043 1032 1232 1129 Capuacio,
1253 1035 1410 1109 homines
1428 1043 1598 1108 morantes
1615 1033 1652 1104 in
1670 1035 1795 1106 Sancto
1809 1033 1909 1104 Petro
1923 1029 1968 1105 ad

555 1149 803 1224 Columnellum
821 1165 855 1226 et
873 1153 909 1225 in
925 1157 1048 1230 Sancto
1066 1158 1206 1232 Nicolao
1220 1160 1267 1233 ad
1280 1161 1525 1247 Mercatellum,
1544 1159 1655 1232 casale
1670 1157 1766 1253 quod
1784 1157 1910 1230 dicitur
1926 1155 1970 1230 de

553 1275 722 1349 Monacho
740 1277 844 1350 situm
867 1279 903 1350 in
926 1282 1095 1354 territorio
1113 1284 1269 1377 Petralie,
1285 1295 1320 1357 et
1336 1283 1452 1357 omnia
1475 1283 1541 1356 alia
1560 1283 1651 1357 dona
1673 1283 1825 1356 lelicium
1847 1303 1970 1376 regum

554 1402 836 1498 predecessorum
854 1416 1047 1479 nostrorum
1066 1429 1107 1480 ac
1124 1408 1317 1505 principum
1334 1410 1448 1483 eidem
1462 1408 1668 1482 monasterio
1689 1409 1812 1480 collata
1836 1428 1970 1479 necnon

555 1527 647 1600 dona
668 1539 703 1600 et
720 1530 911 1603 oblationes
925 1532 1071 1604 aliorum
1089 1533 1214 1607 Christi
1228 1534 1381 1608 fidelium
1402 1533 1607 1625 concedere,
1625 1533 1780 1606 eximere
1793 1542 1828 1605 et
1843 1529 1971 1604 confir-

556 1676 650 1726 mare
673 1653 717 1726 de
737 1664 853 1727 nostra
872 1656 1073 1730 liberalitate
1091 1659 1205 1732 eidem
1227 1661 1433 1734 monasterio
1451 1659 1691 1754 dignaremur,
1708 1657 1797 1730 sicut
1814 1656 1897 1729 olim
1914 1656 1972 1726 ie-

557 1789 650 1853 cerat
665 1801 728 1850 rex
746 1779 950 1854 Guilielmus
965 1783 994 1854 ll
1012 1783 1121 1856 felicis
1136 1784 1394 1877 recordationis,
1412 1782 1638 1857 consobrinus
1655 1790 1783 1855 noster.
1804 1781 1874 1852 Nos
1892 1800 1973 1852 vero

558 1905 620 2000 qui
634 1905 679 1978 ad
700 1906 946 2000 exequendum
967 1929 1071 2002 opera
1091 1908 1227 2004 pietatis
1245 1906 1525 2004 predecessorum
1547 1917 1740 1981 nostrorum
1759 1905 1907 1978 libenter
1920 1904 1974 1976 in·

558 2029 720 2103 heremus
747 2031 937 2125 exemplis,
964 2032 1179 2105 attendentes
1201 2033 1302 2106 etiam
1328 2033 1494 2107 vitamet
1520 2032 1818 2106 conversationem
1846 2027 1975 2103 lauda-

559 2153 663 2228 bilem
688 2154 901 2250 honesteque
922 2155 1097 2250 religionis
1117 2157 1248 2229 cullum
1272 2157 1401 2252 quibus
1419 2157 1518 2230 floret
1534 2167 1570 2230 et
1593 2179 1730 2252 semper
1754 2155 1878 2228 claruit
1896 2174 1976 2226 mo·

561 2279 749 2353 nestorium
763 2282 878 2376 ipsum
895 2302 1043 2353 necnon
1059 2281 1166 2355 fidem
1183 2305 1306 2378 puram
1323 2293 1357 2356 et
1377 2281 1596 2356 devotionem
1611 2281 1778 2354 sinceram
1795 2287 1973 2374 quamn,

561 2404 692 2493 abbas,
714 2425 796 2500 erga
814 2406 1024 2498 majestatem
1045 2415 1197 2480 nostram
1216 2429 1352 2503 semper
1375 2406 1540 2480 illibatam
1563 2405 1735 2494 habuisti,
1760 2405 1978 2477 advertentes

562 2530 665 2601 eliam
682 2539 779 2624 grata
794 2531 875 2602 satis
892 2539 926 2602 et
941 2539 1083 2626 accepta
1095 2531 1235 2604 seruilia
1252 2555 1322 2626 que
1340 2531 1475 2606 dudum
1495 2529 1683 2604 exhibuisti
1700 2538 1816 2600 nostre
1835 2526 1979 2600 celsitu-

564 2653 640 2726 dini
654 2653 826 2727 indelessa
837 2664 872 2728 el
883 2677 953 2748 que
968 2655 1003 2725 in
1022 2663 1123 2728 antea
1136 2655 1303 2728 exhibere
1325 2654 1451 2751 poteris
1469 2655 1636 2750 gratiora,
1654 2651 1914 2726 considerantes
1929 2652 1980 2722 in-

565 2800 670 2874 super
683 2779 779 2874 quod
794 2779 1038 2851 monasterium
1053 2780 1168 2875 ipsum
1178 2789 1230 2852 est
1243 2803 1330 2876 opus
1342 2780 1601 2875 progenitorum
1615 2785 1811 2850 nostrorum
1823 2785 1859 2849 et
1869 2783 1983 2848 nostra

568 2925 704 2977 camera
723 2904 893 3000 specialis,
913 2913 948 2976 et
961 2913 999 2975 ut
1016 2904 1085 2977 tuis
1102 2927 1144 2978 ac
1158 2906 1303 2978 fratrum
1321 2915 1458 2978 tuorum
1476 2904 1604 2977 sanctis
1618 2901 1715 2998 apud
1731 2902 1843 2976 Deum
1859 2900 1985 2972 oratio-

570 3030 673 3101 nibus
695 3028 915 3121 adjuvemur,
933 3038 1047 3100 nostre
1070 3029 1190 3102 salutis
1206 3029 1332 3101 intuitu
1350 3039 1385 3102 et
1406 3050 1469 3124 pro
1490 3027 1646 3102 remedio
1667 3026 1864 3099 animarum
1884 3021 1986 3098 divo-

571 3175 648 3224 rum
673 3161 899 3246 augustorum
926 3163 1106 3248 pareutum
1121 3163 1329 3244 nostrorum,
1347 3153 1416 3226 tuis
1436 3153 1538 3244 justis
1554 3147 1845 3247 postulationibus
1864 3147 1989 3242 benig·

571 3301 656 3350 num
672 3277 853 3373 prebentes
877 3299 1074 3368 assensum,
1094 3289 1139 3369 te,
1156 3278 1342 3351 monachos
1364 3277 1520 3370 ejusdem
1537 3274 1754 3366 monasterii,
1772 3291 1989 3346 successores

572 3412 650 3475 tuos
676 3424 718 3474 ac
740 3401 984 3475 monasterium
1007 3401 1139 3498 ipsum,
1169 3425 1248 3475 oum
1271 3402 1435 3478 omnibus
1461 3402 1562 3474 bunis
1589 3401 1663 3474 suis
1687 3397 1931 3472 ecclesiasticis
1956 3405 1991 3469 et

572 3524 760 3598 mundanis
784 3526 851 3598 sub
877 3525 1087 3620 protectione
1110 3536 1225 3601 nostra
1251 3527 1437 3622 recipimus
1461 3526 1624 3622 speciali,
1650 3523 1897 3598 confirmantes
1923 3519 1991 3617 ipsi

575 3650 719 3723 cenobio
739 3651 775 3720 in
796 3657 1002 3745 perpetuum
1027 3649 1143 3721 omnia
1164 3649 1346 3745 privilegia
1364 3651 1419 3722 vel
1441 3649 1668 3722 instrumenta
1690 3646 1846 3720 felicium
1869 3665 1993 3740 regum

575 3796 617 3846 ac
643 3773 840 3869 principum
870 3772 1150 3866 predecessorum
1186 3781 1379 3844 nostrorum
1407 3772 1624 3866 aliorumque
1649 3770 1772 3843 Christi
1812 3769 1991 3853 fidelium,

577 3918 697 3969 omnes
719 3895 951 3986 obedientius,
976 3903 1103 3988 castra,
1126 3895 1252 3967 casalia
1275 3895 1391 3967 omnia
1413 3894 1629 3990 supradicte,
1650 3893 1907 3989 possessiones,
1932 3892 1998 3964 ho·

578 4022 706 4116 mines,
724 4018 882 4093 redditus
901 4029 935 4092 et
952 4019 1114 4091 universa
1133 4019 1200 4092 aliu
1223 4018 1314 4091 bona
1334 4019 1469 4091 stabilia
1487 4041 1529 4091 ac
1546 4019 1688 4091 mobilia
1707 4038 1779 4113 que
1803 4016 1900 4089 idem
1923 4035 1999 4086 mo·

579 4145 765 4219 naslerium
787 4143 1029 4238 largitionibus
1049 4164 1170 4237 regum
1190 4165 1232 4215 ac
1252 4143 1447 4240 principum
1469 4142 1753 4238 predecessorum
1777 4150 1997 4232 nostrorum,

581 4269 813 4342 oblationibus
837 4269 894 4338 vel
919 4266 1019 4339 donis
1044 4265 1199 4338 fidelium
1225 4276 1260 4338 et
1283 4267 1565 4363 quibuscumque
1586 4267 1664 4342 aliis
1683 4265 1788 4360 justis
1812 4265 1929 4346 titulis
1949 4271 2003 4338 est

582 4391 747 4486 adeptum
769 4399 805 4462 et
821 4411 892 4484 que
912 4389 947 4460 iu
968 4388 1122 4461 futurum
1136 4393 1229 4483 juste
1246 4391 1370 4484 poterit
1388 4390 1558 4487 adipisoi;
1578 4391 1774 4466 eximentes
1792 4399 1920 4481 castra,
1943 4409 2000 4461 ra·

586 4513 671 4585 salia
685 4524 720 4584 et
732 4513 889 4584 homines
905 4513 1013 4607 ipsius
1027 4513 1221 4585 monasterii
1235 4514 1280 4586 ab
1297 4515 1391 4586 omni
1402 4518 1489 4610 jugo
1507 4515 1684 4589 servitutis
1702 4515 1759 4588 vel
1778 4511 2004 4588 adobamenti

587 4635 661 4706 sive
688 4634 732 4706 de
751 4633 911 4708 demanio
929 4635 1004 4708 sive
1024 4631 1070 4708 de
1089 4636 1202 4708 leudis
1223 4637 1367 4729 luerint3
1386 4637 1545 4712 homiues
1565 4660 1708 4735 quoque
1732 4638 1893 4734 ipsorum
1911 4637 2005 4710 loco·

2167 691 2169 770 l
