4296 5898
240 577 340 641 Imm.
358 573 419 662 lu]
689 578 886 643 HISTORIA
912 577 1205 660 clancularius
1591 573 1652 638 243

240 711 413 786 universis
430 712 565 810 imperii
582 711 745 788 fidelibus
766 728 837 789 tam
854 715 1073 812 presentibus
1088 735 1194 811 quam
1209 711 1335 785 futuris
1351 711 1447 805 quod
1464 731 1527 783 nos
1542 715 1652 784 atten-

241 836 364 912 dentes
383 836 553 911 sinceram
576 834 682 911 lidem
699 847 734 913 et
755 838 975 914 devotionem
996 861 1101 935 quam
1124 837 1386 936 predecessores
1404 834 1521 910 dilecti
1538 833 1652 908 fidelis

244 961 353 1034 nostri
379 961 513 1036 comitis
539 961 682 1038 Gerardi
708 964 754 1038 de
779 962 880 1038 Gelre
901 963 1099 1040 habuerunt
1121 962 1168 1037 ad
1191 963 1384 1038 Romanum
1411 960 1653 1058 imperiumst

241 1084 289 1161 ad
314 1085 574 1182 predecessores
600 1099 734 1164 nostros
762 1089 927 1164 memorie
955 1089 1159 1183 recolende,
1185 1087 1401 1162 attendentes
1425 1085 1530 1160 etiam
1555 1093 1653 1180 grata

242 1211 433 1309 plurimum
450 1223 487 1288 et
502 1223 643 1311 accepta
663 1214 803 1290 servitia
821 1236 892 1311 que
918 1213 1011 1291 idem
1028 1235 1144 1289 comes
1163 1211 1336 1288 Gerardus
1351 1209 1520 1304 majestati
1537 1217 1654 1282 nostre

243 1335 411 1411 hactenus
423 1339 766 1437 exhibuitetpotcrit
779 1339 816 1414 in
832 1349 934 1414 autea
946 1339 1095 1416 debono
1111 1339 1147 1411 in
1160 1337 1285 1412 melius
1302 1336 1480 1424 exhibere,
1498 1356 1653 1408 commu·
1677 1397 1679 1400 .

243 1461 410 1536 tationem
429 1463 598 1538 theolonei
619 1464 665 1540 de
690 1465 886 1540 Hamehem
903 1464 1001 1561 qnod
1021 1465 1076 1538 sui
1092 1463 1351 1562 predecessores
1372 1461 1417 1537 ab
1437 1461 1583 1557 imperio
1601 1469 1653 1534 te-

243 1596 408 1674 nnerunt,
427 1611 533 1684 quam
550 1589 595 1664 de
611 1590 755 1664 consilio
771 1591 966 1689 principum
984 1599 1178 1664 nostrorum
1195 1597 1231 1662 et
1246 1587 1439 1686 specialiter
1451 1585 1496 1661 de
1509 1586 1653 1660 oonsilio

244 1708 362 1785 dilecti
376 1714 543 1812 principis
563 1717 670 1791 nostri
696 1717 904 1792 venerabilis
921 1715 1133 1791 Coloniensis
1149 1713 1403 1811 archiepiscopi
1421 1711 1488 1786 sibi
1509 1713 1653 1787 fecimus

242 1837 340 1933 apud
356 1839 475 1914 [ebed
487 1839 524 1913 in
537 1841 835 1940 archiepiscopatu
848 1841 1054 1934 Coloniensi,
1071 1840 1209 1914 sicutin
1224 1839 1407 1938 privilegio
1421 1838 1490 1912 sibi
1504 1845 1654 1911 anostra

241 1961 339 2056 regia
360 1968 538 2059 majestate
561 1988 724 2042 concesso
744 1967 882 2065 plenius
905 1967 1117 2060 continetur,
1140 1965 1257 2041 eidem
1273 1964 1390 2039 comiti
1407 1972 1443 2038 et
1464 1961 1653 2037 heredibus

242 2085 317 2160 suis
333 2087 380 2163 de
397 2099 512 2165 nostre
527 2090 763 2168 munificentie
780 2092 892 2190 gratia
909 2093 1162 2191 inperpetuum
1175 2089 1432 2178 confirmamus,
1448 2087 1654 2162 mandantes

242 2221 279 2286 et
294 2213 513 2310 injungentes
532 2215 675 2291 lirmiter
694 2218 870 2293 universis
888 2217 1053 2316 quatinus
1073 2217 1191 2290 nullus
1215 2215 1260 2288 sit
1283 2215 1345 2310 qui
1370 2213 1565 2311 predictum
1588 2233 1653 2286 co-

241 2337 362 2412 mitem
382 2339 520 2415 lidelem
538 2350 692 2417 nostrum
710 2365 816 2442 super
831 2342 995 2441 predictis
1014 2351 1133 2417 contre
1149 2341 1240 2415 hanc
1256 2348 1371 2412 nostre
1387 2336 1654 2412 confirmationis

242 2461 407 2557 paginam
422 2467 604 2541 molestare
619 2476 807 2563 presumat.
827 2467 885 2543 Ad
900 2467 1005 2562 hujus
1025 2476 1140 2541 antem
1161 2463 1429 2540 confirmationis
1446 2470 1563 2536 nostre
1574 2483 1655 2536 me-

244 2587 390 2662 moriam
402 2609 545 2686 presens
557 2591 778 2689 privilegium
791 2591 864 2666 lieri
878 2600 913 2666 et
926 2592 1040 2688 sigillo
1052 2590 1240 2688 majestatis
1252 2598 1366 2665 nostre
1374 2588 1543 2681 jussimus
1555 2608 1654 2660 com-

241 2713 382 2787 muniri.
516 2779 524 2786 .

290 2839 417 2914 Datum
438 2844 534 2938 apud
546 2840 740 2938 Aquinum,
760 2863 853 2918 anno
867 2840 1042 2916 dominice
1060 2839 1305 2914 incarnationis
1319 2836 1503 2913 millesimo
1517 2835 1655 2911 dueen-

242 2962 365 3040 tesimo
385 2965 553 3042 vicesimo
570 2968 745 3061 secundo,
762 2989 881 3044 mense
897 2967 1034 3072 aprilis,
1057 2965 1245 3041 indictione
1260 2965 1408 3040 decima.

296 3623 525 3734 Fridericus‚
536 3623 797 3713 Romanorum
814 3625 1037 3736 imperator,
1051 3625 1251 3710 ecclesiam
1264 3625 1496 3710 Faucensem
1509 3625 1549 3708 in
1566 3651 1658 3738 spe-
1743 3649 1755 3680 ²
1816 3664 1825 3689 ν

243 3756 380 3841 cialem
405 3783 517 3842 suam
542 3768 581 3842 01
605 3759 754 3869 imperii
779 3759 913 3869 recipit
937 3759 1234 3870 protectionem,
1260 3759 1452 3872 simulque
1478 3761 1658 3846 omnibus

243 3891 469 4001 praepositis
498 3892 578 3976 suis
601 3901 641 3976 01
669 3892 842 3977 officiatis
871 3893 972 3978 circa
1000 3893 1257 4003 possessiones
1284 3891 1456 4003 ejusdem
1480 3893 1659 3978 ecclesiae

242 4024 570 4111 commorantibus
604 4027 764 4111 mandet
795 4038 837 4110 ut
870 4053 956 4110 eam
989 4038 1236 4113 manutenere
1268 4036 1307 4112 01
1344 4027 1546 4112 defendere
1580 4053 1658 4111 non

243 4157 441 4266 omittant3
464 4159 630 4270 denique
648 4161 846 4270 antiquam
866 4160 922 4242 illi
944 4159 1158 4245 libertatem
1183 4159 1403 4272 confirmat,
1423 4161 1528 4248 selvo
1552 4163 1658 4247 omni

237 4289 328 4400 jure
345 4291 418 4376 sibi
434 4302 472 4377 et
487 4292 716 4379 haeredibus
732 4293 825 4378 suis.

324 4506 458 4580 (1111111131
470 4508 504 4570 ln
517 4507 649 4570 1101111111.
664 4509 757 4587 scic„
767 4515 841 4574 tom.
857 4509 959 4589 XXX,
979 4529 1010 4593 p.
1032 4520 1101 4590 rot,
1116 4528 1201 4577 num.
1212 4513 1357 4592 DCLVII,
1370 4531 1410 4577 011
1422 4515 1558 4597 orlglndl
1569 4517 1657 4596 culus

365 4615 496 4694 sigillum
508 4633 578 4680 cum
590 4617 650 4680 lllls
661 4619 757 4697 perlit.
780 4619 955 4684 Membrana
975 4623 1147 4684 tenuissima
1159 4622 1258 4686 locum
1269 4621 1359 4686 babet
1370 4639 1494 4687 exesum
1505 4625 1558 4704 qul
1570 4623 1657 4686 lcctle

363 4723 517 4789 1001110130
524 4730 570 4789 est
577 4741 614 4788 011
624 4727 748 4808 repetita
761 4726 984 4793 confirmatione
991 4728 1122 4794 Helnrlrl
1131 4731 1219 4812 regls,
1231 4731 1335 4795 eodem
1344 4732 1556 4811 0310111311
1563 4728 1657 4812 dete.)
