4368 5876
237 579 334 642 111111.
350 578 395 656 9.]
694 579 889 641 HISTORIA
914 579 1207 642 urrtoltartcs.
1598 579 1654 640 159

238 713 284 792 de
299 714 542 811 Elphsnsteiu,
562 735 678 790 comes
692 715 956 808 Yldebrandus,
979 716 1165 790 Anselmus
1187 716 1231 791 de
1249 715 1430 810 lustingen
1447 715 1657 788 marscalcus

237 848 272 914 et
286 840 346 914 alii
360 841 596 936 quamplures.

285 965 431 1060 Signum
457 963 589 1040 domini
611 965 775 1041 Friderici
795 965 943 1042 secundi
966 967 1030 1040 Dei
1049 966 1161 1062 gratia
1183 965 1403 1039 invictissimi
1426 966 1657 1040 Romanorum

236 1089 472 1186 imperatoris,
490 1111 626 1186 semper
642 1091 782 1186 augusti
799 1099 834 1164 et
851 1091 943 1188 regis
956 1091 1085 1166 Sicilie.

285 1215 373 1289 Acta
388 1224 471 1290 sunt
487 1217 552 1290 heo
572 1236 664 1290 anno
687 1216 861 1290 dominios
881 1217 1127 1291 incarnationis
1145 1215 1327 1291 millesimo
1349 1217 1586 1292 ducentesimo
1600 1217 1659 1288 ri-

236 1341 365 1416 cesimo
388 1341 518 1437 primo,
547 1350 672 1436 quarto
695 1341 776 1418 idus
800 1342 936 1440 aprilis,
956 1342 1146 1416 indictione
1167 1363 1276 1434 nona,
1300 1341 1490 1438 imperante
1516 1341 1658 1415 domino

236 1474 353 1543 nostro
370 1465 543 1540 Friderico
561 1466 717 1540 secundo
735 1467 798 1540 Dei
818 1465 927 1562 gratia
946 1467 1174 1540 invictissimo
1190 1468 1421 1540 Romanorum
1438 1467 1655 1563 imperatore,

236 1611 373 1686 semper
388 1599 537 1682 augusto
551 1600 587 1664 et
602 1611 683 1686 rege
699 1591 828 1681 Sicilie,
845 1613 937 1666 anno
947 1591 1082 1690 imperii
1097 1594 1173 1687 ejus
1188 1591 1314 1688 primo,
1330 1591 1428 1686 regni
1445 1613 1528 1664 vero
1543 1590 1658 1664 Sicilie

237 1715 402 1790 vicesimo
419 1716 539 1808 tercio,
557 1715 713 1790 feliciter.
729 1716 855 1790 Amen.

285 1842 411 1916 Datum
427 1842 523 1939 apud
539 1842 744 1930 Tarentum,
762 1863 867 1932 anno,
881 1863 1001 1917 mense
1014 1850 1050 1916 et
1067 1841 1256 1918 indictione
1272 1841 1480 1939 prescriptis.

465 2192 1430 2206 munna-W—

289 2511 526 2620 Fridericus,
555 2513 816 2596 Romanorum
850 2513 1077 2621 imperator,
1106 2513 1238 2597 domui
1266 2513 1465 2624 hospitalis
1493 2514 1653 2596 Sanctae

234 2645 375 2730 Mariae
400 2646 721 2731 Theutouioorum
746 2646 987 2760 priuilegium
1016 2672 1039 2728 a
1067 2673 1108 2728 se
1135 2647 1218 2758 ipso
1241 2645 1325 2757 jam
1346 2673 1570 2732 concessum
1587 2673 1653 2731 re-

235 2791 369 2888 novat,
399 2780 540 2866 scilicet
572 2790 616 2864 ut
649 2781 882 2892 quicumque
918 2779 1064 2891 aliquid
1095 2779 1286 2864 debonis
1317 2781 1466 2891 imperii
1499 2783 1653 2868 nomine

234 2912 336 2996 feodi
349 2915 533 3025 possidet,
544 2915 585 2999 id
602 2923 788 3026 tauquam
806 2915 1004 3024 proprium
1018 2915 1142 2998 eidem
1155 2915 1334 3027 hospitali
1351 2915 1469 3000 libere
1484 2916 1654 3002 conferre

235 3048 372 3131 valent.

313 3292 424 3370 (lidldlt
448 3293 594 3366 Hennes,
616 3289 684 3356 dod
703 3287 853 3372 diplorcat.
872 3287 936 3351 ord.
956 3288 1136 3364 Thestoris,
1157 3309 1187 3370 p.
1208 3300 1257 3366 59,
1274 3302 1307 3352 n⁰
1321 3302 1372 3368 to,
1398 3310 1437 3354 ex
1453 3292 1530 3354 libro
1543 3295 1590 3354 cul
1612 3297 1656 3354 tt-

358 3401 442 3462 tnlus
458 3420 466 3462 :
482 3398 767 3483 Brcndsalurpiscdc
783 3401 972 3479 Uarrpqtiom
986 3398 1156 3474 sectato,
1172 3407 1222 3461 92.
1237 3401 1372 3476 -Quod
1392 3418 1461 3462 cum
1481 3403 1657 3479 praemdens

357 3505 587 3584 documentum,
603 3511 735 3587 exceptis
756 3507 878 3569 exordio
897 3515 928 3568 et
948 3507 1087 3584 peculiari
1108 3509 1303 3570 concessionis
1323 3511 1465 3587 materia,
1487 3525 1563 3586 pene
1579 3512 1656 3570 1111-

356 3629 443 3693 grum
462 3615 586 3689 retersit,
607 3621 738 3678 mutatos
754 3615 835 3676 locos
855 3629 923 3676 curn
941 3613 1066 3676 testibus
1083 3620 1115 3674 et
1131 3617 1210 3676 notts
1232 3614 1446 3694 chronologlcts
1467 3621 1584 3676 tanturn
1608 3613 1657 3676 hle

356 3719 555 3800 exhibemus.)

285 3933 323 4002 ln
349 3933 489 4005 nomine
514 3942 631 4006 sancte
654 3943 689 4006 et
712 3933 897 4008 individue
909 3931 1094 4006 Trinitatis.
1116 3907 1310 4007 Fridsrious
1336 3935 1512 4008 secundus
1537 3935 1656 4009 divina

233 4055 372 4128 lavente
390 4057 569 4132 clementia
588 4059 820 4132 Romanorum
838 4058 1034 4156 imperator,
1050 4057 1191 4156 ¹semper
1207 4069 1377 4154 augustus
1395 4070 1430 4132 et
1445 4082 1507 4132 rex
1527 4061 1653 4133 Sicilie.

232 4180 447 4255 Excellentia
469 4183 656 4280 imperialis
675 4183 834 4280 exposcit
852 4194 891 4256 ut
911 4185 1001 4256 sicut
1025 4185 1147 4256 ceteris
1171 4185 1347 4280 potestatis
1369 4185 1562 4257 eminemus
1583 4188 1656 4257 cul-

233 4305 340 4396 mine‚
360 4307 407 4380 ita
422 4307 556 4402 pietatis
573 4309 689 4382 studio
701 4309 823 4382 ceteris
839 4319 1022 4405 preeuntes
1041 4307 1203 4382 omnibus
1219 4309 1497 4406 prebeamus(c),
1518 4310 1655 4384 virtutis

233 4431 388 4505 maxime
411 4433 624 4508 liberalitatis
649 4434 802 4506 officium
829 4433 1027 4506 exercendo
1050 4434 1141 4508 circa
1168 4435 1343 4532 religionis
1365 4445 1589 4532 augmentum
1621 4446 1654 4508 et

232 4557 366 4628 cultum
392 4557 506 4632 divini
530 4561 680 4633 nominis
704 4560 956 4656 ampliandum.
983 4559 1172 4655 Eapropter
1197 4573 1316 4634 notum
1342 4564 1488 4636 iacimus
1509 4563 1656 4635 univer-

274 4732 313 4815 (a)
335 4735 405 4798 Slc:
421 4737 620 4800 redslmlllter
632 4743 732 4800 autem
747 4737 903 4817 legendum
914 4735 1085 4817 pretam
1094 4737 1211 4800 11111111
1223 4733 1414 4821 {comptam}
