4296 5898
193 595 291 656 lrrorcr.
309 589 370 672 ltl
649 589 845 653 HISTORIA
869 587 1161 651 stabellarius
1550 587 1611 650 28⁵

196 741 260 820 uo,
276 731 320 803 Η.
344 727 390 804 da
409 728 516 819 Viler,
530 728 571 800 Τ.
593 725 640 802 de
653 727 826 800 Belloviso
853 723 917 824 (l),
937 727 980 800 G.
1002 726 1145 801 domino
1164 724 1211 800 ds
1227 723 1370 820 Arguel,
1390 724 1432 796 lt.
1450 724 1496 799 de
1515 723 1611 798 Cba·

194 855 302 946 visio,
331 851 523 948 catemsqus
547 851 724 928 nobilibus
745 851 947 948 Burgundio
971 851 1117 946 gratiam
1146 873 1246 926 suam
1274 858 1309 926 et
1333 857 1436 924 omne
1462 850 1606 924 bouum.

195 977 416 1057 Universitati
440 985 555 1050 vestre
582 977 745 1050 volumus
766 997 843 1050 esse
866 987 987 1050 notum
1005 975 1102 1072 quod
1120 997 1183 1050 nos
1203 976 1365 1051 divorum
1384 986 1610 1070 augustcmm

196 1103 442 1199 imperatorum
466 1109 502 1173 et
525 1121 648 1196 regum
679 1100 962 1198 predecessorum
991 1111 1186 1176 nostrorum
1213 1102 1341 1198 inclyte
1364 1101 1611 1177 recordationis

196 1227 353 1321 vestigiis
376 1227 593 1320 inherentes,
612 1227 828 1300 Bisontinam
851 1226 1031 1300 ecclesiam
1053 1227 1145 1301 beati
1168 1228 1333 1324 Stephani
1356 1229 1612 1326 protomartyris

195 1353 297 1426 sitam
314 1352 351 1425 in
367 1359 485 1426 moute
499 1373 563 1449 pro
578 1373 642 1426 sne
663 1352 852 1425 sanctitatis
869 1353 1063 1427 reverentia
1081 1352 1203 1428 merito
1218 1353 1467 1445 venerandam,
1487 1353 1525 1426 in
1540 1376 1611 1449 qna

195 1478 298 1552 etiam
321 1477 468 1552 dilectus
492 1486 638 1573 patruus
660 1487 775 1551 noster
797 1479 885 1552 iloto
906 1501 1127 1575 proavosque
1153 1488 1269 1554 noster
1290 1478 1478 1552 lisnaudus
1502 1479 1610 1552 felicis

195 1603 362 1677 memorie
379 1603 522 1677 comites
544 1601 686 1700 palatini
708 1603 912 1698 Burgundio
927 1604 1169 1700 requiescunt,
1189 1604 1226 1676 in
1249 1614 1364 1677 nostre
1385 1603 1612 1678 immunitatis

196 1729 343 1802 tuitione
364 1729 598 1825 suscepimus,
618 1737 652 1802 et
674 1749 896 1824 quecumque
913 1729 947 1802 ei
964 1729 1186 1825 imperatores
1208 1730 1419 1824 Romanique
1432 1728 1613 1825 pontifices

196 1875 258 1926 seu
281 1853 429 1948 quilibet
448 1852 568 1928 fideles
591 1852 714 1926 divino
735 1853 862 1926 intuitu
886 1855 1105 1926 contulemnt
1126 1863 1188 1927 ant
1211 1851 1456 1928 confirmarunt
1476 1855 1509 1927 ai
1532 1877 1611 1951 per·

196 1987 302 2074 petuo
317 1977 528 2075 possidenda
551 1977 795 2052 confirmamus
819 1989 924 2075 atque
948 1979 1137 2066 sancimus,
1154 1979 1237 2075 quia
1257 1979 1374 2054 felices
1392 1979 1613 2076 imperatores

195 2115 231 2178 st
245 2125 345 2198 reges
362 2103 622 2200 predecessores
640 2105 747 2180 nostri
764 2104 922 2197 ejusdem
945 2105 1090 2179 ecclesie
1106 2104 1326 2197 fundatores,
1353 2114 1483 2179 tutores
1506 2115 1612 2202 atquc

196 2228 357 2303 advocati
384 2230 536 2301 luerunt.
560 2227 673 2314 Quare
694 2227 911 2302 universitati
930 2236 1046 2303 vestre
1067 2229 1275 2324 precipimus
1295 2238 1467 2325 quatenus
1488 2252 1610 2327 supra·

197 2351 325 2426 dictam
346 2354 528 2427 ecclesiam
549 2376 629 2427 cnm
647 2354 735 2426 atrio
751 2375 817 2426 suo
839 2354 877 2425 in
895 2375 967 2450 quo
985 2354 1171 2427 multorum
1192 2354 1390 2450 principum
1406 2363 1440 2427 et
1463 2355 1609 2428 aliorum

197 2478 367 2552 nobilium
382 2499 525 2576 corpora
544 2478 779 2574 requiescunt,
797 2500 877 2551 cum
897 2479 1171 2576 possessionibus
1192 2488 1228 2552 et
1242 2479 1343 2552 bonis
1362 2479 1435 2553 suis
1453 2503 1523 2576 que
1540 2492 1610 2554 tam

197 2603 444 2700 imperatorum
456 2626 562 2698 quam
578 2626 714 2699 regum,
735 2605 967 2678 Romanorum
989 2603 1190 2701 pontificum
1206 2626 1270 2678 seu
1290 2605 1435 2678 aliorum
1454 2603 1608 2680 bdelium

197 2728 381 2823 largitione
396 2728 452 2801 vel
468 2728 559 2802 dono
573 2729 685 2803 tenuit
697 2729 744 2803 ab
760 2730 917 2825 antiquo,
936 2730 982 2804 ob
996 2730 1153 2805 divinam
1169 2729 1396 2804 reverentiam
1409 2740 1514 2826 atque
1531 2753 1612 2805 uos·

198 2864 286 2928 tram
305 2853 492 2930 defendere
509 2863 546 2929 et
565 2865 789 2930 manutenere
808 2857 955 2947 curetis;
978 2878 1048 2930 nou
1067 2857 1301 2952 permittentes
1325 2855 1423 2950 quod
1440 2877 1544 2952 super
1562 2857 1613 2930 eis

197 3001 260 3075 per
283 2979 435 3075 aliquam
461 2999 644 3076 personam
666 2981 933 3055 ecclesiasticam
952 2983 1010 3056 vel
1033 2981 1247 3056 mundanam
1268 2984 1439 3074 jacturam
1458 2992 1520 3056 aut
1537 3003 1613 3056 mo-

197 3104 330 3178 lestiam
351 3105 513 3199 patiatur.
538 3105 647 3178 lmmo
667 3127 887 3201 quecumque
905 3127 967 3202 per
987 3105 1202 3180 iuvasionem
1229 3114 1291 3180 aut
1311 3104 1510 3180 violentiam
1533 3127 1614 3203 pre·

197 3231 291 3305 deu
306 3229 450 3303 ecclesia
465 3252 528 3327 pro
547 3229 713 3325 qualitate
729 3241 922 3327 temporum
942 3233 1015 3326 jam
1034 3231 1162 3322 amisit,
1187 3231 1302 3305 eidem
1323 3231 1458 3305 restitui
1480 3231 1614 3308 faciatis

197 3365 232 3428 et
246 3353 284 3426 in
303 3353 480 3447 dignitatis
495 3361 531 3427 et
547 3352 688 3428 honoris
706 3365 796 3429 statu
814 3357 1022 3430 conservetis
1034 3355 1192 3430 eamdem
1212 3357 1335 3453 inquo
1351 3357 1613 3454 dictorumpre·

197 3479 419 3556 decessorum
433 3488 627 3553 nostrorum
649 3480 772 3555 llorere
789 3481 1001 3578 temporibus
1015 3482 1206 3555 cousuevit.

248 3606 373 3679 ilatum
386 3604 484 3701 apud
500 3605 715 3699 Preobinam,
731 3607 856 3681 llllllll
872 3605 1077 3698 decembris,
1093 3606 1278 3683 undecima
1291 3605 1491 3680 indictione.

414 3919 1112 3934 -fl—-n-*u--fl-O--ffl-u
1116 3923 1396 3937 *nunu-ntun-

251 4226 460 4337 lmperator
487 4253 558 4311 sua
584 4236 726 4312 statuta
749 4253 817 4338 per
833 4253 995 4340 regnum
1025 4228 1156 4342 dirigit
1186 4229 1348 4341 qualiter
1378 4232 1418 4314 in
1449 4232 1613 4344 singulis
1659 4250 1796 4359 rgqqqr

196 4361 436 4469 ciumtibus,
457 4361 622 4448 castellis
639 4373 677 4447 et
689 4361 791 4448 villis
804 4363 957 4476 singula
973 4365 1221 4450 mercimonia
1242 4366 1355 4451 vendi
1379 4366 1544 4452 debeant
1562 4369 1613 4452 ad

234 4739 273 4814 (t)
293 4739 401 4800 Scilicet
415 4739 560 4800 maudo
572 4739 605 4799 ds
617 4741 762 4800 Beccrm'r.
