4296 5898
526 501 588 566 294
1028 507 1238 575 intonatur
1265 514 1442 578 sactum
1753 519 1834 599 [Ast.
1852 519 1935 583 1223.

575 635 660 714 Acta
679 649 761 712 sunt
778 641 844 714 heo
859 663 951 717 anno
970 642 1143 724 dominice
1165 649 1412 726 incarnationis
1430 652 1614 728 millasimo
1629 655 1867 730 ducentesimo
1882 658 1939 729 ri-

528 763 657 837 oesimo
680 765 800 856 tertio,
818 787 937 842 manse
948 769 1118 865 januarii,
1143 775 1330 851 undecima
1351 776 1568 870 indictionis,
1588 779 1778 876 imperante
1800 781 1939 856 domino

527 896 644 962 nostro
657 887 830 965 Friderioo
848 893 1003 968 secondo
1019 895 1082 970 Dei
1105 901 1215 994 gratia
1232 900 1460 977 invictissimo
1475 903 1706 978 Romanorum
1721 905 1936 1002 imperatore,

527 1035 663 1111 semper
686 1026 835 1112 augusto
856 1027 891 1092 et
910 1043 993 1115 rege
1010 1023 1144 1119 Sicilia,
1166 1049 1258 1102 anno
1281 1029 1427 1103 Romani
1448 1029 1583 1127 imperii
1606 1031 1682 1124 ejus
1704 1031 1822 1125 tertio,
1842 1034 1937 1130 regni

526 1161 611 1214 vero
628 1141 743 1216 Sicilie
759 1143 1081 1244 vicesimoquinto,
1104 1152 1258 1226 feliciter.
1274 1153 1398 1228 Amen.

575 1269 701 1344 Datum
716 1269 812 1368 apud
825 1271 1022 1369 Precinam,
1036 1299 1139 1365 anno,
1159 1301 1278 1354 mense
1290 1290 1325 1354 et
1339 1280 1528 1356 indictione
1543 1281 1753 1380 prescriptis.

355 1883 463 1971 Ἦ
580 1869 815 1977 Fridericos,
847 1870 1107 1953 Romanorum
1140 1870 1367 1980 imperator,
1395 1871 1574 1982 hospitali
1609 1872 1770 1958 Sanctae
1804 1875 1941 1960 Mariae

527 2004 850 2090 Theutonicorum
867 2002 906 2084 in
924 2003 1132 2088 Jerusalem
1149 2015 1307 2089 renovat
1327 2015 1365 2090 et
1382 2005 1582 2091 confirmat
1602 2007 1844 2119 privilegium
1863 2035 1886 2092 a
1903 2035 1941 2094 se

527 2143 611 2251 ipso
629 2147 722 2222 tuno
734 2164 823 2248 rege
839 2139 1035 2248 quondam
1049 2138 1264 2248 indultum,
1284 2140 1458 2224 videlicet
1479 2151 1522 2225 ut
1548 2143 1781 2254 quicumque
1799 2144 1940 2256 aliquid

527 2275 575 2360 de
606 2273 717 2357 bonis
749 2274 897 2383 imperii
924 2275 1092 2384 possidet
1122 2276 1277 2360 nomine
1303 2275 1426 2383 feudi,
1460 2276 1500 2359 id
1530 2285 1716 2389 tanquam
1746 2281 1941 2390 proprium

527 2419 737 2493 memorato
753 2408 930 2520 hospitali
948 2407 1066 2492 libere
1083 2409 1255 2492 conferre
1268 2411 1405 2493 valeat.

608 2657 707 2732 (Edit.
722 2673 769 2734 ap.
787 2655 965 2729 Domnrmr,
981 2655 1056 2716 Hiat.
1077 2651 1139 2714 ord.
1159 2654 1291 2730 leuton,
1310 2653 1436 2734 append.
1452 2649 1547 2717 n·'15.
1566 2689 1605 2704 -
1622 2653 1762 2738 (From),
1780 2655 1941 2722 Uruntclt

645 2782 702 2828 ooo
721 2759 821 2832 tutet,
838 2770 907 2836 eto„
923 2773 956 2824 n·
972 2759 1228 2824 a-ttraodent.
1244 2769 1376 2845 usurpat
1393 2759 1503 2839 doct,
1518 2779 1547 2841 p.
1566 2773 1616 2840 et,
1631 2772 1665 2824 ιι·
1679 2767 1743 2841 44.)

577 2981 616 3051 ln
641 2977 781 3051 nomine
810 2985 928 3050 sancte
950 2987 985 3050 et
1011 2972 1195 3051 individue
1220 2978 1406 3052 Trinitatis.
1437 2979 1633 3052 Fridericos
1662 2979 1782 3054 divina
1808 2981 1939 3054 lavante

528 3102 709 3179 elementia
727 3105 960 3176 Romanorum
981 3102 1177 3200 imperator,
1198 3126 1333 3200 semper
1351 3113 1521 3199 augustus
1536 3113 1572 3178 at
1586 3125 1651 3178 rex
1666 3104 1796 3178 Sicilie.
1814 3106 1939 3178 Excel-

526 3231 633 3304 lontia
650 3226 838 3326 imperialis
858 3229 1018 3326 exposcit
1035 3239 1075 3301 ot
1093 3230 1182 3301 sicut
1197 3228 1320 3302 ceteris
1333 3230 1511 3325 potestatis
1524 3230 1676 3318 culmine
1689 3231 1936 3328 preminemns,

530 3357 578 3431 ita
590 3357 728 3454 pietatis
739 3354 856 3429 studio
866 3354 986 3428 ceteris
999 3363 1181 3452 preeuntes
1191 3355 1569 3452 omnibusprebeamus
1582 3355 1719 3430 virtutis
1727 3358 1936 3454 exemplum,

529 3482 683 3554 maxime
710 3480 924 3554 liberalitatis
952 3479 1104 3552 officium
1129 3479 1326 3552 exercendo
1350 3480 1441 3552 eirca
1463 3479 1639 3572 religionis
1660 3489 1939 3576 angmentumet

529 3610 661 3680 cultum
680 3605 792 3680 divini
810 3604 959 3679 nominis
984 3604 1235 3702 ampliandum.
1254 3605 1305 3678 Ea
1319 3615 1458 3703 propter
1475 3605 1522 3679 ad
1543 3605 1784 3680 universorum
1810 3603 1938 3703 imperii

529 3733 635 3805 nostri
659 3731 815 3804 fidelium
836 3739 906 3804 tam
930 3731 1142 3827 presentium
1162 3753 1268 3826 quam
1289 3732 1482 3806 futurorum
1503 3732 1660 3806 notitiam
1679 3732 1843 3806 volumus
1862 3753 1939 3830 per-

529 3857 650 3930 venire
670 3854 766 3952 quod
791 3877 855 3928 nos
874 3855 955 3928 olim
979 3854 1014 3927 in
1035 3854 1240 3928 Alemannia
1263 3855 1451 3930 existentes
1476 3864 1556 3929 ante
1586 3865 1784 3952 susceptum
1808 3853 1937 3954 imperii

530 3982 692 4057 diadema
710 3981 780 4080 (l),
801 3981 838 4054 in
860 3981 1033 4078 presentia
1049 3981 1251 4054 dilectorum
1273 3980 1482 4077 principum,
1512 3981 1695 4074 comitum,
1715 3981 1885 4054 baronum
1906 3988 1938 4054 et

528 4109 675 4183 aliorum
700 4116 896 4181 nostrorum
910 4105 1063 4180 fidelium
1079 4105 1351 4202 subscriptorum
1369 4114 1405 4178 et
1422 4104 1467 4178 de
1483 4105 1625 4179 consilio
1641 4105 1861 4199 eorumdem,
1879 4105 1936 4179 vi·

531 4232 657 4308 delicet
674 4229 792 4306 Silridi
809 4231 1003 4328 Magantini
1020 4229 1269 4327 archiepiscopi
1288 4229 1474 4326 apostolice
1491 4230 1591 4304 Sedis
1608 4231 1726 4325 legati,
1742 4226 1935 4304 Theoderici

529 4359 750 4433 Treveronsis
775 4357 1043 4454 archiepiscopi,
1059 4355 1189 4430 Hoardi
1209 4355 1426 4447 leodiensis,
1445 4356 1577 4430 Ottonis
1592 4355 1865 4453 Herbipolensis,
1882 4351 1937 4426 Si-

563 4665 601 4741 (t)
620 4667 681 4726 vid.
697 4683 779 4742 supra
790 4667 959 4743 privilegium
973 4667 1066 4727 datum
1079 4666 1216 4726 incastris
1229 4665 1469 4742 propeluliacum,
1485 4669 1502 4726 t
1516 4665 1650 4742 septemb.
1664 4667 1744 4725 tatt.

2113 890 2115 969 l
