4298 5898
169 525 267 594 lvorcr.
287 530 348 612 lit}
618 529 813 593 HISTORIA
837 529 1130 593 nlvuounvlca.
1521 527 1576 588 etl

170 663 283 741 lorum
301 665 349 740 ad
365 667 465 760 cujus
483 665 648 740 honorem
664 677 718 740 cst
735 666 881 740 ecclesIa
897 666 974 763 ipsa
988 673 1239 740 constructam
1258 685 1323 760 pru
1337 665 1447 735 salute
1464 656 1600 736 nostra'

170 795 205 862 et
222 790 376 864 remedio
396 791 590 865 animarum
606 791 729 886 prelati
750 792 844 888 regis
860 801 896 866 ct
912 791 1059 866 aliorum
1076 812 1199 886 regum
1215 811 1257 863 ac
1274 789 1424 863 felicium
1442 809 1581 883 angus-

170 923 282 988 torum
300 926 483 1012 parentum
499 925 693 989 nostrorum
707 917 872 991 memorie
885 916 1086 1010 recolende,
1107 915 1344 1014 supradictum
1359 913 1579 1010 privilegium

171 1037 217 1112 dc
230 1040 339 1112 verbo
355 1039 401 1113 ad
418 1039 565 1113 verbum
587 1041 677 1113 sicut
693 1039 855 1135 superius
874 1051 925 1114 cst
940 1062 1144 1136 expressum
1158 1039 1420 1131 renovavimus,
1441 1047 1476 1110 et
1492 1037 1582 1110 siout

170 1166 383 1260 temporibus
401 1165 484 1239 dicti
502 1165 595 1260 regie
616 1165 674 1240 avi
698 1165 804 1238 nostri
824 1175 858 1238 et
883 1166 1028 1238 aliorum
1048 1187 1169 1260 regum
1186 1165 1473 1260 'predecessorum
1496 1185 1581 1236 nos-

171 1297 301 1362 trorum
317 1290 471 1364 canonici
486 1289 641 1388 predicte
658 1291 813 1386 cappelle
827 1312 870 1364 eo
888 1291 939 1363 uti
956 1299 1211 1364 consueverunt
1228 1289 1370 1386 pacillce
1390 1299 1425 1361 et
1442 1288 1577 1382 quiete,

172 1412 440 1489 confirmationis
458 1425 573 1488 nostre
590 1415 782 1488 munimine
804 1425 970 1513 perpetuo
990 1415 1158 1488 duximus
1177 1414 1424 1488 roborandum.
1442 1415 1492 1486 De
1509 1435 1582 1485 ma·

171 1537 238 1629 jori
257 1560 397 1634 quoque
418 1540 526 1634 gratia
546 1549 661 1613 nostra
682 1539 849 1636 scriptum
874 1539 1142 1612 continuationis
1161 1539 1338 1635 quondam
1354 1537 1487 1610 domini
1512 1537 1581 1608 im-

171 1665 338 1758 peratorIs
362 1664 469 1760 patrie
492 1664 599 1737 nostri
621 1664 737 1737 inclite
767 1662 1013 1738 recordationis
1035 1687 1141 1763 super
1161 1665 1304 1759 justitiis
1327 1663 1582 1760 prebendarum

172 1808 314 1860 suarum
337 1789 510 1862 canonIcis
531 1790 643 1887 ipsius
668 1791 823 1885 reppello
849 1790 1024 1863 indultum
1044 1788 1116 1888 (t),
1140 1813 1205 1865 nec
1228 1813 1298 1863 non
1320 1800 1355 1863 et
1374 1789 1581 1862 oblationem

172 1911 319 2006 singulis
335 1913 436 1987 annis
453 1914 489 1986 in
506 1915 607 1988 certis
621 1915 864 1988 festivitatibus
876 1914 1111 1988 exhibendum
1127 1925 1162 1988 et
1178 1915 1360 1988 luminaria
1378 1935 1441 2008 pro
1457 1912 1581 1986 eadem

172 2038 327 2132 cappella
340 2047 376 2113 et
391 2037 627 2113 anniversaria
646 2039 750 2112 trium
760 2021 909 2135 regum,
931 2041 1020 2114 siout
1034 2063 1077 2115 cu
1093 2041 1138 2114 do
1151 2043 1230 2134 jure
1246 2049 1500 2114 consueverunt
1517 2037 1579 2112 ha·

172 2161 268 2254 bere,
285 2162 369 2258 ipsis
382 2171 417 2238 et
430 2186 550 2238 corum
566 2165 711 2260 posteris
727 2165 763 2238 in
777 2175 982 2262 perpetuum
996 2165 1253 2240 confirmamus.
1269 2165 1325 2238 Ad
1340 2165 1446 2258 hujus
1462 2174 1578 2237 autem

172 2289 405 2362 renovationis
428 2298 462 2364 et
487 2289 756 2366 confirmationis
779 2302 894 2364 nostre
915 2291 1115 2366 memoriam
1141 2300 1176 2366 ct
1195 2291 1301 2364 robur
1319 2292 1355 2362 in
1376 2301 1578 2386 perpetuum

171 2410 378 2504 valiturum,
399 2436 538 2510 presens
556 2415 775 2512 privilegium
795 2438 856 2512 per
871 2439 994 2490 manus
1013 2417 1179 2492 Iohannis
1197 2416 1242 2489 de
1263 2415 1380 2512 Capua
1403 2417 1524 2488 notarii
1542 2424 1577 2487 et

174 2534 284 2609 fidelis
300 2538 406 2611 nostri
423 2539 527 2612 scribi
548 2548 583 2613 ct
599 2539 712 2634 sigillo
726 2541 911 2633 maiestatis
924 2552 1039 2616 nostre
1047 2542 1216 2635 jussimus
1232 2541 1451 2630 communiri,
1474 2563 1578 2633 anno,

46 2709 58 2726 .
173 2681 293 2733 mense
313 2671 348 2734 et
367 2663 552 2738 indictione
573 2664 788 2764 subscriptis.

221 2788 346 2860 Datum
369 2788 405 2860 in
429 2789 568 2864 civitetc
590 2801 706 2866 nostra
724 2792 929 2884 Panhormi,
952 2814 1043 2867 anno
1069 2791 1243 2866 domiaico
1264 2791 1512 2864 incarnationis
1528 2789 1582 2889 (2)

173 2911 355 2987 millesimo
383 2914 618 2990 ducentesimo
642 2917 809 2992 vicesimo
832 2919 971 3014 quinto,
997 2940 1117 2992 mense
1136 2917 1309 3012 januarii,
1341 2916 1580 2992 terciodecimo

173 3036 386 3134 indictionis,
405 3039 540 3138 imperii
557 3041 688 3115 domini
705 3043 811 3117 nostri
831 3042 993 3117 Friderici
1009 3044 1073 3118 Dei
1088 3044 1199 3140 gratia
1217 3043 1436 3118 invictissimi
1451 3045 1582 3118 Roma-

175 3184 297 3236 norum
327 3165 560 3264 imperatoris,
586 3190 721 3264 semper
747 3169 887 3264 augusti
907 3179 942 3242 et
968 3169 1203 3264 gloriosissimi
1235 3171 1327 3264 regis
1351 3169 1466 3243 Sicilie
1490 3188 1581 3242 anno

65 3277 68 3282 ’
174 3291 313 3385 quinto,
329 3291 426 3388 regni
442 3315 525 3368 vero
542 3293 658 3367 Sicilie
677 3295 842 3368 vicesimo
858 3295 1018 3391 septimo,
1034 3295 1188 3368 feliciter.
1207 3295 1330 3368 Amen.

228 3875 458 3989 Fridericus,
477 3879 736 3965 Romanorum
758 3883 982 3992 imperator,
1002 3881 1132 3966 omnia
1154 3879 1352 3994 privilegia
1373 3883 1499 3995 regiae
1521 3911 1584 3966 ca·
1657 3909 1736 3996 333

172 4009 293 4120 pellae
319 4013 450 4123 palatii
481 4015 740 4099 Panormitani
767 4017 967 4100 confirmat
989 4025 1026 4099 et
1052 4025 1351 4130 transgressores
1384 4017 1456 4100 sub
1480 4045 1583 4101 ana-

173 4144 340 4231 themate
352 4160 515 4259 coercet,
531 4149 710 4236 omnibus
723 4149 948 4235 officialibus
962 4149 1195 4261 praecipiens
1210 4177 1258 4233 ne
1271 4151 1311 4234 in
1328 4150 1581 4260 libertatibus,

211 4413 248 4490 (l)
267 4415 301 4473 Sc
316 4414 399 4473 relcrt
414 4415 560 4490 imperator
576 4417 612 4476 ad
627 4419 795 4493 privilegium
814 4417 921 4476 ilenrici
937 4421 1026 4477 serti:
1043 4419 1135 4477 datum
1150 4419 1288 4492 Panormi,
1305 4421 1381 4478 x1111
1395 4421 1439 4479 die
1448 4423 1580 4496 januarii,

173 4511 238 4569 xm
253 4513 419 4586 indictionis,
433 4531 504 4575 anno
521 4516 653 4575 dominice
670 4517 861 4578 incarnationis
876 4517 1055 4591 bt·C⁰XC⁰V⁰,
1070 4519 1142 4593 quod
1158 4518 1186 4576 ln
1199 4516 1347 4578 chuturio
1359 4521 1515 4593 exhibetur,
1529 4523 1581 4580 sub

174 4623 208 4666 n·
219 4610 315 4670 XVIII.

212 4709 248 4782 (Ξ)
267 4711 341 4769 licet
353 4711 416 4770 anni
429 4712 620 4772 mocrnationis
634 4714 678 4772 bic
691 4715 792 4773 mentio
806 4715 865 4786 fiat,
878 4731 949 4775 anno
963 4716 1109 4775 nativitatis
1123 4716 1201 4792 plane
1215 4717 1299 4776 utitur
1310 4717 1441 4778 notanus.
