4326 5896
565 544 626 604 502
1069 545 1280 608 lnlneulcl
1304 546 1478 608 sectum
1519 547 1524 562 '
1783 541 1862 627 [Arre.
1880 542 1966 604 1225

567 679 734 775 quaginta
749 681 865 774 galeas
883 679 1038 754 similiter
1054 703 1116 776 per
1132 691 1241 756 totum
1264 683 1441 757 biennium
1461 681 1491 754 si
1510 701 1648 753 necesse
1668 679 1770 752 fuerit
1786 679 1875 751 bona
1899 677 1968 751 lide

568 812 728 876 armatas.
755 804 910 889 Quodsi
936 805 1051 898 aliquo
1076 815 1227 902 tempore
1250 807 1342 880 illius
1367 807 1499 880 biennii
1521 825 1591 878 non
1616 811 1705 876 esset
1730 823 1869 876 neoesse
1893 802 1969 874 illas

570 929 677 1000 teneri
705 929 760 1001 vel
785 929 814 1001 si
838 931 953 1002 forsan
980 951 1049 1002 non
1072 942 1212 1026 possent
1232 933 1381 1007 inveniri
1405 931 1562 1006 homines
1584 927 1767 1002 necessarii
1791 927 1969 1022 apparatui

568 1051 786 1142 earumdem,
802 1053 1055 1125 estimabantur
1071 1053 1219 1128 fideliter
1236 1065 1395 1152 sumptus
1413 1056 1460 1127 illi
1476 1055 1537 1149 qui
1555 1054 1592 1124 in
1608 1053 1659 1126 eis
1674 1050 1831 1123 tenendis
1844 1071 1971 1122 neoce-

569 1177 649 1248 sarii
667 1177 873 1249 haberentur
889 1175 919 1250 si
938 1186 1133 1250 tenerentur
1154 1188 1284 1252 armate
1299 1201 1340 1253 eo
1358 1178 1546 1274 modoque
1562 1177 1762 1249 debuissent
1779 1174 1920 1262 armari,
1936 1181 1971 1244 et

567 1300 782 1374 tantumdem
800 1301 835 1372 in
855 1301 1002 1396 pecunia
1023 1314 1201 1376 numerata
1223 1305 1457 1402 persolvemus
1470 1304 1506 1374 in
1521 1302 1631 1397 ipsius
1645 1311 1731 1373 terre
1747 1299 1883 1394 negotio
1903 1320 1971 1370 cx-

566 1424 788 1520 pendendam
807 1446 849 1497 eo
871 1423 976 1497 modo
1003 1447 1064 1520 per
1085 1425 1201 1499 omnia
1227 1449 1297 1522 qno
1318 1426 1478 1522 superius
1496 1425 1541 1498 de
1553 1423 1804 1519 quinquaginta
1822 1421 1971 1494 marchis

568 1548 715 1621 militum
743 1557 796 1621 est
821 1571 1039 1643 expressum.
1065 1549 1220 1622 Preterea
1250 1547 1462 1645 deponemus
1490 1548 1525 1622 in
1553 1549 1713 1622 manibus
1738 1545 1970 1643 predictorum

567 1672 660 1767 regis
677 1682 712 1745 et
735 1673 927 1768 patriarche
943 1693 984 1745 ac
1002 1671 1155 1767 magistri
1177 1681 1212 1745 ct
1228 1674 1370 1747 fratrum
1388 1673 1512 1746 domus
1528 1671 1814 1745 Thcutonicornm
1832 1679 1971 1741 centnm

569 1796 677 1870 millia
691 1796 871 1869 unciarum
882 1795 958 1868 auri
970 1797 1027 1870 vel
1037 1797 1302 1890 equivalentiam
1312 1797 1348 1868 in
1357 1806 1500 1891 argento
1511 1797 1552 1868 iis
1565 1795 1716 1868 terminis
1724 1793 1968 1889 persolvenda:

569 1922 607 1992 in
628 1921 768 1992 instanti
794 1921 953 2015 passagio
971 1921 1109 2013 augusti
1132 1921 1238 2015 hujus
1254 1921 1509 1996 terciodecimo
1531 1919 1729 1993 indictionis
1747 1917 1869 2012 viginti
1893 1916 1973 1987 mil-

570 2046 637 2136 lia3
660 2043 831 2143 [sequenti
858 2045 1018 2140 passagio
1046 2047 1159 2119 martii
1189 2047 1265 2119 xlv
1293 2046 1490 2120 indictionis
1514 2046 1582 2118 alia
1605 2043 1729 2138 viginti
1754 2043 1860 2115 millia
1880 2037 1971 2138 (c);]

571 2173 727 2262 sequenti
757 2168 915 2261 passagio
944 2167 1185 2264 subsequentis
1215 2170 1353 2264 angusti
1379 2169 1535 2262 ejusdem
1567 2167 1822 2263 quartodecime
1852 2165 1973 2238 indic-

570 2293 673 2366 tionis
695 2289 819 2386 viginti
845 2291 972 2387 millia3
1002 2293 1068 2366 alie
1094 2293 1323 2389 quadraginta
1340 2293 1447 2366 millia
1470 2293 1507 2365 in
1528 2291 1666 2366 duobus
1684 2290 1973 2384 subsequentibus

569 2417 738 2513 passagiis
750 2417 862 2489 martii
875 2426 909 2490 et
920 2418 1059 2510 augusti
1073 2417 1156 2490 anni
1169 2417 1326 2508 secundi,
1339 2417 1386 2489 ita
1395 2416 1492 2512 qnod
1505 2425 1618 2512 partes
1631 2423 1815 2488 memorate
1826 2413 1973 2508 pecunie

569 2543 740 2638 persolnte
766 2561 827 2635 per
854 2540 1015 2613 terminos
1040 2541 1231 2614 antedictos
1257 2542 1344 2615 ultra
1368 2563 1461 2614 mam
1486 2541 1523 2612 in
1544 2540 1691 2634 singulis
1713 2537 1880 2634 passagiis
1907 2536 1974 2610 de·

568 2673 757 2760 portentur.
780 2663 817 2736 Si
833 2685 917 2736 vcro
939 2665 974 2736 in
996 2665 1112 2758 aliquo
1136 2665 1280 2738 termino
1296 2666 1374 2762 plns
1389 2666 1594 2739 solverimus
1609 2686 1716 2759 quam
1741 2663 1899 2758 superius
1922 2673 1975 2735 ast

568 2809 793 2884 expressum,
815 2796 950 2860 tantum
975 2789 1092 2861 minus
1117 2790 1312 2885 persolvere
1337 2789 1532 2864 tenebimur
1553 2789 1712 2884 passagio
1728 2787 1972 2882 subsequente.

568 2911 716 2997 Quando
734 2921 848 2984 autem
868 2933 931 2984 nos
952 2912 988 2984 in
1005 2911 1075 2984 fine
1089 2912 1221 2985 biennii
1238 2912 1284 2986 ad
1307 2914 1506 3008 passagium
1524 2912 1737 3006 assignatum
1760 2911 1977 2985 transfretare

570 3033 762 3128 continget,
794 3035 983 3109 reddentur
1011 3036 1111 3108 nobis
1139 3035 1231 3110 dicta
1258 3045 1396 3110 centum
1421 3035 1530 3110 millia
1555 3035 1734 3108 unciarum
1763 3035 1810 3109 ad
1836 3055 1976 3130 expen-

569 3157 725 3232 dendum
750 3159 786 3229 in
805 3160 945 3232 servitio
965 3160 1028 3232 Dei
1044 3168 1080 3232 et
1093 3161 1195 3232 'ferre
1220 3163 1358 3250 Sancte;
1385 3168 1421 3232 et
1439 3160 1469 3232 si
1492 3179 1575 3253 nos,
1592 3159 1689 3254 quod
1713 3161 1806 3231 Deus
1828 3169 1973 3250 avertat,

569 3281 606 3354 in
624 3291 713 3354 terra
731 3283 789 3356 illa
815 3284 871 3356 vel
898 3284 981 3356 citra
1005 3291 1085 3358 ante
1112 3285 1311 3378 passagium
1338 3293 1564 3357 memoratum
1589 3282 1687 3357 obire
1716 3283 1900 3378 contigerit
1923 3285 1976 3357 uel

568 3405 652 3479 alias
669 3428 892 3502 quacumque
905 3407 950 3478 de
966 3429 1071 3480 causa
1090 3408 1230 3480 forsitan
1247 3430 1318 3480 non
1335 3407 1585 3499 transierimus,
1604 3429 1669 3481 rex
1682 3417 1719 3480 et
1735 3407 1933 3504 patriarcha
1945 3417 1978 3482 et

567 3529 730 3622 magister
746 3531 871 3604 domus
888 3531 1176 3604 Theutonicorum
1198 3531 1343 3627 predicti
1365 3531 1410 3604 ad
1431 3531 1571 3605 laudem
1590 3541 1625 3606 et
1646 3532 1829 3605 consilinm
1848 3532 1978 3627 magis-

566 3662 697 3724 trorum
728 3653 913 3749 Hospitalis
942 3663 977 3728 ct
1003 3655 1135 3750 Templi
1163 3677 1205 3728 ac
1229 3655 1375 3728 aliorum
1401 3655 1587 3750 proborum
1614 3655 1797 3729 hominurn
1822 3657 1978 3731 detera

566 3774 765 3870 expendent
783 3777 940 3850 eamdem
963 3778 1147 3873 pecuniam
1164 3778 1256 3852 bona
1275 3777 1363 3866 fide,
1382 3777 1473 3851 sicut
1496 3779 1623 3852 melius
1636 3779 1789 3852 viderint
1812 3779 1979 3876 expedire

566 3899 704 3972 utilitati
731 3901 834 3974 Terre
855 3903 978 3976 Sancte
1006 3901 1041 3974 in
1061 3903 1201 3977 servitio
1220 3905 1301 3976 lesu
1324 3903 1448 3976 Christi
1466 3913 1501 3978 et
1526 3912 1615 3978 terre
1636 3927 1700 4000 pro
1727 3905 1842 3978 salute
1869 3905 1980 3977 anime

565 4031 681 4096 nostre
704 4033 739 4096 et
763 4033 1017 4098 antecessorum
1043 4033 1248 4098 nostrornm.
1267 4027 1303 4098 Si
1326 4047 1432 4119 vero,
1453 4025 1550 4121 quod
1569 4028 1679 4120 absit,
1702 4027 1791 4102 infra
1814 4029 1980 4125 scriptum

449 4201 455 4214 .
566 4148 750 4218 terminum
768 4150 928 4243 passagio
946 4149 1159 4243 assignatum
1184 4148 1375 4246 quidquam
1392 4149 1594 4224 humanitus
1618 4150 1664 4226 de
1688 4151 1790 4224 nobis
1816 4150 1981 4226 acciderit

565 4269 622 4340 vel
649 4269 679 4341 si
701 4270 834 4366 aliquid
854 4273 911 4345 vel
933 4273 1049 4366 aliqua
1070 4275 1156 4346 forte
1182 4273 1368 4346 defecerint
1392 4272 1438 4347 de
1466 4273 1511 4347 iis
1532 4298 1603 4372 que
1626 4277 1789 4371 superius
1815 4296 1979 4373 expressa

567 4402 648 4463 sont
659 4403 693 4464 ct
705 4395 886 4489 promissa,
903 4419 1048 4490 regnum
1063 4405 1216 4470 nostrum
1235 4397 1351 4470 Sicilie
1364 4397 1555 4471 remanebit
1570 4399 1617 4473 ad
1630 4401 1748 4474 omnia
1764 4401 1978 4495 obligatum,

609 4651 651 4732 (a)
672 4655 785 4719 Desunt
798 4661 829 4720 ln
841 4659 974 4740 ltcgestts
987 4677 1129 4740 paparum
1138 4671 1167 4726 et
1176 4666 1207 4725 ln
1217 4665 1377 4745 impressis,
1387 4667 1440 4730 sed
1449 4671 1528 4730 certe
1537 4665 1713 4745 supplenda,
1722 4671 1757 4728 nt
1768 4671 1870 4727 monet
1882 4665 1978 4727 Perta.
