4298 5898
590 524 651 585 too
1017 507 1024 522 '
1092 525 1304 588 rnrnsrucr
1330 525 1503 588 suctum
1816 529 1898 608 [an.
1916 533 1994 596 raet

641 659 752 750 Hujus
768 659 816 730 rei
838 667 939 732 testes
956 669 1037 731 sunt
1062 687 1069 730 :
1095 659 1267 736 Berardus
1289 661 1551 736 Panormitanus
1573 671 1608 735 et
1621 663 1781 737 Nicolaus
1799 667 1998 740 Tarentinus

593 781 862 878 archiepiscopi,
880 780 1081 856 Cuonradus
1106 783 1314 876 Triestinus,
1334 785 1483 858 lacobus
1506 786 1673 860 Pattensis
1694 796 1729 860 et
1743 789 1998 864 Bartholomeus

591 907 815 980 siracusanus
835 906 1002 1004 episcopi,
1020 907 1192 981 lohannes
1207 909 1314 982 abbas
1331 909 1530 1000 Cusemerii,
1549 911 1748 1007 llaynaldua
1767 911 1845 986 dux
1858 917 1995 1010 Spoleti,

589 1032 804 1107 Evirhardus
817 1030 951 1129 dapifer
967 1032 1011 1106 de
1029 1033 1194 1130 Walpurc
1207 1045 1242 1106 et
1256 1033 1314 1107 alii
1332 1036 1569 1132 quamplures.

638 1157 784 1252 Signum
806 1156 936 1231 domini
956 1157 1116 1230 Friderici
1138 1157 1285 1231 secundi
1299 1157 1361 1230 Dei
1376 1159 1493 1252 gracia
1512 1159 1743 1232 Romanorum
1765 1159 1997 1256 imperatoris,

590 1303 725 1378 semper
740 1281 881 1375 augusti
894 1289 929 1356 et
944 1283 1036 1375 regis
1049 1283 1176 1356 Sicilie.
1195 1281 1491 1378 (lloooprcmmc.)

641 1405 725 1480 dcta
743 1415 824 1480 sunt
848 1405 912 1480 heo
928 1428 1021 1480 anno
1041 1404 1213 1482 dominice
1232 1407 1476 1480 incarnationis
1491 1407 1672 1480 millesimo
1694 1409 1932 1484 ducentoeimo
1949 1413 1999 1484 vi-

590 1531 718 1605 cesimo
731 1540 867 1626 quarto,
884 1551 1001 1604 mense
1018 1531 1195 1624 februarii,
1210 1531 1415 1606 duodecime
1428 1531 1640 1624 indictionis,
1656 1533 1846 1628 imperante
1862 1534 1999 1608 dominc
2122 1543 2123 1604 ἶ

591 1665 707 1729 nostro
724 1653 896 1728 Friderioo
915 1655 1068 1730 secundo
1083 1656 1146 1729 Dei
1164 1655 1274 1751 gratia
1293 1653 1518 1729 invictissimo
1532 1657 1761 1730 Romanorum
1775 1659 1995 1756 imperatore,

591 1802 725 1877 semper
745 1789 894 1874 augusto
914 1791 948 1853 et
970 1802 1052 1876 rege
1068 1780 1204 1874 Sicilie,
1226 1802 1318 1855 anno
1333 1781 1476 1854 Romani
1493 1781 1628 1878 imperii
1653 1785 1728 1876 ejus
1745 1795 1885 1878 quarto,
1905 1787 1995 1879 regni

590 1925 673 1978 vero
690 1903 805 1977 Sicilie
821 1905 985 1978 vicesimo
1003 1915 1115 2000 sexto,
1134 1906 1289 1980 feliciter.
1310 1906 1434 1979 tmen.

640 2031 764 2102 Datum
777 2029 952 2122 Cathanie,
970 2053 1074 2123 arrno,
1094 2053 1211 2104 mense
1225 2040 1259 2104 et
1275 2029 1463 2104 indictione
1477 2031 1683 2126 prescriptis.

434 2663 448 2693 ι
526 2679 533 2704 ‚
642 2624 670 2705 F
672 2623 873 2727 ridericm,
894 2623 1155 2707 Romanorum
1178 2624 1397 2732 imperatur,
1419 2621 1600 2704 iratribus
1622 2621 1821 2730 hospitalis
1844 2620 1995 2704 Sanctae

589 2756 727 2840 Mariae
755 2757 1071 2841 Theotonicorum
1098 2757 1138 2838 in
1165 2757 1372 2840 Jerusalem
1398 2755 1642 2839 donationem
1666 2755 1816 2840 Ottonis
1838 2756 1994 2864 episcopi

591 2889 911 3001 Wirziburgeusis
924 2900 963 2972 et
974 2891 1128 3000 capituli
1142 2889 1225 3000 ejus
1243 2889 1463 2996 confirmat,
1483 2889 1665 2972 nimirum
1684 2889 1830 2971 curium
1844 2889 1884 2970 in
1902 2889 1994 2972 eiri-
2122 2999 2123 3004 .

591 3035 666 3108 tate
700 3023 997 3134 Wirziburgensi
1026 3024 1125 3107 ultra
1155 3023 1311 3134 Mogum
1334 3021 1443 3132 juxta
1475 3021 1748 3106 monasterium
1781 3021 1994 3125 Scotorum,
2122 3049 2123 3074 ι

592 3186 681 3243 cum
694 3158 865 3243 curtibus
880 3159 929 3240 ad
942 3184 1027 3241 eam
1044 3156 1332 3267 pertinentibus.

671 3377 761 3450 (Edit.
778 3377 810 3436 ln
823 3375 951 3435 Monere
968 3373 1059 3448 Boio,
1075 3380 1148 3434 tom.
1165 3375 1261 3449 xxx,
1277 3392 1305 3452 p.
1324 3383 1474 3449 tet-122,
1486 3383 1519 3434 ιιο
1536 3373 1678 3446 cclxv,
1693 3389 1730 3432 er
1744 3373 1894 3450 originali,
1908 3377 1938 3432 et
1952 3388 1996 3447 ap.

710 3484 852 3554 llsrruus,
870 3478 937 3542 Cod
954 3478 1101 3560 diprloctot.
1119 3479 1179 3541 ord.
1196 3481 1228 3542 S.
1244 3481 1320 3541 Mor.
1341 3478 1493 3550 Theletus..
1505 3497 1535 3558 p.
1549 3488 1598 3554 to,
1610 3489 1643 3540 n⁰
1654 3487 1704 3540 tto.
1715 3479 1852 3559 Slgillum
1865 3477 1998 3540 cumillis

712 3590 811 3650 sericis
823 3589 932 3666 perllt)

621 3778 678 3846 -ln
699 3773 839 3847 nomine
857 3783 974 3846 sancte
992 3783 1027 3846 et
1051 3771 1234 3846 individue
1256 3773 1443 3846 Trinitatis.
1473 3771 1666 3846 Fridericus
1690 3773 1866 3847 secundus
1884 3770 1994 3845 divina

590 3905 728 3977 favente
742 3900 924 3975 clementia
937 3901 1167 3972 Romanorum
1185 3900 1390 3996 imperator,
1414 3920 1550 3994 semper
1565 3907 1735 3992 augustus
1749 3907 1785 3972 et
1796 3920 1862 3973 rex
1875 3896 1991 3970 Sicilie.
2122 3983 2123 4004 ,

590 4032 680 4102 luter
698 4027 793 4101 varia
810 4025 960 4098 humane
978 4023 1217 4097 sollicitudinis
1230 4023 1416 4113 exercicia,
1438 4045 1481 4098 ec
1496 4023 1599 4096 nohis
1615 4021 1798 4118 proficere,
1819 4044 1861 4094 ac
1875 4041 1993 4118 prava·
2122 4005 2123 4060 ³

590 4158 661 4228 lere
678 4150 724 4226 ad
746 4151 861 4225 anime
886 4150 1030 4222 sulutem
1055 4146 1262 4221 confidimns
1281 4169 1350 4243 que
1374 4147 1562 4221 christiane
1579 4147 1737 4238 religioni
1760 4145 1807 4219 de
1823 4145 1993 4218 clementia

590 4289 707 4354 nostra
725 4275 933 4351 conferimus
952 4285 987 4346 et
1004 4273 1157 4346 ecclesiis
1174 4295 1215 4345 ac
1232 4273 1401 4367 religiosis
1419 4272 1578 4368 personis
1599 4271 1645 4344 sd
1667 4269 1772 4346 fidem
1800 4269 1992 4343 catholicam

591 4399 824 4500 ampliandam
847 4397 1112 4471 misericorditer
1128 4397 1325 4493 elargimur.
1350 4397 1421 4470 Hac
1444 4397 1551 4491 igitur
1574 4393 1708 4500 inducti
1729 4393 1993 4468 consideratione
2122 4377 2123 4466 i

592 4527 775 4616 laudabili,
795 4523 994 4618 diligentius
1010 4521 1225 4596 attendentes
1241 4521 1441 4616 religionem
1458 4529 1494 4593 et
1515 4519 1728 4594 honestatem
1751 4522 1894 4594 lratrum
1916 4519 1992 4590 lrcs·
2122 4625 2123 4630 .

592 4652 705 4749 pitalis
728 4653 850 4722 Sancte
875 4648 982 4722 Maris
1005 4647 1291 4721 Theotonicorum
1315 4646 1348 4716 in
1371 4647 1575 4734 Jerusalem,
1601 4665 1664 4741 pro
1680 4644 1835 4718 remedio
1863 4659 1992 4739 quoque
2122 4727 2123 4740 ἵ
