4298 5898
235 642 334 702 lnnrcr.
355 636 415 724 12]
688 637 885 702 HISTORIA
912 637 1205 704 ltlt'tottaulctt.
1591 643 1649 704 tlt

237 785 350 872 preter
371 795 480 849 naves
501 785 536 850 et
557 775 706 850 vassellu
731 776 799 849 alia
823 775 958 850 infinita
982 799 1052 872 que
1076 799 1138 873 per
1163 798 1310 872 reguum
1330 787 1364 851 et
1386 775 1528 852 aliunde
1551 787 1653 872 pute·

236 901 347 974 rimus
364 900 572 974 sufficienter
595 899 735 974 habere.
763 902 920 975 Preterea
945 901 1051 975 frater
1073 903 1290 976 Hermannus
1313 901 1440 975 domus
1460 901 1652 975 Theutuni-

234 1045 355 1098 curum
374 1025 540 1120 magister
556 1024 603 1099 ad
623 1025 832 1120 presentiam
852 1035 1004 1100 nostram
1027 1025 1197 1101 accedeus
1223 1027 1404 1124 proposuit
1421 1036 1456 1102 et
1478 1025 1651 1124 persuasit

236 1151 402 1224 instanter
422 1149 520 1245 quod
538 1147 583 1222 de
601 1149 746 1224 consilio
762 1157 877 1224 vestro
895 1157 968 1223 erat
987 1159 1023 1223 et
1038 1150 1121 1224 satis
1139 1150 1223 1223 utile
1241 1149 1341 1224 vobis
1355 1159 1391 1223 et
1406 1150 1439 1224 ei
1457 1149 1650 1247 expediens

235 1272 421 1348 videbatur
439 1281 478 1346 ut
493 1296 556 1370 pro
573 1282 643 1348 um
662 1272 773 1348 arduo
792 1274 931 1369 negotiu
945 1276 1047 1347 Terre
1064 1275 1187 1346 Sancte
1205 1295 1285 1346 cum
1299 1273 1516 1371 principibus
1533 1275 1649 1371 impe-

236 1397 277 1470 rii
294 1407 455 1472 oretenus
474 1397 706 1494 loqueremur,
726 1419 848 1472 versus
868 1407 983 1495 partes
1001 1399 1078 1472 illas
1094 1419 1158 1472 nos
1179 1399 1404 1494 personaliter
1421 1401 1645 1474 conserentes.

235 1523 337 1608 Quod
365 1521 450 1596 dum
479 1533 596 1597 nostro
620 1523 794 1619 proposito
817 1521 1002 1596 resedisset
1023 1533 1059 1596 et
1081 1519 1117 1594 in
1142 1522 1321 1618 procinctu
1347 1545 1501 1598 essemus
1526 1545 1650 1598 versus

236 1657 350 1742 partes
370 1647 446 1721 illas
466 1646 640 1744 dirigendi
656 1670 859 1746 prosperum
874 1649 940 1723 iter
956 1657 1126 1738 nostrum,
1145 1650 1243 1723 veuit
1260 1649 1512 1723 mareschalcus
1534 1659 1650 1724 noster

232 1771 471 1845 Cathaniensis
483 1773 546 1868 qui
560 1774 670 1846 luerat
684 1773 721 1846 in
738 1773 997 1870 expugnatione
1012 1775 1278 1848 Sarraceuurum
1294 1773 1410 1847 Sicilie
1427 1774 1646 1866 constitutus,

235 1895 368 1972 ducens
391 1919 510 1972 secum
534 1899 651 1972 Gaitos
677 1908 712 1972 et
737 1899 896 1972 Seniores
923 1896 969 1972 de
993 1898 1156 1972 omuibus
1183 1897 1357 1972 montanis
1381 1899 1647 1972 Sarraceuorum

235 2020 368 2115 Sicilie,
388 2022 529 2096 nuntius
546 2043 593 2096 ex
616 2031 714 2120 parte
732 2023 889 2096 omnium
905 2022 953 2097 ad
969 2031 1121 2096 nostram
1139 2023 1346 2120 presentiam
1363 2020 1569 2116 destinatos,
1587 2045 1648 2120 per

234 2166 323 2238 quos
341 2147 444 2221 ueteri
461 2169 581 2221 omnes
604 2158 840 2244 exposuerunt
862 2169 901 2224 sa
923 2147 1087 2222 mandata
1106 2158 1222 2222 nostra
1243 2157 1278 2222 et
1299 2147 1514 2245 beneplacita
1530 2161 1647 2223 nostra

233 2271 378 2364 pronius
393 2272 594 2368 impleturus
615 2273 679 2372 (l).
701 2275 812 2370 Super
834 2294 906 2370 quo
928 2274 1047 2347 habita
1070 2272 1317 2347 deliberatione
1342 2295 1423 2344 cum
1447 2275 1647 2369 proceribus

232 2394 330 2468 curie
346 2403 462 2470 nostre
484 2397 571 2491 quid
593 2397 770 2472 videretur
785 2396 977 2492 agendum,
998 2397 1114 2470 visum
1129 2404 1181 2469 est
1194 2395 1356 2470 omnibus
1372 2397 1562 2468 consultius
1578 2418 1647 2468 ex-

233 2518 354 2614 pedire
368 2519 465 2615 quud
477 2542 547 2595 non
563 2521 769 2596 deberemus
786 2523 823 2595 in
837 2522 904 2596 hoc
917 2521 1061 2595 articulo
1075 2520 1283 2617 presentium
1301 2527 1454 2594 nostram
1469 2518 1514 2593 de
1531 2519 1648 2592 Sicilie

234 2643 390 2738 partibus
409 2645 610 2737 mutare,
633 2668 678 2722 ne
696 2669 758 2745 pru
778 2656 895 2722 nostru
912 2647 1069 2721 meantia
1093 2647 1150 2720 vel
1173 2667 1310 2719 recessu
1331 2645 1510 2719 Sarraceui
1534 2667 1556 2718 a
1581 2644 1648 2718 de·

233 2766 375 2841 votione
404 2772 579 2866 proposita
605 2769 817 2844 declinarent
844 2779 879 2846 et
903 2771 1039 2844 lacilius
1061 2778 1201 2867 possent
1222 2791 1342 2844 eorum
1367 2779 1442 2843 sata
1464 2769 1645 2864 colligere,

232 2889 362 2985 quibus
378 2893 528 2968 collectis
545 2894 685 2970 difficile
703 2896 789 2970 loret
807 2894 998 2971 admodum
1019 2896 1056 2968 iu
1077 2895 1176 2968 brevi
1195 2895 1341 2968 termino
1361 2894 1559 2990 subjugari;
1584 2893 1648 2968 sed

233 3016 508 3109 premitteremus
522 3019 724 3115 magistrum
739 3020 786 3095 ad
800 3020 987 3119 principes,
998 3021 1211 3117 propositum
1226 3029 1261 3092 et
1271 3021 1485 3094 voluntatem
1495 3029 1646 3092 nostram
1744 3115 1746 3118 Ι

233 3159 295 3233 per
317 3159 399 3212 eum
424 3141 570 3237 singulis
592 3165 790 3240 exponens,
812 3145 915 3219 nubis
936 3145 983 3219 ad
1003 3144 1243 3242 recipiendum
1267 3147 1471 3218 Sarracenos
1498 3143 1585 3218 dum
1610 3165 1649 3216 se

231 3272 441 3358 spontaneos
464 3267 588 3340 darent
608 3269 790 3344 instantem
807 3291 947 3368 operam
967 3270 1185 3366 impensuris.
1211 3271 1352 3366 Propter
1367 3268 1464 3366 quod
1484 3267 1646 3342 eumdem

231 3389 435 3483 magistrum
456 3390 502 3466 de
520 3401 590 3467 tam
614 3393 726 3468 arduo
744 3396 882 3490 negotio
904 3396 988 3469 utile
1004 3395 1159 3469 vidimus
1177 3392 1405 3486 onerandum,
1427 3392 1647 3488 injungentes

229 3512 264 3584 ei
283 3512 489 3608 legationem
510 3517 557 3591 ad
575 3518 748 3617 principes
765 3520 957 3596 laciendum
975 3519 1046 3617 (2),
1066 3520 1255 3594 scribentes
1276 3527 1311 3592 et
1327 3517 1565 3614 promittentes
1585 3537 1648 3612 per

269 3793 304 3867 (t)
322 3795 448 3854 Nondum
458 3805 548 3856 tamen
558 3799 870 3874 imperatorSarrareuos
877 3801 911 3860 ad
919 3801 1082 3859 deditionem
1089 3799 1225 3874 accepisse
1237 3797 1647 3870 videtur.ultunul22l,meusc

233 3910 247 3943 r
263 3892 432 3966 septembris,
442 3895 571 3970 profacto
579 3897 884 3958 SaracenorumSiciliae
893 3899 1060 3957 tantumdem
1069 3896 1154 3972 colligi
1163 3896 1313 3955 maudatde
1322 3896 1552 3955 temacssinausis
1562 3895 1647 3954 cccle-

233 4005 246 4040 n
262 3986 318 4046 siae
328 3989 475 4064 imperator
485 3999 616 4067 quantum
626 3995 768 4054 collectum
779 3996 831 4056 luit
842 3997 870 4054 in
885 3996 1006 4072 proxime
1018 3996 1171 4072 praeterito.
1182 4013 1196 4048 n
1208 3996 1284 4052 llrcc.
1302 4010 1339 4052 na
1356 3994 1385 4052 S.
1401 3994 1504 4064 Gran,
1519 3991 1646 4051 Obronr'c.

228 4084 267 4143 ud
279 4092 579 4149 unu.rlnnollumini
596 4095 682 4166 teat,
697 4095 802 4154 decima
820 4096 898 4154 tertia
916 4095 1060 4154 indictione
1083 4093 1198 4162 (scilieet
1214 4110 1231 4151 a
1246 4108 1340 4150 meuse
1358 4089 1505 4166 septembri
1525 4092 1594 4147 tarr
1613 4090 1648 4147 ad

232 4201 246 4238 r
261 4199 381 4244 mensem
395 4188 576 4263 septembrem
596 4191 691 4265 ⁴225),
707 4193 832 4252 dominus
842 4193 1001 4252 Fredericus
1015 4193 1161 4268 imperator
1178 4191 1252 4250 misit
1267 4190 1414 4249 exercitum
1426 4203 1552 4263 magnum
1566 4203 1648 4262 super

232 4297 246 4332 r
259 4279 407 4356 &aranu
414 4281 519 4344 Siciliae
527 4292 555 4344 et
565 4294 752 4354 remanserunt
763 4289 790 4348 in
802 4290 947 4361 montanis,
954 4295 983 4347 et
990 4303 1118 4362 magnum
1129 4293 1253 4362 guastum
1265 4303 1373 4362 semper
1380 4285 1520 4344 aunuatim
1531 4283 1647 4344 laudat

232 4397 246 4430 r
259 4393 342 4454 super
351 4379 411 4438 illos
419 4397 506 4456 usque
517 4401 572 4460 quo
580 4385 780 4446 descenderunt
788 4403 850 4446 cum
861 4403 959 4462 magno
965 4385 1118 4462 opprobrio,
1128 4392 1157 4445 ot
1166 4386 1230 4444 lecit
1238 4385 1297 4444 illos
1304 4384 1404 4444 murari
1414 4385 1443 4442 in
1452 4381 1646 4458 plnuoSiciline

232 4495 245 4530 r
260 4475 288 4533 iu
301 4476 463 4536 casalibus»
473 4481 595 4556 Appard.
606 4483 643 4542 ud
652 4485 750 4560 Gausr.
761 4486 871 4560 liutet,
884 4502 929 4561 ap.
940 4485 1102 4556 linearum,
1112 4485 1227 4559 script,
1239 4484 1271 4555 V,
1286 4486 1349 4542 sut.

266 4572 301 4647 (2)
322 4575 443 4635 «Nuncii
454 4577 625 4653 imperatoris
639 4599 702 4642 cum
713 4583 809 4642 litteris
821 4583 907 4659 ipsius
918 4584 1051 4642 adnuunt
1060 4583 1214 4640 intimantes
1224 4582 1280 4655 regi
1291 4579 1430 4657 [ilenrico]
1442 4585 1471 4637 et
1478 4577 1647 4654 principibus

231 4669 444 4732 »llemaunuus
462 4678 620 4753 magistrum
639 4680 782 4757 hospitalis
801 4683 916 4741 Sanctae
932 4682 1033 4742 llariae
1054 4679 1261 4740 Teutonicumm
1280 4680 1308 4738 in
1326 4679 1477 4756 Epiphania
1495 4678 1602 4738 Domini
1619 4679 1647 4736 in

232 4768 354 4828 »Sicilia
373 4772 407 4831 ad
429 4773 618 4850 imperatorem
637 4780 743 4839 senius
762 4786 790 4840 ct
810 4781 845 4841 de
864 4795 995 4841 succursu
1012 4781 1111 4840 terrae
1125 4780 1240 4840 Sanctae
1259 4777 1295 4838 ad
1307 4778 1360 4839 huc
1380 4794 1443 4838 eum
1463 4776 1598 4836 induxisse
1617 4783 1649 4834 ut
