4292 5894
1071 599 1287 663 FlllDlllllCl
1314 605 1489 666 sccunut
1789 607 1870 686 [Ant
1890 610 1970 671 1223.

1392 899 1727 914 m

367 1162 509 1260 mitti„
614 1163 846 1271 Fridericus,
866 1163 1127 1247 Romanorum
1151 1163 1375 1272 imperator,
1395 1163 1595 1247 confirmat
1621 1173 1659 1246 et
1683 1152 1886 1248 inserendo
1902 1191 1969 1247 re-

559 1306 674 1380 novat
691 1296 933 1406 privilegium
950 1322 1028 1406 quo
1051 1305 1162 1379 antee
1186 1295 1383 1379 ecclesiam
1409 1295 1707 1380 Northusenssm
1740 1297 1970 1380 institutione

558 1429 781 1540 praepositi,
815 1429 948 1512 decani
980 1438 1017 1512 ct
1046 1429 1316 1513 canonicorum
1348 1429 1636 1533 reformaverat,
1669 1442 1707 1513 ct
1736 1431 1893 1540 insuper
1923 1432 1969 1512 ad

559 1562 730 1672 ejusdem
766 1589 860 1644 usus
896 1563 1079 1647 convertit
1117 1563 1358 1672 parrochiam
1404 1561 1530 1646 Sancti
1571 1564 1670 1648 Petri
1710 1574 1748 1646 et
1785 1563 1969 1673 capellam

559 1697 688 1780 Sancti
705 1695 856 1780 Martini
883 1695 923 1777 in
947 1696 1180 1780 Walchusen
1199 1723 1288 1780 cum
1305 1697 1483 1781 omnihus
1501 1724 1635 1781 earum
1652 1697 1763 1782 honis
1787 1707 1825 1781 et
1850 1697 1969 1807 pleni-

559 1829 691 1912 tudine
705 1827 817 1938 juris.

387 1249 522 1314 armum!

640 2053 769 2132 (Edldcr.
784 2053 981 2128 Leuctram,
996 2055 1027 2114 ln
1039 2051 1140 2134 Antip.
1160 2050 1284 2115 Walltur.
1298 2070 1328 2130 p.
1347 2061 1404 2114 ssa
1422 2059 1452 2113 ct
1465 2057 1495 2112 ln
1509 2049 1607 2134 Antip.
1624 2049 1854 2134 Blcolenhurg,
1867 2066 1897 2129 p.
1911 2061 1963 2124 9⁵3

676 2163 834 2221 correctius
847 2177 918 2220 vcro
937 2160 1152 2234 Fttnsrmnn,
1169 2157 1332 2220 dachtclrtc
1344 2177 1399 2220 oon
1412 2157 1618 2236 Namnasa,
1633 2161 1663 2222 11
1676 2177 1761 2238 pars,
1775 2177 1807 2237 p.
1823 2158 1900 2238 4-5.)

606 2357 644 2428 ln
660 2353 801 2428 nomine
825 2363 942 2426 sancte
961 2362 996 2426 et
1019 2351 1203 2428 individua
1225 2355 1412 2426 Trinitatis.
1430 2354 1633 2428 Fredericus
1648 2353 1825 2427 sccundus
1847 2354 1965 2427 divina

557 2483 695 2554 lavante
707 2479 888 2550 clementia
906 2479 1135 2552 Romanorum
1156 2479 1353 2573 imperator,
1371 2501 1507 2574 semper
1520 2486 1690 2572 augustus
1708 2491 1743 2551 et
1759 2501 1823 2551 rex
1836 2479 1963 2550 Sicilie.

556 2604 728 2700 lmperiali
748 2613 864 2675 nostre
885 2603 1048 2676 convenit
1068 2603 1228 2695 dignitati
1252 2613 1331 2675 vota
1355 2601 1511 2676 fidelium
1531 2604 1635 2695 juxta
1656 2603 1719 2675 Dei
1747 2602 1912 2698 placitum
1933 2613 1966 2673 ct

556 2731 721 2802 honorem
751 2728 901 2820 benigna
930 2729 1091 2822 prosequi
1120 2729 1245 2822 pietate
1275 2737 1309 2799 et
1335 2727 1568 2800 exauditionis
1597 2727 1742 2820 gratiam
1769 2727 1964 2820 impendero

557 2875 636 2926 cum
660 2851 783 2924 ellectu
803 2851 896 2940 justa
919 2851 1114 2945 petentibus
1133 2861 1168 2922 et
1189 2850 1344 2920 honesta.
1377 2849 1525 2922 Proinde
1546 2851 1631 2944 quia
1658 2846 1771 2921 tidelis
1794 2860 1830 2922 et
1852 2849 1963 2923 dilecti

558 2978 725 3073 capellani
751 2975 859 3048 nostri
882 2975 1083 3048 Theoderici
1110 2976 1352 3047 Northusensis
1384 2975 1545 3069 prepositi
1577 2975 1668 3046 circa
1695 2973 1907 3047 desiderium
1932 2983 1964 3045 et

557 3104 717 3178 allectum
732 3121 836 3192 quem
854 3098 899 3172 ad
916 3101 1227 3172 transformandum
1242 3099 1398 3191 ejusdem
1416 3101 1558 3172 ecclesie
1571 3121 1635 3171 sua
1649 3108 1775 3171 statum
1792 3121 1840 3170 cx
1855 3098 1960 3171 divini

557 3225 699 3322 spiritus
717 3224 894 3295 voluntale
913 3224 1153 3318 concepimus,
1177 3223 1396 3296 devotionem
1419 3224 1598 3295 sollicitam
1621 3221 1775 3295 vidimus
1796 3233 1832 3294 ct
1856 3223 1963 3294 inten-

556 3360 646 3438 tam,
679 3369 742 3420 nos
766 3347 812 3418 ad
844 3367 963 3441 preces
995 3348 1070 3439 ejus
1097 3348 1320 3441 privilegium
1346 3345 1442 3440 quod
1471 3369 1576 3442 super
1607 3347 1824 3421 ordinatione
1854 3357 1961 3418 muta·

555 3475 658 3548 tionis
684 3470 841 3564 ejusdem
868 3479 902 3542 et
929 3471 1143 3564 planitudine
1166 3471 1333 3544 libertatis
1356 3472 1569 3566 temporibus
1594 3473 1692 3564 regni
1718 3473 1826 3544 nostri
1853 3471 1961 3544 eidem

553 3598 698 3675 ecclesie
718 3619 737 3668 a
760 3595 860 3666 nohis
881 3596 1065 3668 solenniter
1090 3606 1143 3668 est
1164 3617 1386 3684 concessum,
1413 3595 1631 3690 imperatoria
1651 3616 1746 3666 nunc
1766 3595 1964 3667 anctoritate

554 3734 669 3796 nostra
687 3731 720 3792 et
737 3718 975 3792 innovandum
994 3720 1162 3792 duximus
1178 3729 1213 3790 et
1233 3729 1399 3815 perpetuo
1421 3719 1714 3810 confirmandum
1736 3720 1837 3810 cujus
1857 3718 1963 3814 priri-

553 3846 634 3940 legil
654 3854 752 3916 tenor
771 3842 847 3913 talis
863 3853 940 3913 est:

602 3972 640 4040 ln
656 3967 794 4039 nomine
813 3975 930 4035 sancte
946 3973 980 4035 et
999 3964 1182 4037 individue
1197 3964 1382 4038 Trinitatis.
1398 3965 1592 4038 Fridericus
1608 3964 1730 4038 divina
1744 3967 1882 4038 lavante
1895 3966 1962 4038 cle·

552 4093 680 4164 mentia
695 4091 925 4160 Romanorum
945 4109 1022 4176 ren,
1042 4097 1108 4159 etc.
1130 4087 1214 4158 Cum
1231 4089 1320 4159 sicut
1335 4089 1427 4161 veris
1444 4087 1636 4161 ostenditur
1651 4089 1877 4182 argumentis,
1895 4099 1956 4161 etc.

555 4217 729 4316 [Sequitur
747 4212 786 4282 dc
803 4212 899 4282 uerbo
917 4211 963 4282 ad
974 4212 1119 4296 oudam,
1135 4214 1348 4306 privilegium
1365 4213 1482 4284 datum
1499 4213 1590 4308 optrd
1604 4216 1801 4306 nmmum,
1822 4209 1870 4290 27
1884 4213 1963 4308 jotti

554 4341 663 4421 ⁴220,
684 4337 770 4429 quod
786 4357 891 4427 supra
909 4335 958 4404 ud
974 4357 1071 4405 susm
1089 4336 1192 4406 locum
1210 4331 1451 4432 sactissimus]

599 4462 668 4531 Nos
690 4459 795 4548 igitur
815 4457 919 4549 hujus
942 4466 1056 4530 nostre
1075 4459 1381 4531 transformationis
1399 4459 1617 4554 propositum
1632 4458 1886 4550 confirmantes,
1903 4480 1959 4555 per

552 4597 667 4656 nostre
690 4580 941 4672 magnificentie
959 4582 1102 4674 gratiam
1124 4584 1325 4677 ampliorem
1341 4584 1495 4680 predicte
1513 4585 1658 4656 ecclesia
1671 4585 1897 4658 Northusensi
1914 4605 1959 4656 ex

553 4719 642 4780 certe
661 4707 803 4777 scientia
821 4706 867 4777 ad
886 4727 971 4778 usus
991 4707 1234 4779 canonicorum
1252 4709 1362 4803 ipsius
1383 4707 1581 4803 parochiam
1605 4709 1721 4782 Sancti
1739 4708 1830 4782 Petri
1848 4718 1885 4781 et
1902 4730 1958 4781 ca·
