4292 5894
195 599 294 660 mmor.
312 599 374 677 11.]
641 596 839 659 HISTORIA
863 593 1164 659 olrnounrlca
1556 597 1617 660 ³03

196 742 312 808 nostro
332 753 439 829 quam
461 729 607 806 ecclesie
620 731 863 823 Massiliensis,
885 732 1080 828 specialiter
1097 733 1335 808 renuntiantes
1354 729 1524 808 beneficio
1544 756 1617 808 res·

196 858 365 933 titutionis
391 856 428 930 in
458 857 650 950 integrum,
674 857 876 931 confitentes
898 859 1055 954 predicta
1078 859 1195 933 omnia
1221 867 1256 933 ct
1281 858 1420 953 singula
1445 860 1534 933 lacta
1555 880 1618 955 pro

197 985 345 1059 utilitate
367 983 512 1058 ecclesie
535 983 739 1080 episcopalis
761 983 1004 1078 Massiliensis,
1028 993 1063 1060 ct
1080 984 1126 1059 de
1146 983 1203 1059 his
1224 984 1388 1058 omnihus
1411 983 1619 1059 mandamus

197 1109 269 1184 dun
293 1119 355 1183 aut
379 1107 552 1206 presentia
581 1109 723 1206 publica
748 1108 976 1182 instrumenta
1000 1107 1096 1184 hullc
1121 1117 1237 1184 nostre
1261 1108 1454 1182 munimine
1482 1109 1620 1205 singula

196 1235 362 1310 roborari.

245 1361 370 1435 Actum
390 1369 442 1433 est
461 1360 528 1434 hoc
547 1359 583 1432 in
603 1358 747 1432 ccclesia
765 1360 890 1434 Sancte
910 1359 1018 1433 Maris
1039 1358 1084 1433 do
1105 1357 1233 1432 Accuis
1247 1355 1312 1456 (l),
1332 1359 1369 1432 in
1388 1359 1562 1456 presentia
1583 1369 1619 1434 et

198 1487 392 1562 testimonio
408 1484 543 1558 Girardi
560 1485 679 1576 Peleti,
701 1483 837 1559 Girardi
854 1483 1011 1577 Amaldi,
1029 1482 1146 1558 Albini
1161 1485 1206 1559 dc
1222 1483 1425 1579 vintimilio,
1442 1484 1532 1560 Petri
1551 1487 1618 1559 Bo-

196 1614 334 1706 nilacii,
358 1610 529 1686 Gnidonis
551 1611 731 1704 Dalmalii,
752 1611 932 1685 Bertrandi
953 1609 1132 1703 Dalmatii,
1157 1609 1346 1684 Bremundi
1369 1610 1414 1686 dc
1435 1610 1615 1706 Mazalgis,

197 1739 375 1813 Bertrandi
394 1733 549 1826 Berardi,
570 1737 725 1812 Ianuarii
743 1735 916 1810 Gnillelmi
933 1738 979 1812 de
991 1738 1216 1828 Bellomonte,
1232 1735 1396 1832 Rostagui
1414 1746 1449 1810 et
1467 1738 1556 1811 Petri
1573 1737 1619 1812 de

197 1864 351 1937 lllnlconc
365 1861 592 1955 notariorum,
608 1872 642 1936 et
652 1862 721 1936 mei
734 1861 888 1936 Gautcrii
900 1861 1077 1958 scriptoris
1091 1861 1224 1960 publici
1242 1861 1366 1937 notarii
1378 1861 1614 1956 Massiliensis,

198 1988 258 2084 qui
285 1987 450 2061 mundato
478 1996 513 2061 et
537 1996 661 2083 rogatu
689 1987 822 2061 domini
851 1987 976 2086 prelati
1003 1985 1197 2088 [episcopi]
1232 1997 1267 2061 et
1297 1988 1430 2062 domini
1450 1989 1616 2087 prepositi

198 2122 233 2187 et
251 2114 384 2188 domini
406 2113 584 2188 sacristani
609 2120 645 2188 et
667 2112 813 2187 aliorum
833 2113 1080 2187 canonicorum
1101 2112 1462 2210 supranominatorum
1484 2124 1519 2188 et
1533 2135 1618 2212 pro-

199 2237 369 2312 dictorum
390 2247 562 2312 rectorum
583 2237 818 2312 universitatis
843 2237 1000 2335 predicte
1022 2238 1113 2312 hanc
1140 2238 1294 2312 chartam
1315 2237 1436 2334 scripsi
1457 2247 1494 2312 ct
1517 2239 1617 2334 signo

199 2383 276 2436 meo
293 2363 442 2459 signavi.

246 2487 302 2562 Ad
325 2489 431 2584 hujus
453 2497 569 2562 nutem
593 2498 709 2563 nostre
736 2489 1003 2564 confirmationis
1023 2489 1224 2566 memoriam
1247 2497 1281 2564 et
1305 2491 1413 2563 robur
1435 2489 1471 2563 in
1495 2512 1619 2588 perpe·

198 2625 296 2689 tunm
320 2615 507 2689 valiturum
533 2623 728 2711 presentem
753 2621 882 2689 cartam
908 2615 1015 2690 scribi
1039 2625 1074 2690 et
1091 2615 1188 2690 bulla
1211 2637 1316 2689 aurea
1341 2615 1476 2712 typario
1502 2626 1618 2691 nostre

199 2741 386 2835 majestatis
402 2740 569 2838 impressa
581 2740 752 2834 jussimus
771 2739 991 2834 communiri,
1011 2761 1117 2832 anno,
1142 2761 1261 2814 mense
1275 2748 1311 2812 et
1329 2738 1519 2816 indictione
1534 2742 1618 2815 suh·

198 2865 346 2962 scriptis.
419 2861 420 2864 '

246 2994 372 3064 Datum
394 2991 528 3088 Capuc,
557 3013 649 3065 anno
675 2990 850 3065 dominice
874 2990 1122 3065 incarnationis
1146 2991 1194 3067 Μο
1218 2991 1281 3065 CC⁰
1304 2991 1471 3066 vicesimo
1496 2994 1615 3087 tertio,

197 3137 317 3190 mense
329 3117 511 3210 februarii,
525 3115 710 3190 undecimo
725 3116 939 3209 indictionis,
953 3117 1146 3215 imperante
1157 3115 1298 3192 domino
1314 3125 1430 3192 nostro
1445 3118 1620 3194 Friderioo

198 3240 353 3315 secundo
365 3242 429 3315 Ilei
447 3241 556 3337 gratia
570 3241 797 3316 invictissimo
812 3243 1046 3317 Romanorum
1071 3243 1293 3340 imperatore,
1312 3265 1450 3340 semper
1471 3254 1620 3338 augusto

198 3377 234 3441 et
249 3389 333 3462 rege
350 3367 483 3460 Sicilie,
505 3389 597 3441 anno
613 3367 758 3442 Romani
777 3367 913 3467 imperii
937 3369 1014 3462 ejus
1029 3369 1147 3463 tertio,
1165 3369 1265 3465 regni
1282 3390 1367 3444 vero
1388 3370 1504 3445 Sicilie
1519 3372 1619 3446 vicc-

198 3493 287 3565 simo
304 3492 442 3588 quinto,
464 3493 619 3567 feliciter.
636 3492 761 3568 Amen.

253 4147 487 4258 Fridericus,
507 4149 769 4235 Romanorum
796 4151 1022 4262 imperator,
1047 4154 1277 4237 monasterio
1305 4154 1465 4239 Sanctae
1480 4155 1620 4244 Mariae
1673 4187 1801 4296 refuge

199 4281 338 4367 Montis
352 4283 521 4396 Virginis
534 4284 735 4370 confirmat
752 4287 883 4371 omnia
905 4313 1004 4398 qnae
1026 4313 1073 4370 ex
1100 4288 1342 4373 concessione
1370 4291 1554 4376 comitum
1582 4306 1621 4380 et
1678 4297 1795 4341 esem.

198 4415 389 4512 baronum
414 4418 586 4504 Gisnnldi
607 4445 678 4504 uec
699 4446 778 4504 non
800 4429 838 4504 et
860 4417 1050 4506 baronum
1072 4421 1203 4506 Petrae
1217 4422 1396 4509 Prdcinae
1411 4426 1560 4510 eidem
1549 4455 1619 4512 rn-

238 4763 275 4840 (t)
294 4765 379 4826 llcdic
396 4767 469 4826 dictu
488 4767 870 4830 Nurennmeteslcconto.
