4292 5894
556 523 618 586 390
1057 521 1272 588 salnaatct
1297 525 1473 590 sactum
1786 529 1867 612 [dn.
1886 533 1967 596 lm
2114 554 2115 561 ¹

558 662 691 738 notario
708 659 859 733 scribare
877 659 1114 756 precepimus,
1135 683 1228 738 auno
1243 661 1419 740 druriuioe
1441 665 1685 741 incarnationis
1704 667 1888 746 millesimo
1905 693 1971 748 no-

557 787 737 884 nagesimo
755 785 875 874 tertio,
900 784 1089 861 indictione
1102 788 1136 878 l,
1157 787 1315 864 kalendis
1331 791 1463 887 aprilis.
1483 829 1534 846 -
1548 791 1623 887 Ego
1637 793 1805 888 bogariae
1818 795 1910 870 dux.
1928 837 1969 852 ·-

556 915 632 1010 Ego
646 913 816 986 liebertus
832 907 925 986 filius
941 912 1079 986 lloberti
1094 910 1208 988 ducis.
1228 953 1280 970 —
1295 915 1370 1011 ligo
1386 915 1584 993 Formundo
1599 915 1646 992 de
1661 917 1827 992 Rusiano.
1840 959 1892 974 -
1901 920 1972 1016 ltgo

557 1040 798 1115 blelinostoua.
812 1077 863 1094 ·-
875 1037 949 1132 Ego
970 1036 1123 1112 Marinus
1146 1039 1334 1136 imperialis
1355 1043 1519 1138 magister
1542 1049 1648 1138 atque
1667 1043 1822 1138 stratigo.
1837 1081 1891 1100 —-
1902 1045 1972 1140 Ego

555 1164 759 1240 Balduiuus.
780 1203 823 1216 -··
837 1163 912 1257 llgo
929 1161 1122 1236 lticbardus
1136 1161 1229 1238 iilius
1241 1164 1403 1239 Tnstain.

608 1292 647 1364 lu
671 1289 811 1363 nomine
837 1297 956 1362 sancte
980 1297 1016 1362 et
1039 1287 1222 1364 individuo
1248 1289 1437 1364 Trinitatis.
1464 1289 1667 1364 Guillelmus
1692 1289 1814 1368 divina
1837 1295 1973 1368 tarenta

559 1415 740 1491 clementia
755 1414 845 1502 dux,
861 1414 998 1510 Rogerii
1011 1413 1151 1507 gloriosi
1168 1413 1270 1490 ducis
1284 1414 1384 1490 beree
1401 1424 1437 1490 et
1452 1413 1557 1490 lilius.
1572 1416 1643 1490 Nos
1657 1415 1703 1490 ab
1716 1417 1876 1492 omnium
1888 1439 1972 1494 cou-

558 1541 669 1617 ditore
684 1551 720 1614 et
735 1541 965 1636 gubernatore
981 1539 1107 1636 diguus
1129 1539 1307 1616 meoades
1322 1539 1498 1614 eredimus
1512 1549 1734 1638 accepturas,
1751 1542 1782 1614 si
1795 1542 1925 1617 sanctis
1940 1555 1973 1616 ct

557 1665 817 1740 venerabilibus
840 1663 925 1737 locis
949 1685 1069 1738 curam
1095 1661 1368 1761 impenderimus
1389 1674 1425 1741 et
1447 1664 1545 1760 quod
1570 1666 1616 1740 ab
1641 1687 1762 1740 εοτιιω
1784 1667 1971 1740 cultoribus

558 1789 720 1890 postulati
749 1789 879 1862 luimus
900 1789 992 1862 bono
1017 1797 1053 1864 et
1067 1789 1203 1864 siucero
1223 1790 1340 1864 animo
1358 1789 1611 1884 prebuerimus.
1641 1791 1695 1864 Ob
1715 1811 1869 1866 amorem
1893 1812 1970 1887 ergo

555 1918 648 2009 regis
663 1915 798 1988 celestis
815 1934 878 2011 par
897 1935 1004 2010 quem
1021 1914 1242 1989 subsistimus
1262 1923 1299 1990 et
1321 1936 1526 2011 regnamus,
1544 1924 1684 2012 propter
1699 1915 1967 2013 redemption-

556 2043 661 2118 etiam
684 2039 878 2113 animarum
895 2037 1086 2136 supradicti
1101 2039 1207 2135 patris
1221 2040 1291 2114 mei
1306 2049 1341 2114 at
1355 2040 1414 2116 avi
1435 2040 1505 2116 mei
1526 2040 1666 2115 Robcrti
1681 2039 1857 2136 magnifici
1873 2039 1969 2116 ducis

559 2169 776 2262 aliorumque
792 2174 988 2240 nostrorum
1004 2172 1208 2261 pareutum,
1225 2163 1289 2240 sad
1303 2175 1340 2238 et
1355 2173 1495 2262 propter
1508 2174 1659 2240 nuaram
1673 2165 1833 2259 mutem,
1850 2173 1969 2262 postu-

557 2291 746 2368 lationibus
767 2288 1093 2386 domini'druulpbi
1115 2289 1322 2364 venerabilis
1337 2289 1588 2387 archiepiscopi
1604 2289 1755 2366 civitatis
1772 2297 1888 2364 nostre
1903 2289 1967 2362 Cn·

556 2416 667 2492 sentie
690 2415 796 2508 digne
818 2433 922 2487 aures
941 2411 1207 2486 accomodantes
1232 2412 1456 2488 concedimus
1476 2423 1512 2486 et
1536 2434 1597 2508 per
1618 2411 1684 2486 boc
1707 2421 1823 2486 nostre
1839 2413 1968 2486 ducalis

556 2538 735 2639 potestatis
751 2536 905 2633 sigillum
925 2535 1172 2611 confirmamus
1187 2535 1333 2611 ecclesia
1349 2535 1386 2610 iu
1406 2535 1573 2610 bonorem
1591 2535 1655 2610 Dei
1673 2535 1848 2631 gemblus
1864 2535 1968 2610 llario

557 2666 741 2741 constitute
764 2663 802 2736 iu
818 2663 942 2739 eadem
960 2661 1101 2736 civitate
1118 2661 1280 2736 Cossutio
1299 2670 1336 2734 et
1357 2659 1474 2736 eidem
1496 2659 1638 2736 domino
1655 2659 1838 2760 Aruulpbo
1856 2683 1967 2736 vene-

556 2791 656 2866 rabili
681 2788 939 2884 archiepiscopo
965 2787 1112 2882 ajusque
1138 2785 1396 2860 successoribus
1419 2786 1455 2858 iu
1484 2795 1691 2884 perpetuam
1714 2785 1914 2862 babendum
1935 2797 1969 2862 et

556 2912 807 3012 possidendum
831 2912 868 2984 iu
892 2921 1100 3008 perpetuum
1124 2909 1295 3006 quicquid
1323 2910 1545 3008 supradictus
1577 2918 1673 3006 pater
1697 2931 1797 2984 meus
1825 2912 1866 2984 a.
1895 2911 1968 2985 dux

557 3040 673 3115 eidem
686 3036 880 3112 ecclesiast
899 3036 966 3133 ipsi
979 3035 1240 3132 archiepiscopo
1253 3035 1399 3131 suisque
1410 3035 1584 3132 prioribus
1596 3033 1864 3132 archiepiscopis
1876 3034 1970 3111 dedit

558 3175 593 3240 et
613 3185 716 3238 sunm
741 3183 803 3259 par
828 3160 982 3256 sigillum
1009 3160 1179 3251 firmarit,
1205 3160 1337 3236 sedicet
1358 3182 1479 3236 omnes
1498 3159 1744 3235 decimationes
1768 3160 1967 3235 monalium

556 3299 591 3364 et
619 3288 808 3364 bestiarum
835 3295 1082 3361 nostrorumst
1102 3307 1224 3361 omnes
1248 3285 1411 3360 eoelcsias
1432 3283 1544 3384 ipsius
1564 3285 1871 3382 episcopatusque
1887 3285 1968 3360 dio-

556 3416 645 3491 cesis
670 3414 740 3509 juri
767 3413 937 3510 pertinent
961 3433 1040 3486 cnm
1064 3411 1275 3508 presbyteris
1305 3419 1376 3486 tam
1403 3411 1520 3486 Grecis
1542 3433 1649 3507 quam
1677 3409 1808 3484 latinis
1830 3420 1866 3486 et
1892 3433 1968 3484 cnm

555 3541 719 3616 omuibus
739 3537 844 3612 robus
865 3537 917 3612 eis
936 3538 1191 3635 pertinentibus
1209 3545 1245 3612 et
1268 3536 1349 3612 filiis
1371 3547 1476 3633 atque
1493 3535 1744 3613 hereditatibus
1765 3557 1909 3629 eorum;
1925 3537 1968 3612 do

555 3663 744 3740 Montioiuo
766 3683 908 3758 quoqne
930 3670 966 3737 et
988 3663 1064 3756 ejus
1082 3663 1299 3760 pertinentiis
1317 3663 1478 3737 similiter
1497 3662 1561 3736 tibi
1580 3663 1816 3740 concedimus.
1843 3663 1968 3737 Conce-

555 3791 672 3866 dimus
694 3788 799 3862 ctiam
824 3787 888 3862 tibi
911 3796 1054 3862 cunctas
1076 3788 1171 3883 leges
1196 3787 1419 3886 spiritualiter
1438 3788 1505 3862 tibi
1526 3788 1734 3884 pertinentes
1753 3791 1835 3884 jure
1858 3788 1968 3864 accle-

555 3913 915 3992 siusticoetdecimas
933 3913 1124 3988 solidorum
1142 3911 1188 3987 dc
1204 3912 1347 4007 judiciis
1362 3913 1527 3992 videlicet
1543 3935 1586 3989 ac
1598 3912 1738 3988 tributis
1753 3913 1967 4011 saudequi·
2121 3947 2122 3982 ι

554 4043 772 4134 buscamque
796 4045 914 4112 nostro
932 4039 1004 4130 juri
1020 4037 1273 4134 pertinentibus
1295 4039 1426 4116 scilicet
1441 4038 1610 4134 jamdicta
1633 4039 1803 4134 civitatis,
1818 4040 1921 4113 atium
1934 4049 1967 4112 et

555 4166 600 4242 de
621 4165 755 4263 plateis.
775 4165 847 4238 Hoc
863 4161 982 4258 itaque
997 4162 1115 4238 omnia
1135 4163 1226 4236 sium
1241 4185 1347 4260 supra
1363 4164 1490 4260 scripta
1503 4172 1587 4238 snut
1606 4165 1656 4239 ita
1671 4164 1735 4238 tibi
1749 4164 1966 4240 concedimus
2121 4189 2122 4280 }

555 4301 589 4367 et
607 4289 851 4364 confirmamus
866 4295 905 4360 ut
919 4287 1014 4360 omni
1029 4297 1182 4384 tempore
1199 4287 1298 4362 firma
1314 4298 1350 4363 et
1365 4289 1572 4364 inconcussa
1586 4298 1828 4387 parmaneant,
1844 4309 1966 4386 quern·

555 4412 745 4490 admodum
760 4410 948 4506 jsmdictus
969 4421 1066 4508 pater
1092 4433 1192 4486 meus
1216 4411 1279 4486 tibi
1303 4411 1403 4488 dedit
1418 4423 1455 4487 et
1473 4433 1658 4510 persuum
1678 4415 1832 4510 sigillum
1855 4412 1966 4486 firma·

556 4540 620 4615 vit.
648 4539 805 4612 Preterea
832 4558 895 4634 pro
924 4535 1161 4635 redemptione
1192 4537 1386 4612 animarum
1417 4537 1608 4636 supradicti
1642 4543 1750 4637 putris
1775 4540 1845 4614 mei
1879 4539 1966 4612 boue

554 4661 720 4739 memorio
731 4670 768 4734 et
785 4660 843 4735 avi
863 4661 931 4735 mei
950 4671 1056 4757 atque
1073 4662 1219 4737 aliorum
1238 4670 1433 4738 nostrorum
1452 4672 1634 4758 parentum
1651 4672 1687 4738 et
1700 4685 1763 4762 pro
1775 4672 1892 4738 nostm
1906 4683 1965 4737 sa-
