4296 5898
1014 577 1229 662 releuaret
1253 576 1427 639 securo!
1738 570 1818 657 [Aer.
1837 571 1922 634 1221.

719 877 1042 892 *mun-—
1049 881 1069 888 ..
1087 881 1097 888 n

393 1241 421 1272 ω,
437 1241 472 1284 n,
563 1165 797 1272 Fridericus,
821 1164 1083 1249 Romanorum
1099 1165 1321 1274 imperator,
1337 1161 1538 1246 conventui
1553 1161 1732 1269 Cavensi,
1747 1161 1923 1245 Balsamo

353 1291 382 1324 '¹¹
400 1295 421 1326 ⁰·
510 1297 639 1383 abbati
657 1310 695 1383 et
713 1297 993 1382 successoribus
1014 1295 1097 1409 ejus
1115 1297 1312 1382 universas
1334 1295 1588 1403 obedientias,
1603 1306 1747 1403 casua,
1762 1296 1920 1402 casalia,

508 1433 699 1541 homines,
718 1433 995 1543 possessiones,
1015 1431 1222 1514 tenimenta
1235 1440 1274 1514 ct
1290 1454 1555 1542 quaecumque
1576 1429 1652 1513 alia
1674 1456 1773 1541 quae
1786 1456 1809 1512 a
1822 1440 1923 1512 tem-

508 1567 667 1677 poribus
683 1567 1015 1678 praedecessorum
1045 1591 1204 1650 suorum
1226 1591 1349 1675 usque
1378 1565 1428 1647 ad
1449 1563 1598 1648 obitum
1613 1563 1714 1676 regis
1733 1563 1919 1649 Guilielmi

509 1702 665 1786 secundi
679 1701 782 1813 juste
799 1710 1017 1807 tenuerunt,
1029 1699 1201 1784 concedit
1217 1708 1255 1782 et
1266 1707 1448 1810 perpetuo
1465 1697 1679 1781 confirmat.

589 1915 704 1997 (lnedtt
719 1919 752 1977 tn
765 1916 885 1978 Archiv.
898 1922 1023 1978 monast
1036 1917 1173 1991 cni-eus,
1183 1915 1307 1976 Μαι
1319 1915 1405 1976 Mure.
1415 1932 1435 1976 u
1445 1913 1565 1995 Capua,
1574 1921 1644 1977 tom.
1657 1913 1759 1989 11,ror.
1774 1924 1841 1990 tte,
1851 1915 1916 1977 coll.

627 2040 696 2086 cum
709 2023 841 2086 authent
856 2029 1043 2103 transumpto
1056 2025 1240 2102 tnpsrgam,
1253 2020 1336 2099 ibid,
1352 2039 1425 2084 arm
1441 2022 1485 2098 tr,
1496 2032 1530 2084 n·
1546 2031 1595 2098 17,
1610 2025 1782 2099 umato)

556 2211 753 2286 Fridericus
773 2211 835 2286 Dei
858 2211 967 2306 gratia
992 2212 1222 2285 Romanorum
1239 2211 1436 2307 imperator,
1452 2232 1587 2307 semper
1610 2221 1780 2306 augustus
1801 2221 1835 2286 et
1858 2233 1920 2286 rex

505 2336 633 2410 Sicilie.
649 2335 793 2422 Quoties
811 2336 954 2410 obtentu
973 2337 1115 2433 superni
1132 2336 1285 2410 numinis
1301 2335 1348 2409 ad
1365 2335 1587 2409 ecclesiarum
1602 2345 1637 2410 et
1650 2337 1802 2410 locorum
1816 2358 1921 2410 rene-

505 2461 667 2536 rabitium
692 2463 806 2536 cultus
821 2462 940 2536 ocutos
958 2471 1077 2536 nostre
1100 2462 1333 2535 convertimus
1347 2459 1501 2559 pietatis,
1518 2460 1566 2534 ad
1583 2461 1736 2557 potentie
1754 2470 1789 2534 et
1805 2461 1921 2533 subli-

504 2585 633 2659 mitatis
651 2587 831 2660 cumulum
847 2585 1035 2682 imperialis
1053 2586 1230 2683 potestatis
1250 2587 1362 2660 virtus
1378 2585 1523 2680 erigitur
1544 2595 1581 2661 et
1601 2585 1790 2678 majestatis
1805 2595 1921 2660 nostre

504 2711 629 2784 solium
647 2709 751 2784 altius
767 2711 961 2786 decoratur.
969 2709 1055 2784 lnde
1070 2719 1123 2784 est
1140 2708 1237 2805 quod
1249 2731 1331 2783 cum
1345 2719 1384 2783 tu
1401 2711 1570 2800 Balsama,
1588 2710 1797 2786 uenerabilis
1812 2711 1921 2785 abbas

505 2834 670 2909 Curensis
695 2835 911 2927 monasterii,
933 2832 1048 2909 tidelis
1073 2845 1201 2928 noster,
1225 2857 1288 2932 per
1305 2837 1443 2908 tratrem
1469 2835 1625 2930 Sergium
1654 2834 1863 2908 monachum
1885 2843 1920 2908 et

507 2959 668 3032 nuntium
691 2969 789 3031 tuum
813 2958 1011 3032 celsitudini
1038 2969 1154 3034 nostre
1176 2959 1352 3034 humiliter
1373 2960 1625 3057 supplicaveris
1649 2968 1688 3033 ut
1710 2958 1824 3033 eidem
1844 2982 1919 3034 mo·

508 3082 657 3157 nasterio
682 3083 865 3156 universae
890 3081 1130 3172 obedientias,
1149 3092 1282 3175 castra,
1303 3085 1452 3176 casalia,
1471 3083 1647 3176 homines,
1664 3085 1914 3181 possessiones,

507 3207 694 3281 tenimenta
714 3216 750 3280 et
776 3227 1018 3302 quaecumque
1038 3208 1106 3282 alia
1127 3207 1221 3280 idem
1253 3209 1501 3282 monasterium
1530 3209 1743 3305 temporibus
1766 3210 1919 3282 felicium

507 3353 629 3427 regum
660 3330 942 3429 predecessorum
970 3342 1163 3405 nostrorum
1190 3355 1302 3428 usque
1332 3332 1378 3407 ad
1407 3333 1539 3407 obitum
1568 3335 1661 3430 regis
1690 3331 1864 3408 Guilielmi
1890 3336 1919 3410 ll

507 3456 616 3532 teli-cis
630 3455 794 3530 memorie
807 3458 901 3550 juste
914 3465 949 3530 et
963 3457 1210 3532 rationabiliter
1227 3457 1381 3532 noscitur
1394 3458 1567 3556 tenuisse,
1581 3457 1773 3532 concedere
1786 3468 1821 3533 et
1837 3481 1921 3534 con-

507 3580 643 3655 firmare
667 3581 712 3657 de
738 3591 853 3656 nostra
875 3583 985 3677 gratia
1012 3581 1253 3677 dignaremur3
1278 3605 1342 3656 noe
1363 3583 1431 3680 piis
1451 3583 1616 3680 operibus
1637 3583 1919 3680 predecessorum

505 3717 699 3781 nostrorum
722 3707 989 3782 misericorditer
1010 3707 1168 3782 inherere
1188 3709 1343 3782 volentes
1364 3718 1400 3782 et
1414 3708 1631 3784 attendentes
1651 3710 1779 3781 tamam
1797 3708 1919 3784 lauda·

504 3831 626 3926 bdem,
647 3839 764 3907 sancte
789 3829 966 3927 religionis
986 3833 1118 3905 cultum
1139 3841 1174 3915 et
1193 3833 1251 3929 pie
1271 3833 1541 3908 conversationis
1560 3833 1775 3931 propositum
1790 3834 1920 3930 quibus

504 3979 640 4054 semper
656 3959 779 4033 claruit
795 3957 1042 4033 monasterium
1059 3958 1191 4054 ipsum,
1207 3959 1334 4032 intuitu
1352 3959 1587 4034 retributionis
1600 3968 1717 4032 eterno
1734 3967 1769 4032 et
1790 3981 1854 4056 pro
1869 3982 1919 4033 re

505 4083 620 4158 medio
649 4084 843 4158 animarum
870 4082 1032 4156 divorum
1063 4090 1291 4177 augustorum
1321 4092 1503 4179 parentum
1534 4092 1730 4156 nostrorum
1754 4085 1919 4158 memorie

505 4206 685 4281 mcolende
702 4228 767 4281 nec
784 4229 853 4281 non
877 4216 912 4280 et
928 4227 992 4304 pro
1008 4205 1268 4280 conservatione
1288 4206 1397 4301 glorie
1410 4217 1445 4281 et
1461 4205 1582 4280 salutis
1605 4216 1720 4281 nostro
1738 4217 1773 4280 et
1792 4218 1830 4279 ut
1850 4210 1920 4280 tuis

504 4341 539 4404 et
552 4340 689 4404 tuorum
705 4331 849 4405 fratrum
864 4329 960 4429 apud
978 4332 1190 4424 majestatem
1209 4330 1364 4405 divinam
1380 4331 1510 4405 meritis
1526 4341 1560 4404 et
1582 4331 1757 4426 suffragiis
1774 4333 1921 4427 adjuve-

504 4477 595 4542 mur,
614 4454 660 4528 de
673 4463 836 4529 consueta
851 4455 989 4551 pietatis
1003 4464 1118 4528 nostre
1135 4455 1243 4550 gratia
1260 4455 1415 4552 predicto
1429 4457 1649 4549 monasterio,
1660 4457 1737 4545 tibi,
1757 4454 1920 4531 tratribus

505 4585 540 4650 ct
564 4579 821 4652 successoribus
847 4578 916 4652 tuis
939 4580 1122 4653 universas
1145 4579 1375 4668 obedieutiae,
1404 4590 1535 4672 castra,
1567 4581 1712 4674 casalia,
1738 4582 1918 4671 homiues,

506 4701 749 4795 possessiones,
760 4703 951 4776 tenimenta
962 4711 996 4776 et
1006 4724 1226 4799 quecumque
1236 4703 1305 4779 alia
1317 4705 1392 4778 eive
1404 4703 1703 4782 dedemaniosive
1713 4705 1760 4780 dc
1770 4707 1921 4781 servitiis
