4292 5894
195 561 374 638 misia]
640 551 840 617 ursrorm
862 549 1153 614 nrauounmcn
1454 523 1459 538 '
1547 545 1604 611 tur

195 693 349 772 marchio
377 689 641 782 blontieierrati,
668 685 1041 788 Diupcldns'marolnio
1070 687 1116 762 de
1141 683 1391 778 Vobenburcb,
1420 684 1608 760 Roinaldns

196 818 273 892 dux
293 817 441 916 Spoleti,
460 814 643 890 bertoldus
663 818 768 889 irater
782 815 879 908 ejus,
895 812 1078 900 Heinricns
1093 831 1210 888 comes
1227 810 1274 884 de
1287 808 1487 901 Euaretein,
1504 810 1609 884 Hein-

196 943 290 1018 ricus
306 961 422 1016 comes
438 940 485 1015 de
502 937 917 1030 Hortesbcrob,'·sitridue
933 956 1049 1013 comes
1064 938 1110 1012 dc
1128 937 1280 1025 vienne,
1303 934 1522 1010 Hermannus
1537 955 1610 1010 nra·

197 1067 303 1163 giam
320 1066 447 1140 domne
463 1066 745 1158 turonicorum,
762 1074 798 1138 et
818 1063 877 1138 alii
896 1064 1120 1160 quamplures
1137 1071 1209 1136 tem
1231 1056 1367 1158 imperii
1383 1078 1490 1157 quam
1511 1054 1609 1156 regni

197 1201 390 1286 wlff·
554 1201 557 1210 '
981 1195 984 1205 ⁴

246 1317 392 1410 Signum
410 1314 542 1388 domini
562 1312 726 1388 Friderioi
742 1311 960 1386 invictissimi
975 1313 1204 1388 Romanorum
1222 1310 1453 1408 imperatoris,
1473 1329 1609 1408 semper

199 1441 336 1536 augusti
351 1450 386 1514 et
399 1439 491 1534 regis
506 1434 1008 1535 Sicilie(Moaoprcmmc.)(t).
1042 1438 1045 1448 '
1100 1434 1103 1438 ’

197 2045 203 2054 -
252 1991 477 2100 liridericus,
490 1995 751 2082 Romanorum
764 1996 985 2106 imperator,
1002 1983 1217 2080 Coloniensi
1238 1995 1535 2106 archiepiscopo,
1550 1996 1613 2080 cui
1645 2027 1804 2131 ‘iffi'

200 2128 396 2212 ecclesiam
414 2127 515 2212 beati
534 2127 692 2212 Seruatii
707 2129 811 2238 apud
829 2119 1044 2240 Trejectum
1062 2131 1384 2212 manutenendam
1401 2131 1611 2239 commisit,

200 2263 358 2345 mandat
370 2273 413 2346 ut
425 2261 600 2345 eamdem
612 2261 770 2344 inducat
782 2263 821 2344 in
837 2261 1071 2374 corporalem
1085 2263 1361 2374 possessionem
1374 2291 1483 2348 areae
1495 2249 1612 2376 quam

201 2406 432 2479 memoratae
449 2393 628 2479 ecclesiae
645 2395 844 2479 concessit.

279 2609 402 2688 (lnedlt.
417 2625 455 2671 cx
473 2608 601 2670 chartul.
623 2607 657 2671 S.
670 2607 785 2670 Somni.
800 2609 833 2670 ln
850 2608 987 2670 Bibliotb
1002 2623 1065 2689 reg.
1081 2607 1189 2684 Par-la,
1202 2615 1277 2671 tom.
1296 2609 1345 2684 11,
1359 2608 1382 2670 l.
1403 2617 1440 2671 tt
1454 2615 1546 2690 recto,
1559 2609 1613 2673 nbl

320 2715 397 2778 mele
408 2715 515 2794 legitur
527 2711 757 2790 dedicandae.)

250 2903 450 3010 Frederious
472 2901 536 2975 Dei
559 2900 671 2996 gratia
694 2900 1140 3003 Romanorumimperator,
1159 2924 1296 3000 semper
1313 2911 1482 2998 angustus
1498 2913 1535 2977 et
1548 2925 1612 2978 rex

201 3027 329 3120 Sicilie,
344 3025 533 3101 venerabili
549 3025 744 3100 Coloniensi
762 3024 1034 3124 archiepiscopo,
1050 3025 1144 3102 fideli
1160 3027 1308 3124 principi
1325 3049 1403 3122 suo,
1420 3028 1566 3102 salutem
1579 3039 1615 3104 et

201 3174 304 3227 omne
324 3153 468 3226 bonum.
491 3151 578 3223 Cum
598 3135 780 3226 ecclesiam
800 3128 892 3226 beati
911 3151 1059 3242 servatii
1078 3151 1175 3250 apud
1196 3153 1387 3245 Traiectum
1403 3176 1509 3249 quam
1531 3175 1615 3250 spe-

201 3277 281 3351 ciali
308 3278 461 3376 quadem
483 3276 702 3374 prerogativa
730 3276 928 3370 diligimus,
954 3277 1156 3351 auctoritate
1183 3285 1298 3351 nostra
1323 3275 1614 3351 manutenendam

202 3402 266 3476 tibi
290 3402 543 3494 commisimus,
569 3401 745 3475 dilectioni
768 3412 827 3475 tue
846 3401 1065 3497 presentibus
1083 3401 1204 3474 litteris
1221 3402 1428 3510 mandamus
1444 3413 1616 3498 quatenus

196 3603 275 3637 ιβ

206 3712 344 3772 »Senem
357 3718 386 3769 et
399 3711 574 3771 universitate
585 3709 713 3782 Senensi,
725 3708 936 3768 monebas
949 3707 1052 3783 argenti
1065 3709 1100 3767 ad
1112 3709 1219 3784 pondos
1230 3715 1259 3769 et
1268 3711 1406 3770 merebam
1415 3711 1614 3784 coloniensem,

206 3797 226 3864 ι’
234 3827 287 3886 que
297 3797 434 3870 debebant
447 3809 555 3870 domino
570 3807 716 3884 Fredcrlgo
731 3807 885 3884 imperatori
897 3805 964 3866 solvi
976 3808 1004 3865 in
1017 3800 1077 3865 istie
1085 3801 1220 3882 'proximis
1233 3804 1355 3868 kalendis
1367 3809 1449 3867 madii
1460 3827 1509 3885 pro
1521 3825 1614 3882 eonem

205 3897 261 3968 »et
273 3897 399 3985 promitto
414 3911 492 3968 robis
505 3910 557 3968 sub
568 3926 640 3985 pena
650 3906 726 3984 dupli
738 3895 865 3967 dedistis
877 3904 953 3965 Lxx
965 3903 1084 3965 marchis
1096 3923 1147 3983 pro
1161 3907 1213 3966 boc
1224 3921 1295 3966 enno
1310 3909 1391 3966 micbi
1403 3909 1499 3967 solutis
1512 3925 1561 3984 per
1573 3925 1617 3968 me

206 4007 277 4066 »rel
294 4024 343 4083 per
360 4008 441 4066 aliurn
461 4006 564 4066 nullam
581 4007 655 4064 litem
680 4007 724 4065 rel
742 4005 930 4080 repetitionem
948 4003 993 4062 vel
1012 4003 1116 4078 brigein
1135 4004 1223 4063 lucere
1245 4021 1296 4064 nec
1316 4021 1439 4078 morere,
1459 4006 1619 4066 renuntians

198 4125 221 4161 n
233 4089 382 4182 exceptioni
394 4123 448 4166 non
460 4105 602 4183 pondmeti
613 4111 642 4164 et
652 4103 738 4163 habiti
752 4103 854 4179 argenti
868 4107 897 4162 et
905 4089 981 4162 'omni
996 4101 1087 4178 legum
1098 4101 1205 4161 auxssio.
1218 4103 1315 4160 llctnm
1329 4101 1416 4173 Senis,
1431 4119 1522 4162 coram
1534 4103 1619 4163 Bone-

205 4203 328 4262 ntaccbe
339 4205 460 4277 Taccbe,
475 4203 607 4262 Bonbetio
620 4201 773 4261 Tomrnesic
787 4201 860 4260 Aviti
878 4199 984 4260 ciuibus
1002 4200 1169 4259 senensibus
1185 4206 1214 4258 et
1232 4200 1340 4260 domino
1358 4201 1475 4275 ilenrigo
1492 4203 1526 4259 de
1545 4199 1618 4262 Cano

205 4320 220 4356 s
233 4301 398 4384 Tridentino,
412 4304 509 4362 comite
518 4303 615 4378 Arrige
626 4302 661 4360 de
672 4301 793 4374 Ubtiltie,
806 4301 918 4360 domino
929 4299 1055 4359 sertum
1068 4299 1102 4358 de
1113 4301 1231 4374 Venega,
1244 4299 1352 4358 domino
1361 4301 1442 4359 Petro
1452 4300 1487 4359 de
1497 4301 1617 4362 llalusoe

205 4398 384 4474 »jaspios
396 4406 426 4458 u
438 4401 532 4475 urago
547 4399 693 4458 emenso
705 4382 810 4457 romu
827 4385 948 4474 spatopr
964 4387 1112 4455 sarnam
1130 4395 1257 4456 munus.
1279 4397 1335 4471 ugo
1354 4399 1478 4458 ronna
1496 4401 1617 4462 nomam

204 4515 219 4550 a
235 4497 364 4571 predictis
377 4498 484 4556 interlui
497 4505 526 4557 et
538 4504 633 4572 rogatu
647 4497 713 4556 dicti
726 4497 846 4572 episcopi
858 4495 1008 4554 Tridentini
1020 4494 1118 4570 scripsi
1132 4495 1202 4554 etin
1214 4495 1350 4572 publicem
1362 4497 1475 4556 lormam
1488 4499 1616 4575 redegi.»

241 4593 278 4668 (t)
298 4594 371 4652 licet
383 4581 450 4654 ordo
461 4595 564 4655 lormae
576 4595 605 4653 iu
616 4597 670 4655 boc
681 4595 843 4654 documento
856 4610 872 4653 a
884 4593 962 4654 solite
974 4593 1129 4653 reductione
1143 4593 1275 4665 demut,
1288 4594 1355 4653 nibil
1368 4597 1493 4672 estquod
1508 4597 1619 4658 anthen-

203 4693 548 4768 ttermninnsjmieeer.
983 4679 985 4687 ’
