4368 5876
376 1139 478 1184 Latmul
486 1171 493 1194 ,

360 1197 385 1236 18
400 1195 509 1238 lebrusrll.

1059 571 1271 632 sarnunto!
1299 571 1474 636 saeuum
1784 573 1864 653 [bn.
1884 576 1969 642 1221.

769 843 1545 858 maffia-mn*-
1551 847 1726 858 o—u--n-—nnn
1733 850 1757 858 -u

606 1117 795 1201 Honorius
818 1143 917 1228 papa
936 1118 1104 1202 notificat
1116 1121 1311 1230 quomodo
1325 1119 1507 1201 ducatum
1527 1117 1773 1228 Spoletanum
1788 1118 1969 1226 receperit

551 1264 589 1336 et
614 1252 837 1335 comitatum
863 1253 1056 1336 Matbildis
1078 1253 1244 1336 indebite
1269 1256 1308 1336 in
1333 1279 1475 1364 magna
1493 1263 1601 1362 parte
1623 1261 1850 1361 occupatum
1878 1252 1966 1335 vio-

550 1387 752 1498 lentiisque
771 1385 967 1468 turbatum
992 1387 1065 1470 sub
1086 1387 1276 1470 Ecclesiae
1299 1387 1492 1470 Romanae
1516 1384 1686 1469 dominio
1713 1387 1965 1492 revocaverit,

549 1523 805 1606 consentiente
825 1533 862 1604 et
886 1521 1089 1633 adjuvante
1115 1522 1305 1605 Friderico
1322 1523 1582 1606 Romanorum
1605 1518 1832 1630 imperatore
1858 1518 1966 1630 cujus

547 1657 692 1741 litteras
708 1667 746 1741 et
759 1657 941 1740 mandata
957 1657 1007 1738 ad
1021 1657 1095 1740 boc
1112 1656 1339 1766 pertinentia
1357 1665 1563 1762 memorat3
1579 1655 1632 1736 ita
1654 1665 1699 1737 ut
1719 1663 1843 1738 totum
1866 1651 1965 1736 beati

548 1792 646 1875 Petri
661 1791 935 1902 patrimonium
949 1818 973 1873 a
987 1792 1105 1874 Ponte
1123 1790 1305 1900 Ceperani
1326 1815 1448 1900 usque
1471 1785 1748 1874 Radicolanum
1766 1813 1871 1870 nunc
1886 1813 1963 1896 pa-

546 1925 652 2010 cifice
669 1926 908 2036 disponatur.

626 2142 718 2222 (uult.
734 2159 782 2220 sp.
798 2144 1026 2220 wasnaum,
1040 2143 1109 2204 Noc.
1125 2141 1231 2203 mbstd.
1248 2139 1378 2221 diplom,
1393 2149 1417 2202 t.
1435 2143 1464 2217 Ι,
1483 2159 1513 2219 p.
1530 2151 1585 2217 ⁴8,
1605 2159 1643 2202 ex
1660 2139 1727 2202 eod.
1746 2139 1846 2202 Vstle.
1867 2147 1961 2212 σακε

664 2251 717 2314 scd
729 2253 828 2312 minus
837 2257 926 2312 recte.
937 2252 1128 2313 correximus
1140 2259 1241 2313 sutem
1254 2269 1293 2312 ex
1307 2249 1376 2312 llbr.
1392 2267 1473 2312 cens.
1487 2249 1568 2312 Eccl.
1585 2249 1672 2311 Rom.
1686 2249 1775 2310 Cenc-
1791 2265 1918 2328 camon,
1932 2249 1964 2308 tn

662 2357 805 2420 ltlbllotlr.
819 2358 927 2430 Paris,
942 2356 1016 2418 Aac.
1028 2356 1120 2439 sends
1133 2355 1218 2429 latin,
1233 2367 1267 2418 n·
1284 2355 1390 2436 4188.)

591 2547 762 2620 Honorius
776 2568 880 2642 papa,
898 2555 965 2618 etc.
987 2547 1039 2619 Ne
1056 2568 1170 2621 rerum
1185 2554 1359 2642 gestarum
1372 2544 1538 2618 memoria
1554 2567 1635 2617 cum
1655 2554 1809 2641 tempore
1824 2544 1962 2619 labente

542 2671 679 2746 labatur
693 2681 729 2744 et
742 2672 779 2743 in
791 2672 1002 2744 oblivionem
1021 2671 1174 2744 veritatis
1188 2671 1333 2743 veniens
1346 2677 1494 2764 vagetur
1510 2671 1640 2744 incerta
1657 2671 1687 2742 si
1701 2670 1734 2743 ei
1751 2670 1856 2742 suerit
1874 2669 1961 2742 fides

543 2797 724 2890 adempta,
749 2796 929 2868 inventum
949 2805 1001 2867 est
1024 2795 1274 2866 autenticarum
1302 2794 1494 2868 remedium
1520 2785 1862 2892 scripturarumque
1886 2795 1961 2865 sac-

542 2930 656 2993 torum
668 2927 911 3015 perpetuantes
923 2919 1123 2991 memoriam
1138 2918 1369 2992 indubitatam
1383 2915 1486 2990 fidem
1502 2919 1629 2991 saciant
1643 2919 1798 3009 veritati,
1813 2939 1884 3013 que
1897 2938 1961 2990 sua

543 3050 622 3118 luce
639 3046 830 3117 clarescens
852 3065 922 3116 non
944 3044 1072 3140 patitur
1088 3044 1259 3136 justitiam
1280 3043 1375 3116 salsis
1397 3043 1605 3138 calumpniis
1623 3042 1838 3116 obumbrari.
1861 3041 1961 3114 Unde

543 3170 590 3243 ad
609 3169 848 3242 uuiversomm
865 3167 1020 3240 notitiam
1042 3169 1204 3241 volumus
1220 3166 1403 3264 pervenire
1425 3166 1522 3262 quod
1545 3188 1625 3238 cum
1648 3188 1875 3266 magnopere
1897 3187 1959 3238 eo·

543 3295 684 3368 mitatus
704 3293 876 3366 comitisse
893 3292 1044 3365 Matildis
1065 3293 1127 3389 qui
1147 3293 1294 3366 totaliter
1315 3291 1363 3365 ad
1386 3292 1574 3366 Ecclesiam
1594 3293 1783 3365 Romanam
1810 3291 1959 3388 pertinet

542 3424 644 3518 pleno
665 3422 746 3514 jure
768 3441 790 3490 a
811 3419 929 3489 multis
950 3427 986 3490 et
1003 3418 1108 3491 variis
1131 3418 1287 3513 personis
1310 3416 1520 3490 detineretur
1540 3414 1695 3489 indebite
1718 3424 1905 3510 occupata,
1924 3423 1960 3488 et

541 3557 612 3619 tam
630 3545 725 3618 cives
737 3542 908 3638 Spoletani
926 3565 1032 3636 quam
1052 3543 1125 3614 fere
1139 3551 1230 3613 totus
1247 3540 1396 3613 ducatus
1414 3539 1619 3634 spoletanos
1636 3540 1738 3612 nobis
1758 3540 1955 3612 nullatenus

539 3669 778 3766 responderet;
797 3689 860 3739 nos
877 3666 913 3738 iu
942 3667 1000 3738 illo
1017 3687 1079 3761 sps
1097 3675 1214 3738 nostra
1238 3665 1386 3738 totaliter
1409 3664 1521 3760 posita
1544 3664 1607 3759 qui
1630 3663 1730 3739 adest
1752 3665 1789 3736 in
1811 3665 1956 3738 veritate

540 3793 783 3867 invocantibus
805 3813 930 3864 nomeu
950 3793 1042 3884 ejus,
1063 3811 1264 3885 quanquam
1281 3788 1424 3862 infinitis
1439 3799 1473 3862 et
1488 3789 1609 3862 arduis
1628 3811 1782 3862 essemus
1804 3788 1955 3884 negociis

538 3919 782 3994 inevitabiliter
795 3916 968 4012 occupati,
987 3915 1032 3987 ad
1049 3916 1285 4009 recuperanda
1298 3917 1379 4008 jura
1392 3914 1543 3988 Ecclesia
1559 3915 1705 3988 sollicite
1721 3915 1949 4002 intendentes,

536 4043 727 4119 venerabili
752 4041 848 4115 fratri
872 4049 988 4112 nostro
1005 4039 1154 4110 Ostiensi
1172 4041 1333 4134 episcopo
1359 4049 1442 4111 tunc
1466 4039 1647 4134 legationis
1663 4039 1822 4133 fungenti
1841 4040 1953 4112 officio

537 4172 573 4244 in
593 4169 750 4266 partibus
771 4163 977 4238 lombardie
993 4163 1187 4236 direximus
1209 4163 1335 4258 scripta
1351 4171 1467 4236 nostra
1490 4173 1529 4234 ut
1552 4162 1625 4237 duo
1643 4175 1774 4255 castra,
1793 4164 1955 4238 videlicet

535 4293 741 4367 Medicinam
759 4299 794 4364 et
807 4289 1038 4384 Argellatam,
1056 4308 1126 4382 que
1149 4287 1382 4360 Bonovuenses
1400 4295 1483 4361 tunc
1502 4289 1663 4384 temporis
1689 4289 1891 4362 detinebant
1909 4287 1955 4363 ad

536 4419 735 4492 demanium
752 4414 851 4488 Sedis
868 4412 1057 4508 apostolice
1076 4423 1265 4485 revocaret.
1291 4412 1359 4498 Qui
1372 4414 1477 4505 Juxta
1498 4412 1702 4487 mandatum
1718 4424 1878 4488 nosuum
1898 4413 1953 4488 illa

535 4543 703 4637 recipiens
720 4538 845 4612 dilecto
859 4537 930 4609 filio
950 4537 1096 4609 lleurico
1117 4535 1162 4607 de
1175 4536 1376 4630 Paragnano
1392 4536 1610 4611 subdiacono
1632 4548 1749 4611 nostro
1765 4535 1816 4634 (a)
1830 4561 1955 4634 quam-

577 4716 616 4800 (α)
636 4717 724 4792 Apud
738 4715 945 4786 wurdtwsln,
960 4713 1172 4790 sedperpsram
1185 4711 1333 4774 Frtden‘co
1343 4714 1523 4794 Pompuleno
1532 4713 1647 4778 atavo
1660 4721 1767 4778 umbo.
