4436 5870
261 544 358 604 lucror.
375 541 420 620 9.]
722 540 918 602 ursuount
945 535 1237 601 utuuontuutct.
1643 535 1680 596 21

262 700 328 752 rex
349 679 474 753 damus
493 685 528 749 et
545 673 770 750 concedimus
796 676 859 749 tihi
881 675 1092 750 Benacumio
1111 675 1157 748 de
1176 671 1387 746 Tahenrioiis
1403 671 1449 745 de
1472 671 1563 744 Cane
1585 670 1685 744 Pisa-

262 823 389 876 norum
405 800 565 896 potestati
585 799 765 896 recipienti
787 821 850 896 pro
869 799 1009 872 civitate
1022 799 1147 872 Pisana
1163 804 1274 870 totum
1296 793 1394 890 quod
1410 795 1540 890 prefata
1559 794 1683 868 civitas

263 937 298 1000 et
314 925 468 1020 quelibet
483 946 630 1020 persona
644 924 748 997 hahet
762 935 797 996 et
813 933 906 998 tenet
923 924 968 998 de
983 924 1088 997 rebus
1102 922 1237 1016 imperii
1251 929 1286 993 et
1304 927 1414 993 totum
1428 918 1524 1013 quod
1539 918 1683 1014 imperio

265 1051 412 1147 pertinet
430 1051 507 1122 sive
523 1050 569 1124 de
582 1049 737 1124 marchia
753 1051 811 1123 vel
826 1050 895 1123 alio
912 1049 1017 1123 modo
1033 1069 1174 1142 quoquo
1189 1047 1268 1139 jure
1284 1046 1342 1120 vel
1358 1043 1609 1118 consuetudine
1626 1045 1683 1116 vel

264 1175 431 1274 pertinuit
449 1187 539 1248 retro
554 1197 574 1248 a
591 1174 780 1270 nonaginta
802 1174 904 1250 annis
925 1175 982 1248 vel
999 1173 1184 1270 pertinebit
1201 1171 1237 1244 in
1256 1170 1397 1243 civitate
1413 1169 1537 1242 Pisana
1555 1178 1590 1242 et
1607 1169 1683 1262 ejus

269 1299 426 1374 districtu
448 1320 510 1396 per
528 1309 637 1372 terras
655 1307 690 1371 et
709 1299 853 1372 insulas.
870 1297 1099 1372 Conoedimus
1119 1315 1259 1391 quoque
1279 1295 1393 1387 vobis,
1411 1294 1537 1367 damus
1552 1303 1587 1366 et
1600 1315 1683 1367 oon-

271 1423 447 1498 firmamus
463 1424 499 1496 in
518 1425 662 1499 tendum
683 1424 882 1498 comitatum
896 1433 1012 1498 vestro
1030 1421 1224 1513 districtui,
1244 1420 1336 1494 sicut
1349 1429 1442 1492 tenet
1456 1419 1559 1492 turris
1574 1419 1683 1492 Benni

269 1549 316 1623 ad
329 1546 461 1621 Arnum
480 1557 516 1622 et
533 1548 578 1622 ad
599 1547 790 1620 Cannetum
807 1557 842 1622 et
860 1546 1005 1620 indeed
1022 1547 1227 1620 Barbiaiiam
1243 1555 1277 1620 et
1287 1546 1377 1618 siout
1392 1543 1496 1616 trahit
1511 1545 1557 1618 ab
1569 1545 1682 1618 Ebula

265 1672 311 1746 ad
329 1681 482 1745 montem
497 1671 699 1766 Tignosum,
716 1680 753 1743 et
766 1671 880 1767 ipsum
898 1679 1050 1745 montem
1068 1671 1257 1764 Tignosum
1281 1689 1361 1741 cum
1377 1669 1591 1764 pertinentiis
1608 1671 1682 1742 suis

265 1796 361 1870 etad
378 1797 569 1870 Burianum
584 1804 620 1869 et
637 1797 844 1880 Quercetum
859 1818 940 1868 oum
959 1795 1175 1893 pertinentiis
1190 1794 1263 1868 suis
1280 1802 1316 1867 et
1329 1792 1377 1866 ad
1394 1802 1544 1868 castrum
1560 1793 1682 1867 Cornie

264 1941 345 1994 oum
362 1919 576 2014 pertinentiis
590 1921 675 2013 suis,
698 1920 781 1994 inde
796 1922 843 1996 ad
861 1921 1053 1994 Scarlinum
1065 1931 1099 1993 et
1112 1920 1203 1994 sicut
1218 1919 1322 1994 trahit
1334 1918 1468 1992 marina
1481 1919 1528 1993 ad
1543 1930 1681 2014 portum

264 2042 433 2116 Herculis.
453 2043 508 2116 Ab
527 2045 596 2118 alia
618 2055 715 2140 parte
735 2045 890 2118 fluminis
910 2045 996 2118 Arni
1019 2046 1110 2120 sicut
1134 2046 1238 2120 trahit
1261 2045 1442 2119 Planesule
1464 2055 1499 2118 et
1524 2067 1681 2142 compre·

264 2167 386 2242 hendit
402 2167 551 2242 Cintorie
566 2171 698 2244 curiam
712 2179 748 2242 et
761 2169 852 2243 sicut
866 2169 1007 2244 trahunt
1027 2169 1177 2244 confinia
1198 2171 1287 2244 inter
1304 2170 1446 2244 Pisanos
1460 2180 1495 2243 et
1509 2172 1681 2246 Lucenses

263 2316 376 2390 usque
404 2293 452 2368 ad
474 2295 615 2368 Pontem
643 2294 827 2388 Mungione
853 2306 888 2369 et
917 2295 1001 2370 inde
1025 2296 1115 2369 sicut
1143 2305 1225 2369 sunt
1249 2295 1399 2370 confinia
1426 2295 1601 2369 districtus
1622 2297 1682 2370 Pi·

264 2440 346 2492 sone
360 2419 526 2512 civitatis,
544 2420 634 2493 inira
650 2442 740 2515 quos
758 2419 923 2494 terminos
937 2421 1002 2494 heo
1016 2421 1091 2494 ioca
1106 2421 1345 2494 eontinentur:
1365 2430 1515 2494 castrum
1529 2423 1679 2496 Peceiuli

264 2564 343 2616 cum
370 2545 533 2618 omnibus
563 2544 637 2618 suis
662 2545 897 2642 pertinentiis,
925 2554 1075 2619 castrum
1102 2546 1229 2618 montis
1251 2545 1441 2619 Chuccheri
1463 2567 1544 2619 cum
1569 2548 1680 2643 perti-

264 2667 389 2742 nentiis
405 2668 496 2761 suis,
523 2667 734 2762 Ghizanum,
758 2649 937 2744 castelium
961 2669 1064 2761 Falli,
1093 2672 1323 2767 Camporena,
1350 2670 1513 2765 Vignale,
1536 2674 1674 2766 leguli,

264 2791 537 2885 Petraraminga,
568 2790 774 2888 LaJaticum,
810 2795 976 2885 Chianni,
1014 2793 1233 2890 Agnianum,
1267 2795 1377 2886 Peva,
1413 2794 1512 2868 Petra
1540 2795 1673 2890 Cassia,

264 2913 472 3007 Gabretum,
501 2917 654 3008 Gallum,
688 2919 839 3012 Cassiis,
862 2922 974 3012 Saxo,
1005 2919 1155 3012 Castalio,
1180 2920 1387 3010 Cannetum,
1411 2920 1510 2994 Mons
1527 2921 1673 3015 Viridis,

265 3039 459 3114 Castillione
480 3043 664 3136 Bemardi,
688 3045 855 3136 Sassetta,
876 3045 1067 3138 Tojanum,
1093 3046 1336 3143 Tempianum,
1363 3045 1515 3139 Palatia,
1533 3048 1678 3121 Sanctus

264 3161 467 3259 Gervesius,
495 3167 595 3240 Mons
614 3169 659 3242 de
680 3169 846 3267 Castell0,
867 3171 968 3244 Mons
991 3172 1161 3267 Teupari,
1185 3172 1306 3260 Marti,
1326 3171 1524 3266 Coliegarli,
1545 3171 1679 3246 Conca-

265 3291 358 3381 reili,
375 3292 618 3385 Pratilionnm,
640 3294 858 3387 Uxiiianum,
876 3294 1068 3387 Curetum,
1089 3296 1282 3388 Tregiaria,
1303 3295 1455 3385 Forculi,
1479 3295 1596 3386 Alica,
1613 3299 1678 3371 Pe·

265 3415 423 3506 tioium,
450 3439 549 3490 mons
582 3418 750 3492 Bicchieri
776 3430 811 3493 et
835 3421 1031 3512 cumulum,
1057 3421 1223 3512 Stibium,
1261 3442 1361 3494 mons
1393 3421 1515 3514 Altus,
1555 3423 1679 3496 Comu-

265 3541 380 3635 gnole,
408 3541 630 3634 Piuochium,
651 3543 740 3616 Pons
761 3545 857 3637 here,
880 3543 1092 3641 Appianum,
1110 3545 1259 3633 Gallum,
1279 3545 1504 3636 Passienum,
1532 3547 1676 3643 Rapido,

265 3665 420 3757 Tavelle,
444 3666 677 3760 Schetoccuii,
703 3669 874 3744 Travalda
894 3679 930 3742 et
948 3670 1110 3744 Cisanum
1133 3679 1168 3744 et
1191 3671 1309 3744 omnia
1332 3671 1485 3767 predicta
1507 3695 1587 3746 cum
1606 3676 1680 3748 suis

265 3789 499 3900 pertinentiis3
526 3800 561 3866 et
581 3801 735 3889 preterea
756 3793 922 3888 vignale,
948 3793 1132 3892 Campiiia,
1157 3797 1269 3870 'Rooon
1290 3796 1440 3888 Biserni,
1466 3798 1578 3872 liocca
1602 3800 1680 3874 Pat-

265 3914 370 4008 meri,
389 3917 653 4006 Donoraticum,
677 3918 936 4014 Castagnetnm,
956 3921 1126 4014 Segulari,
1149 3920 1308 4016 Bulgari,
1329 3921 1475 3994 Bibboni
1499 3945 1579 3996 cum
1603 3947 1678 3997 um·

266 4038 369 4112 nibus
388 4061 508 4116 eorum
530 4043 758 4138 pertinentiis,
776 4043 916 4117 abbatia
933 4043 979 4117 de
996 4044 1112 4138 Fungo
1130 4065 1211 4116 cum
1228 4045 1390 4118 omnibus
1407 4046 1481 4118 suis
1498 4047 1678 4142 pertinen-

266 4162 341 4255 tiis,
362 4164 565 4241 Castellioue
582 4167 627 4242 de
640 4168 790 4242 Pisoaria
808 4189 889 4240 oum
901 4168 1064 4241 omnibus
1080 4168 1292 4264 pertinentiis
1304 4169 1391 4258 suis,
1405 4170 1490 4260 liba,
1501 4170 1675 4267 Capraria,

265 4286 454 4382 Gorgonia,
473 4289 634 4365 Planusia
654 4301 689 4366 et
706 4292 856 4366 Corsica.
875 4293 919 4364 Et
947 4293 984 4364 in
1009 4293 1172 4366 omnibns
1196 4293 1443 4389 prenominatis
1468 4294 1552 4368 loeis
1572 4297 1677 4388 juris·

265 4410 451 4486 dictionem
473 4423 509 4488 et
531 4415 727 4491 districtum
748 4418 850 4491 vobis
872 4417 1095 4492 conoedinrus
1119 4427 1154 4491 et
1179 4418 1435 4512 confirmamus,
1452 4429 1486 4493 et
1503 4422 1677 4519 quidquid

264 4535 381 4632 aliqua
399 4557 546 4633 persona
569 4539 674 4613 hahet
691 4539 740 4614 ibi
758 4541 803 4614 ah
829 4541 974 4638 imperio
997 4550 1033 4613 et
1048 4540 1224 4636 quidquid
1245 4542 1293 4614 ibi
1315 4542 1460 4639 imperio
1479 4547 1627 4640 pertinet
1642 4559 1677 4622 et

264 4683 485 4760 quecumque
508 4665 576 4740 alia
594 4665 685 4738 intra
704 4664 877 4761 predictos
898 4664 1051 4740 confines
1073 4675 1109 4738 et
1127 4667 1291 4740 terminos
1308 4669 1525 4742 continentur
1547 4679 1618 4744 tam
1641 4673 1677 4745 in
