4368 5876
266 587 367 648 ltutcn
382 579 425 666 9.]
716 579 913 641 tttslotttlt
939 575 1233 646 oratonhthlt.
1622 573 1678 636 108

268 714 477 812 supplicavit
497 724 537 785 ut
562 714 608 786 oh
631 714 796 788 honorem
825 715 886 788 Dei
909 723 943 788 et
965 713 1121 808 ejusdem
1144 711 1254 788 saneti
1275 710 1341 784 loci
1370 709 1599 783 reverentiam
1623 729 1678 782 se·

268 839 424 914 cundum
447 839 729 936 predecessorum
749 847 943 912 nostrorum
968 839 1076 914 felicis
1100 836 1264 912 memorie
1286 842 1414 910 statuta
1436 855 1498 930 per
1516 831 1583 905 hoc
1605 832 1679 927 pri-

268 964 436 1059 vilegium
452 986 573 1039 omnes
589 985 645 1038 res
668 973 703 1038 et
729 967 964 1061 possessiones
986 986 1056 1060 que
1076 965 1231 1061 predicto
1248 959 1439 1036 venerabili
1460 955 1692 1035 xenodochio¹
1821 949 1823 952 ’

269 1089 315 1163 de
328 1090 407 1183 jure
424 1091 594 1187 pertinent
613 1089 817 1164 confirmare
833 1099 868 1163 et
884 1090 1104 1165 corroborare
1119 1089 1352 1184 dignaremur.
1372 1085 1442 1158 Nos
1460 1083 1567 1178 igitur
1576 1083 1680 1178 iustis

269 1214 493 1310 petitionibus
517 1214 687 1306 inclinati,
717 1214 973 1289 xenodochium
999 1212 1209 1288 antedictum
1229 1211 1297 1285 sub
1327 1219 1441 1284 nostra
1468 1209 1678 1305 protectione

268 1338 478 1433 recepimus,
498 1337 732 1433 possessiones
751 1361 832 1411 suas
844 1348 878 1412 et
887 1339 987 1431 jura,
1003 1337 1166 1411 videlicet
1178 1335 1358 1410 ecclesiam
1374 1337 1499 1408 Sancte
1512 1335 1618 1408 blarie
1632 1335 1677 1408 de

268 1461 376 1536 Casuli
394 1463 510 1559 plano,
535 1465 697 1536 Sanctum
718 1464 862 1537 Paulum
884 1462 929 1538 de
946 1463 1099 1555 Foresta,
1125 1463 1286 1534 Sanctum
1309 1459 1445 1534 Petrum
1462 1458 1508 1533 de
1527 1457 1673 1550 Curulis,

268 1589 430 1661 Sanctum
449 1589 640 1662 Iohannem
662 1588 707 1662 de
722 1589 909 1682 ‘Pautauis,
931 1591 1096 1662 Sanctum
1112 1588 1277 1660 Thomam
1297 1586 1342 1661 de
1364 1587 1491 1678 Strata,
1513 1587 1675 1659 Sanctum

267 1712 458 1786 Iohannem
479 1723 514 1786 et
535 1714 701 1806 Paulum,
721 1713 886 1786 Sanctum
908 1712 1072 1807 Egidium
1093 1709 1190 1808 apud
1212 1719 1352 1808 ponmm
1375 1710 1491 1784 Sancti
1518 1710 1677 1785 Germani

268 1857 348 1910 cum
363 1835 541 1933 hospitali,
561 1846 712 1918 castrum
733 1838 848 1911 Sancti
866 1837 1071 1932 Apollinaris
1092 1859 1171 1909 cum
1189 1835 1351 1908 omnibns
1372 1835 1571 1909 hominihus
1589 1857 1677 1931 qnos

267 1961 372 2035 habet
390 1983 451 2056 per
470 1961 662 2053 abbatiam,
687 1961 829 2035 domum
858 1961 919 2034 ubi
943 1961 1070 2035 debent
1098 1960 1262 2057 hospitari
1290 1959 1458 2034 torcellari
1487 1960 1525 2031 in
1552 1961 1676 2034 Sancto

266 2086 453 2179 Germano,
483 2087 621 2159 hortum
649 2087 694 2161 de
717 2086 922 2176 Cervaritia,
951 2085 1092 2160 domum
1120 2096 1156 2160 et
1182 2088 1321 2160 hortum
1348 2107 1390 2160 ae
1416 2095 1618 2160 meramnum
1640 2085 1676 2158 in

266 2211 392 2284 Sancto
408 2212 509 2284 Petro
526 2211 752 2300 monastario,
774 2233 937 2309 campum
951 2213 1065 2284 Sancti
1088 2213 1193 2303 Petri,
1214 2212 1368 2285 startiam
1384 2211 1429 2286 de
1443 2211 1608 2302 Corvino,
1631 2212 1677 2284 ti-

265 2343 392 2410 malam
407 2335 509 2428 juxta
527 2335 654 2409 blellim
671 2346 707 2409 et
723 2338 812 2411 duas
827 2337 963 2410 startias
981 2337 1131 2426 ibidem,
1154 2337 1290 2410 thorum
1304 2346 1340 2410 et
1357 2337 1511 2410 limatam
1528 2337 1565 2409 in
1586 2338 1677 2411 valle

265 2457 488 2550 bivitellana,
512 2458 608 2532 duas.
624 2460 762 2532 startias
782 2461 878 2556 apud
905 2463 1069 2534 Sanctum
1091 2462 1320 2556 Stephanum,
1346 2483 1451 2534 unam
1478 2461 1606 2557 petiam
1632 2463 1677 2536 de

266 2589 355 2656 terra
373 2583 470 2680 apud
492 2585 692 2668 Teramum,
709 2583 805 2683 apud
820 2586 984 2660 Sanctum
998 2584 1169 2680 Angelum
1184 2585 1340 2660 startiam
1353 2607 1423 2680 que
1440 2595 1585 2658 vocatur
1604 2589 1676 2659 An·

266 2707 381 2802 glane,
397 2707 480 2780 item
493 2706 590 2803 apud
605 2708 802 2782 Cervarium
821 2711 985 2783 Sanctum
998 2707 1169 2804 Angelum
1184 2709 1230 2784 de
1245 2711 1357 2784 Barba
1373 2710 1491 2784 Selius.
1508 2706 1524 2805 (
1545 2711 1579 2808 ')
1595 2732 1674 2786 oum

265 2831 541 2928 possessionibus
560 2833 651 2926 suis,
672 2833 910 2908 molendinum
930 2856 1040 2908 uuum
1059 2834 1156 2931 apud
1173 2836 1336 2909 Sanctum
1352 2835 1579 2928 Germanum,
1604 2855 1676 2908 mo-

265 2955 446 3029 lendinum
467 2977 578 3030 unum
598 2957 694 3055 apud
717 2957 911 3032 ldinianum
931 2969 967 3032 et
991 2958 1230 3033 molendinum
1256 2982 1366 3033 unum
1394 2959 1491 3056 apud
1512 2961 1675 3036 Sanctum

265 3080 436 3175 Angelum
466 3081 615 3179 presenti
647 3081 829 3178 privilegio
858 3081 1112 3158 confirmantes.
1144 3083 1393 3157 Confirmamns
1423 3085 1526 3160 etiam
1559 3089 1672 3164 eidem

265 3205 484 3280 xenodochio
507 3206 726 3302 privilegium
743 3207 802 3281 avi
819 3208 928 3282 nostri
947 3209 1040 3304 regis
1063 3208 1199 3304 llegerr'i
1222 3209 1331 3284 felicis
1349 3211 1526 3302 memorie,
1547 3222 1583 3287 et
1598 3223 1673 3288 sta-

264 3329 398 3402 tuimus
417 3338 458 3402 ut
473 3331 590 3403 nullus
610 3331 719 3405 abhas
734 3333 791 3405 vel
814 3341 926 3407 rector
947 3333 1103 3426 ejusdem
1124 3333 1334 3410 xenodochii
1352 3334 1467 3432 ipsum
1484 3337 1530 3410 de
1549 3359 1673 3434 preno-

265 3453 404 3527 minatis
425 3455 598 3548 minuere,
623 3455 792 3553 impedire
818 3480 880 3531 ceu
905 3458 1086 3532 molestare
1113 3469 1305 3555 presumat,
1332 3463 1431 3535 salvo
1454 3463 1619 3539 mandato
1640 3477 1674 3540 et

264 3576 481 3652 ordinatione
502 3588 630 3654 nostra.
653 3580 709 3656 Ad
727 3583 833 3676 hujus
854 3583 973 3679 itaque
993 3584 1044 3657 rei
1067 3585 1268 3659 memoriam
1293 3608 1434 3681 presens
1458 3587 1541 3664 iude
1564 3590 1674 3687 privi-

264 3699 394 3797 legium
420 3701 494 3776 fleri
513 3705 658 3778 lecimus
677 3707 790 3801 sigillo
815 3717 931 3782 nosue
956 3707 1170 3782 celsitudinis
1186 3711 1402 3800 roboratum,
1426 3734 1536 3802 anno,
1555 3737 1673 3790 mense

261 3835 299 3900 at
314 3826 503 3902 indictione
518 3828 732 3926 subscriptis.

286 3981 289 3990 ·
312 3949 438 4025 Dmum
457 3953 494 4024 in
513 3952 653 4026 civitate
666 3955 809 4051 Neapoli
828 3966 907 4052 post
922 3957 1054 4032 curiam
1072 3959 1189 4055 Gapne
1206 3961 1430 4054 celebratam,
1452 3982 1545 4036 anno
1562 3963 1673 4038 domi·

264 4075 342 4149 nice
361 4075 608 4150 incarnationis
628 4078 809 4154 millesimo
829 4080 1064 4158 ducentesimo
1084 4085 1270 4180 vigesimo,
1296 4107 1415 4160 mense
1428 4089 1595 4182 ianuarii,
1619 4089 1674 4160 in·

264 4199 414 4275 dictione
430 4223 533 4292 nona,
550 4201 741 4298 imperante
760 4203 902 4280 domino
918 4217 1034 4282 nostro
1047 4209 1220 4283 Friderico
1235 4211 1298 4284 Dei
1311 4211 1421 4306 gratia
1442 4213 1671 4287 Romanorum

262 4324 488 4422 imperatore,
512 4347 648 4422 semper
670 4337 818 4423 angusto
841 4340 876 4404 et
899 4332 982 4427 r'ege
1002 4333 1135 4423 Sicilie,
1156 4335 1299 4409 llomaui
1324 4357 1408 4410 vero
1437 4337 1571 4434 imperii
1597 4341 1673 4434 ejus

263 4471 356 4525 anno
369 4451 482 4548 primo
497 4459 533 4524 et
548 4451 646 4547 regui
660 4453 774 4528 Sicilie
789 4454 955 4530 vicesimo
970 4459 1082 4552 tedio,
1099 4459 1251 4534 feliciter.
1267 4459 1392 4535 Amen.
