4296 5898
200 542 300 606 horca.
320 545 380 630 lit]
654 537 851 600 ltlsroullt
874 538 1171 604 blbbotllttlcll.
1562 539 1623 604 205

204 676 722 756 ammetiam‘dcntnotbona
743 675 790 750 de
812 674 971 748 Avellino
997 686 1033 748 et
1053 679 1218 771 magistm
1238 675 1407 752 Michaele
1428 675 1565 752 medico
1584 687 1620 752 et

204 806 364 881 blallridc
382 808 485 902 Sapio
507 804 645 879 ciuibus
663 799 811 874 Auellini
827 800 974 874 testibus
991 800 1037 876 ad
1054 802 1121 876 hoc
1138 802 1483 899 specialitsrrogetis
1496 809 1534 876 et
1549 823 1620 876 vo·

205 932 308 1018 catis,
332 929 491 1006 eorunm
517 930 614 1001 intus
639 924 884 999 monesterium
915 925 1030 1001 &noti
1052 927 1230 1002 llsnedicti
1247 926 1295 1004 de
1314 923 1494 1015 livellino,
1518 926 1620 998 buter

205 1056 394 1130 lliccardue
410 1053 654 1128 manachacat
670 1047 880 1124 inllrmarlus
902 1051 1107 1127 monasterii.
1120 1053 1245 1126 &unm
1266 1050 1373 1126 diario
1395 1050 1520 1126 Montis
1538 1050 1621 1127 Vir-

206 1183 298 1276 ginis
321 1181 408 1254 milri
432 1177 597 1274 exposuit
619 1173 715 1270 quod
739 1174 972 1248 necesserium
995 1186 1069 1250 erat
1090 1175 1270 1272 quoddam
1294 1175 1523 1271 privilegium·
1539 1196 1622 1272 pre-

207 1306 291 1381 dicti
306 1303 505 1378 monasteni
523 1303 610 1376 alins
623 1299 852 1374 transmittere
868 1321 931 1392 pro
948 1299 1022 1374 ruis
1048 1301 1194 1396 negotiis
1208 1300 1440 1396 exequendis.
1460 1300 1561 1376 Unde
1577 1323 1621 1376 ne

207 1429 349 1504 fortuito
362 1445 447 1502 casu
463 1427 663 1520 contingere
677 1423 784 1520 possit
803 1445 883 1496 eum
904 1442 1048 1520 quoquo
1065 1425 1171 1500 modo
1188 1425 1346 1521 deperdi‚
1365 1425 1461 1521 qnod
1481 1425 1621 1520 privile-

207 1555 304 1644 gium
324 1565 398 1628 erat
413 1551 546 1626 domini
567 1549 675 1624 nostri
693 1547 902 1622 serenissimi
920 1550 1154 1644 imperatoris,
1173 1568 1231 1624 me
1251 1551 1386 1645 rogauit
1409 1561 1448 1621 ut
1468 1550 1622 1647 inspecta

207 1677 320 1774 figura
335 1691 370 1752 et
384 1697 448 1774 per
466 1686 576 1750 totum
593 1685 712 1748 tenum
729 1673 843 1769 ipslos
859 1696 1025 1748 unacum
1041 1675 1166 1753 mem
1189 1675 1323 1750 notario
1343 1675 1621 1770 supradictorum

207 1804 403 1876 testimonio
418 1801 575 1895 ejusdem
598 1813 750 1874 tenorem
773 1819 836 1894 per
851 1808 962 1874 tutum
979 1799 1026 1876 ad
1047 1801 1219 1874 cautelam
1240 1799 1568 1896 ipsiusmouasterii
1586 1800 1622 1872 in

206 1929 414 2024 scripturam
431 1927 607 2024 publicam
628 1923 835 2018 redigerem.
854 1923 957 2011 Quod
975 1925 1197 2021 priuilegium
1215 1933 1268 1998 est
1292 1943 1353 2021 per
1373 1927 1489 2000 omnia
1511 1926 1624 1998 taliter

208 2053 413 2128 continens:
990 2065 993 2073 ⁴
1029 2067 1031 2072 ·
1479 2073 1482 2078 ·

256 2177 444 2252 Federicus
465 2177 529 2250 llei
551 2175 660 2269 gratia
685 2175 917 2250 Romanorum
940 2176 1139 2271 imperator,
1162 2197 1299 2272 semper
1319 2185 1490 2270 augustus
1505 2185 1541 2248 et
1562 2197 1624 2250 rex

208 2302 336 2376 Sicilie.
362 2303 426 2376 Per
448 2303 514 2376 boc
539 2323 680 2398 presens
701 2301 867 2396 scriptum
893 2309 1015 2376 notum
1045 2299 1120 2376 lieri
1148 2303 1309 2374 volumus
1332 2302 1504 2374 universis
1525 2300 1622 2395 quod

208 2451 290 2501 cum
306 2427 466 2501 monachi
485 2438 519 2500 et
535 2428 656 2499 fratres
677 2426 875 2499 monasterii
891 2428 1015 2500 Sancte
1029 2427 1136 2500 lllarie
1153 2426 1199 2501 de
1218 2426 1334 2499 Monte
1353 2425 1504 2520 Virginis
1522 2427 1622 2500 nobis

208 2552 384 2628 humiliter
400 2552 652 2650 supplicassent
669 2560 707 2623 ut
722 2551 937 2626 llcocbellam
956 2552 993 2624 in
1012 2573 1084 2648 qua
1101 2553 1169 2626 sita
1184 2551 1298 2626 estad
1318 2550 1484 2626 honorem
1499 2552 1620 2627 Salve

209 2679 292 2752 toris
310 2679 454 2751 ecclesia
476 2677 579 2750 Beate
608 2678 715 2750 Maris
737 2677 781 2750 de
809 2698 901 2750 noro
926 2676 1071 2751 mndata
1091 2698 1161 2772 que
1181 2685 1233 2750 est
1256 2677 1401 2772 paupe
1426 2678 1623 2751 monasterii

209 2802 399 2898 supradicti
420 2801 465 2876 de
484 2802 595 2897 gratia
612 2812 647 2874 et
662 2801 874 2896 benignitate
893 2812 1010 2876 nostra
1026 2801 1141 2876 eidem
1157 2803 1365 2876 monasterio
1382 2801 1572 2876 concedere
1589 2813 1624 2875 et

209 2924 414 3000 confirmare
439 2935 554 3000 nostra
576 2927 741 2998 serenitas
757 2927 969 3021 dignaretur,
993 2949 1056 3000 uos
1076 2929 1291 3002 attendentes
1310 2927 1512 3022 religionem
1530 2929 1624 3020 ejus-

210 3049 291 3124 dcm
309 3053 525 3143 monasterii,
548 3053 715 3147 obsequia
732 3054 837 3125 etiam
855 3064 890 3126 et
906 3053 1078 3127 orationes
1097 3076 1167 3150 que
1189 3052 1319 3127 ibidem
1337 3053 1478 3126 domino
1495 3053 1624 3148 jugiter

210 3175 414 3271 offeruntur,
438 3179 552 3250 locum
570 3177 686 3273 ipsum
707 3176 753 3251 de
772 3178 952 3252 llocchella
970 3180 1008 3252 in
1027 3200 1098 3274 quo
1121 3181 1252 3274 prelata
1272 3181 1338 3252 sita
1354 3187 1408 3252 est
1423 3179 1569 3274 grangia
1590 3187 1625 3251 et

212 3301 393 3376 universos
410 3303 529 3376 tratres
544 3303 701 3396 ejusdem
720 3304 917 3378 monasterii
931 3305 998 3377 sub
1016 3317 1131 3380 nostra
1149 3305 1360 3401 protectione
1374 3315 1409 3378 et
1426 3305 1628 3379 detonsione

210 3425 398 3522 recipimus
413 3435 446 3498 et
461 3427 636 3522 quidquid
660 3427 696 3498 in
717 3427 966 3522 presentiarum
985 3432 1078 3522 juste
1094 3439 1187 3501 tenet
1205 3439 1240 3501 et
1255 3429 1372 3524 quiete
1393 3427 1546 3523 possidet
1570 3429 1627 3502 vel

212 3550 366 3623 inantea
383 3553 477 3644 justo
501 3553 598 3626 titulo
619 3561 792 3648 prestante
807 3554 952 3626 Domino
971 3555 1094 3650 polerit
1114 3552 1262 3650 adipisci
1284 3553 1398 3626 eidem
1421 3555 1627 3627 monasterio

213 3675 341 3749 Montis
361 3674 513 3770 llirginis
536 3698 599 3773 pro
622 3677 776 3753 remedio
799 3678 992 3752 animarum
1017 3677 1174 3753 fidelium
1195 3685 1423 3772 augustorum
1447 3687 1626 3774 parentum

213 3812 409 3874 nostrorum
425 3803 606 3876 recolende
629 3805 793 3878 memorie
813 3814 848 3878 et
868 3827 931 3899 pro
951 3805 1062 3879 salute
1083 3814 1200 3878 nostra
1223 3811 1387 3899 perpetua
1404 3800 1628 3876 concedimus

212 3933 248 3999 et
268 3924 305 3996 in
329 3935 535 4020 perpetuum
551 3925 811 4019 confirmamus,
832 3937 1007 4002 reservato
1030 3929 1135 4002 etiam
1157 3928 1272 4023 qnod,
1298 3927 1387 4000 sicut
1404 3927 1541 3999 solitum
1563 3926 1629 3999 luit

213 4059 368 4146 tempora
393 4051 486 4146 regis
506 4050 680 4125 Guilielmi
694 4051 804 4125 felicis
817 4053 1085 4145 recordationis,
1104 4053 1143 4124 in
1166 4051 1320 4148 predicta
1339 4050 1520 4124 lloccbella
1542 4070 1629 4123 cus-

213 4173 342 4248 todiam
376 4173 450 4250 fieri
469 4177 636 4250 iaciamus
658 4177 950 4272 quandocumque
971 4176 1075 4250 luent
1097 4185 1350 4273 opportunum3
1372 4177 1468 4249 salvo
1488 4195 1629 4271 quoquc

213 4299 379 4376 mandato
396 4311 431 4374 et
450 4301 669 4376 ordinatione
686 4311 802 4376 nostra
819 4301 883 4400 (l).
903 4301 959 4376 Ad
973 4301 1079 4394 hujus
1095 4305 1213 4398 itaque
1230 4301 1470 4399 protectionis,
1490 4321 1630 4374 conces-

252 4599 287 4674 (t)
307 4599 337 4657 ln
357 4601 528 4674 praecedenti
541 4607 630 4660 umen
643 4601 780 4676 privilegio
792 4601 827 4660 de
842 4601 902 4661 loco
915 4602 1052 4662 llocccllaa
1067 4603 1138 4678 ¹banc
1155 4602 1303 4662 clausulam
1321 4601 1439 4662 amoveri
1451 4603 1571 4676 jusserat
1583 4601 1633 4658 int·

213 4703 332 4772 pertwr.
347 4697 416 4760 Vide
427 4715 510 4775 supra
522 4717 552 4776 p.
568 4703 632 4760 tat.
