4272 5886
174 529 275 590 houm.
294 523 356 610 ltu]
626 523 824 586 iiisronia
850 518 1145 583 oirloltaiicti.
1531 515 1588 576 sti

174 662 288 734 crucia
308 660 511 751 obtulimus,
532 660 766 758 imperiumst
782 681 887 755 regna
906 680 976 755 que
993 656 1094 730 nobis
1114 653 1259 728 contulit
1274 663 1310 726 et
1328 653 1498 726 commisit
1515 654 1589 726 suis

174 784 353 880 obsequiis
380 782 599 880 deputantes.
627 784 756 855 Verum
778 783 861 878 quia
887 783 924 855 in
953 791 1022 854 tam
1047 780 1137 855 ielici
1162 779 1321 876 passagio
1345 788 1380 850 et
1405 777 1589 851 victorioso

174 911 330 981 exercitu
349 911 431 983 Iesu
454 908 577 981 Christi
598 907 761 1002 (domino
783 907 1001 980 exercituum
1023 907 1244 1000 cooperante)
1266 903 1375 995 major
1392 925 1498 998 quam
1523 927 1589 976 un-

175 1055 280 1125 quam
296 1034 362 1105 luit
373 1043 531 1130 speratur
542 1032 672 1107 utilitas
680 1038 1090 1128 proventura,expertam
1100 1028 1216 1122 itaque
1229 1025 1365 1101 dudum
1378 1028 1414 1098 in
1422 1027 1591 1122 obsequio

175 1157 289 1230 crucis
305 1158 418 1252 gentis
432 1167 548 1232 vestre
563 1155 783 1253 prudentiam
799 1156 961 1229 nolumus
978 1153 1153 1250 preterire,
1169 1152 1255 1248 quin
1276 1153 1456 1227 universos
1469 1162 1505 1226 et
1517 1153 1590 1225 sin·

175 1281 277 1375 gulos
304 1291 457 1356 vestrum
484 1282 646 1378 precibus
670 1290 705 1354 et
731 1280 869 1353 monitis
891 1279 1102 1368 excitemus,
1126 1287 1304 1351 monentes
1328 1278 1588 1352 universitatem

177 1417 374 1479 nostramet
389 1407 607 1480 exhortando
624 1404 829 1479 mandantes
844 1414 1018 1500 quatenus
1034 1405 1072 1476 in
1089 1401 1259 1477 comitatu
1269 1413 1384 1475 nostro
1402 1412 1472 1476 tam
1491 1403 1588 1498 pium

175 1539 315 1626 tamque
341 1531 525 1605 honestum
557 1531 768 1605 liberationis
801 1532 903 1604 Terre
931 1533 1056 1603 Sancte
1084 1528 1202 1603 denno
1234 1529 1385 1602 laborem
1420 1528 1585 1602 subeatis.

175 1654 330 1728 Vestram
358 1657 451 1729 euim
481 1656 604 1730 timent
628 1666 662 1729 et
688 1666 832 1754 experte
857 1664 937 1729 sunt
967 1654 1189 1751 prudentiam
1212 1664 1332 1726 extere
1359 1654 1516 1728 nationes
1542 1653 1588 1726 ad

174 1801 321 1874 quarum
339 1781 519 1854 excidium
537 1782 741 1855 exercuistis
763 1783 845 1855 olim
862 1779 1083 1854 laudabiliter
1095 1779 1190 1852 vires
1206 1790 1352 1869 vestras,
1369 1778 1430 1852 ubi
1448 1781 1590 1876 sanguis

176 1914 368 1978 vestrorum
393 1917 580 2003 martyrum
607 1907 644 1978 in
672 1905 851 1978 semidam
874 1905 987 1978 crocis
1009 1905 1140 1978 effusos
1166 1906 1284 1978 rutilat
1306 1916 1340 1979 et
1363 1927 1468 2002 super
1491 1907 1590 1980 obsi-

175 2029 279 2104 dione
301 2041 336 2105 et
361 2032 518 2128 captione
537 2032 693 2105 Damiate
719 2033 811 2106 clara
833 2030 969 2105 illorum
993 2051 1138 2126 corpora
1163 2039 1408 2103 memorantur.
1434 2033 1590 2128 Exurgat

175 2153 282 2249 igitur
308 2157 419 2230 virtus
448 2165 561 2230 vestm
588 2165 624 2230 et
648 2155 695 2230 ad
722 2154 962 2230 ulciscendum
991 2155 1197 2250 sanguinem
1226 2157 1369 2229 fratrum
1394 2125 1604 2232 vestrorum

174 2301 279 2372 quem
295 2281 342 2353 ob
361 2280 526 2356 honorem
546 2281 659 2354 crucis
676 2280 854 2369 fuderunt,
873 2279 1033 2353 navalem
1050 2279 1241 2353 exercitum
1257 2281 1446 2374 preparetis
1463 2283 1588 2356 unani·

175 2405 276 2478 miter
300 2416 336 2479 et
360 2417 532 2503 potenter,
556 2415 595 2480 ut
614 2404 663 2480 ad
689 2404 905 2480 liberandam
930 2406 1068 2477 Tenem
1095 2406 1254 2478 Sanctm
1281 2414 1408 2480 statuto
1436 2416 1588 2504 tempore

174 2529 277 2603 simul
302 2533 543 2627 procedamus.
564 2533 634 2606 Nos
651 2543 769 2606 autem
792 2531 980 2606 benevolos
1003 2552 1046 2603 ac
1070 2531 1276 2604 favorabiles
1295 2533 1341 2606 ad
1361 2543 1515 2606 restrum
1533 2535 1586 2607 in·

173 2655 319 2730 venietis
334 2657 495 2730 solatium
509 2667 544 2730 et
555 2659 736 2751 juvamen,
752 2679 795 2730 ac
806 2656 940 2730 cunctis
956 2655 1246 2751 oportunitatibus
1262 2657 1380 2730 vestris
1396 2679 1437 2730 ac
1453 2661 1586 2754 proiec-

173 2779 267 2852 tibus
286 2780 470 2856 liberaliter
486 2783 699 2856 assistemus.

222 2906 348 2979 ilatum
364 2907 496 2980 Salerni
513 2909 544 3004 (l
553 2907 579 3004 l,
599 2908 712 3006 primo
729 2907 906 2997 februarii,
922 2906 1026 2980 Xllll·
1040 2905 1242 2980 indictione.

225 3532 416 3619 Honorius
434 3561 534 3647 papa
547 3535 737 3621 Friderico
749 3538 1010 3623 Romanorum
1026 3539 1245 3650 imperatori
1260 3540 1390 3626 scribit
1401 3552 1444 3626 ut
1457 3571 1587 3655 regem

173 3665 287 3778 Cypri
304 3669 508 3753 Henricum
527 3678 648 3754 aetate
664 3671 852 3755 minorem
870 3673 1219 3756 recommendatum
1237 3673 1389 3758 habeat.

206 3988 243 4060 (t)
264 4007 277 4043 a
292 3988 443 4063 Imperator
455 3989 489 4048 de
502 3991 597 4066 Apulia
608 3991 683 4050 venit
696 3991 724 4049 in
737 3996 837 4049 mnam
849 3991 962 4049 Laboris
974 3996 1003 4049 et
1016 3989 1109 4050 relicta
1122 3993 1194 4068 apud
1205 3992 1345 4052 Salernum
1357 3996 1385 4053 in
1399 3997 1507 4055 castello
1518 3999 1583 4056 Ter·

172 4085 306 4143 »melnae
318 4087 488 4161 imperatrice
499 4095 691 4160 consortesua,
705 4090 762 4164 ipse
771 4089 799 4146 in
808 4089 931 4165 Apuliam
943 4089 1014 4147 redit
1025 4091 1105 4162 celer,
1119 4091 1165 4148 ubi
1178 4092 1323 4150 ilenricum
1334 4094 1368 4152 de
1379 4095 1467 4152 llona
1478 4097 1586 4170 magis-

171 4189 269 4240 strum
278 4183 453 4257 justiciarium
462 4189 631 4263 capitaneum
640 4187 816 4262 statuitregni
825 4188 912 4259 aui‚et
918 4188 977 4263 ipae
986 4187 1306 4248 Pisoaramsecontulit.»
1315 4193 1388 4250 Rrec.
1396 4209 1433 4251 nn
1439 4193 1468 4253 S.
1476 4193 1582 4268 (lnam,

171 4279 300 4340 cuman.
323 4282 361 4339 od
379 4299 446 4341 oon.
470 4284 554 4342 Adest
574 4289 665 4342 autem
686 4285 896 4342 instrumentum
919 4285 1050 4344 ineditum
1075 4288 1103 4344 in
1124 4288 1200 4346 arch.
1221 4289 1322 4348 montis
1346 4291 1448 4350 Cossini
1472 4293 1581 4370 (origin.

170 4393 292 4452 pergam.
310 4395 391 4454 capsa
405 4379 510 4454 cxvii,
523 4381 591 4440 iaso.
606 4383 633 4453 1,
647 4393 679 4439 nt³
691 4382 722 4455 6)
736 4399 791 4457 quo
806 4383 878 4442 idem
892 4383 1024 4442 ilenrious
1037 4384 1071 4442 de
1090 4385 1190 4456 licrra,
1205 4386 1385 4447 assidentibus
1404 4390 1457 4447 sibi
1471 4391 1582 4450 Simone

169 4475 205 4531 de
220 4475 307 4533 Tocco
321 4481 349 4532 et
365 4475 503 4536 Guisando
518 4479 553 4536 de
564 4477 657 4550 liubo,
673 4477 820 4553 imperialis
833 4479 924 4538 cudae
934 4480 1087 4554 judicibus,
1103 4484 1174 4557 apud
1190 4481 1323 4559 Capuam,
1340 4487 1411 4545 maio
1430 4491 1510 4562 ⁴226,
1522 4497 1586 4566 post

169 4570 373 4643 inquisitionem
391 4589 408 4630 a
425 4574 581 4649 justiciariis
600 4580 687 4633 terrae
703 4575 816 4634 Laboris
832 4577 945 4650 iactam,
963 4580 1157 4638 sententialiter
1172 4582 1327 4656 pronuntiat
1347 4592 1511 4646 conventum
1526 4605 1585 4648 mo·

169 4668 282 4726 nasterii
293 4669 460 4732 Cossinemis
472 4673 634 4749 piscatorem
645 4674 790 4750 specialem
803 4674 903 4734 debere
916 4675 1016 4734 habere
1029 4677 1058 4735 in
1072 4685 1167 4754 quarta
1181 4687 1259 4755 parte
1273 4682 1403 4757 piscariae
1413 4685 1510 4744 Fundi.
