4368 5876
521 549 580 612 154
1025 545 1240 610 l'llllllllllcl
1265 545 1438 606 sacuam
1748 546 1829 626 [Aac.
1848 547 1934 610 1221.

520 706 663 782 queres
681 684 731 777 (a)
753 685 883 760 scilicet
900 706 1062 758 concesse
1080 685 1221 756 luerunt
1237 682 1351 756 eidem
1371 682 1577 754 monasterio
1592 683 1628 754 in
1645 683 1858 756 escambium
1877 707 1938 782 pro

521 810 626 884 casali
645 811 742 906 quod
758 811 884 884 dicitur
900 811 946 884 de
966 809 1073 884 Conte
1095 807 1191 904 quod
1209 807 1455 880 monasterium
1472 807 1586 904 ipsum
1605 815 1761 881 tenuerat
1780 817 1815 881 et
1829 811 1939 884 luerat

520 935 617 1030 prius
640 935 685 1008 de
712 935 899 1008 tenimento
923 934 1106 1006 comitatus
1130 931 1329 1027 Squillacii‚
1351 931 1459 1004 libere
1473 951 1533 1005 eas
1557 930 1633 1004 sine
1658 931 1774 1026 aliquo
1799 933 1938 1007 servitio

520 1059 752 1156 possidentes,
783 1061 927 1133 liberam
954 1059 1058 1132 etiam
1083 1065 1258 1154 pasturam
1285 1077 1348 1152 pro
1371 1055 1544 1130 universis
1563 1056 1772 1129 animalibus
1798 1058 1871 1130 suis
1900 1059 1936 1130 in

518 1183 686 1256 territorio
710 1183 797 1274 stili,
820 1185 856 1256 in
886 1183 983 1256 terris
1008 1183 1196 1256 Casemone
1223 1183 1390 1272 liberast
1416 1181 1491 1254 sine
1515 1181 1691 1256 herbatico
1713 1184 1769 1256 vel
1796 1183 1936 1258 datione

516 1308 632 1403 aliqua
647 1309 683 1381 in
705 1319 913 1405 perpetuum
931 1308 1147 1396 habendam,
1163 1307 1254 1380 siout
1269 1329 1290 1380 a
1305 1307 1459 1402 predicto
1477 1328 1559 1400 rege
1574 1305 1756 1384 Guillclmo
1776 1309 1841 1404 ipsi
1857 1331 1936 1382 mo-

515 1433 664 1506 nasterio
682 1435 793 1506 fuerat
815 1455 999 1526 concessa,
1017 1454 1151 1506 necnon
1166 1410 1341 1505 libertates
1354 1440 1390 1505 et
1407 1431 1639 1504 immunitates
1652 1431 1754 1522 alias,
1775 1431 1936 1505 videlicet

516 1567 554 1629 ut
577 1567 674 1654 septa
700 1558 845 1652 predicti
871 1559 1067 1632 monasterii
1091 1567 1126 1630 et
1142 1557 1364 1652 grangiarum
1382 1579 1522 1630 suarum
1542 1559 1641 1652 juxta
1660 1556 1934 1629 cisterciensium

515 1683 648 1756 ordinis
671 1684 829 1756 instituta
855 1685 1018 1757 mulieres
1039 1683 1177 1778 ingredi
1195 1683 1414 1778 aliquatenus
1435 1705 1504 1756 non
1527 1681 1696 1756 auderent
1718 1703 1782 1756 nec
1805 1682 1935 1755 ibidem

515 1807 678 1881 carnibus
694 1819 928 1902 vescerentur,
947 1809 1214 1907 prohibitionem
1231 1809 1335 1882 etiam
1354 1830 1399 1881 ne
1418 1809 1487 1880 ulla
1506 1807 1737 1880 ecclesiastica
1753 1815 1815 1879 aut
1837 1829 1935 1880 sccu-

515 1934 596 2006 laris
615 1955 762 2030 persona
777 1935 934 2008 homines
950 1935 1095 2031 predicti
1111 1935 1308 2007 monasterii
1323 1942 1384 2006 aut
1403 1932 1532 2029 paricla
1550 1954 1670 2005 eorum
1688 1932 1736 2005 ad
1757 1933 1933 2026 angariam

514 2058 663 2132 traheret
679 2061 736 2132 vel
753 2081 813 2132 eos
831 2062 949 2156 aliqua
966 2061 1152 2134 venatione
1172 2068 1344 2154 gravaret.
1364 2061 1521 2156 ipsorum
1541 2059 1657 2153 itaque
1674 2058 1933 2154 privilegiorum

515 2181 669 2278 inspecto
687 2192 826 2274 tenore,
846 2184 893 2258 ad
913 2185 1079 2259 humilem
1103 2184 1391 2281 supplicationem
1412 2183 1613 2258 eorumdem
1635 2183 1771 2256 abbatis
1792 2191 1828 2256 et
1853 2205 1933 2256 con-

516 2316 653 2394 ventus,
665 2317 782 2382 eterne
790 2309 1025 2383 retributionis
1034 2310 1229 2400 intuitu,de
1241 2309 1360 2383 innata
1370 2310 1506 2406 pietatis
1519 2319 1634 2382 nostre
1648 2311 1759 2404 gratia
1768 2317 1802 2382 et
1810 2308 1932 2382 eadem

516 2431 567 2504 eis
591 2432 804 2506 restituimus
828 2444 863 2506 et
886 2443 956 2508 tam
984 2436 1059 2531 ipsa
1084 2457 1190 2530 quam
1216 2435 1333 2508 omnia
1357 2457 1428 2529 que
1450 2435 1669 2508 continentur
1688 2433 1724 2504 in
1746 2433 1798 2506 eis
1819 2432 1932 2506 eidem

516 2559 723 2632 monasterio
744 2569 910 2656 perpetuo
936 2560 1104 2633 duximus
1130 2559 1378 2634 confirmanda.
1402 2560 1470 2658 lpsi
1491 2561 1596 2634 etiam
1622 2559 1668 2632 de
1688 2558 1932 2632 abundantiori

516 2681 626 2775 gratia
651 2682 893 2757 confirmantes
919 2685 955 2756 in
983 2696 1189 2782 perpetuum
1211 2707 1330 2758 omnes
1352 2707 1434 2758 snas
1459 2685 1687 2776 obedientias,
1711 2683 1874 2780 grangias
1898 2692 1934 2756 et
2050 2785 2059 2802 ι

517 2807 751 2900 possessiones
770 2816 805 2879 et
823 2831 963 2902 queque
982 2810 1049 2882 alia
1074 2810 1259 2884 tenimenta
1283 2830 1353 2904 qne
1374 2809 1467 2882 idem
1486 2809 1732 2882 monasterium
1754 2807 1934 2902 largitione

516 2951 637 3023 regum
660 2943 694 3002 et
717 2931 913 3029 principum
935 2957 976 3006 ac
995 2935 1140 3007 aliorum
1161 2934 1334 3008 oblatione
1353 2934 1509 3009 fidelium
1524 2935 1618 3027 juste
1634 2943 1670 3006 et
1687 2932 1935 3008 rationabiliter

517 3065 610 3129 tenet
622 3065 658 3128 et
674 3057 840 3153 possidet,
855 3068 956 3154 prout
973 3060 1009 3130 in
1025 3059 1181 3157 ipsorum
1200 3060 1393 3156 privilegiis
1414 3069 1449 3132 et
1466 3059 1702 3132 instrumentis
1721 3059 1934 3153 dignoscitur

517 3179 684 3252 contineri
707 3189 743 3252 et
764 3181 853 3253 sicut
872 3204 914 3256 ea
935 3183 1052 3256 omnia
1074 3186 1286 3280 temporibus
1308 3184 1399 3279 regis
1417 3183 1589 3256 Guillclmi
1612 3183 1759 3280 predicti
1783 3183 1934 3256 rationa-

514 3303 629 3377 biliter
650 3314 684 3377 et
706 3306 850 3400 pacifice
871 3306 1085 3402 dignoscitur
1106 3310 1257 3382 tenuisse
1278 3319 1384 3404 atque
1407 3310 1443 3380 in
1467 3310 1622 3382 laturum
1640 3310 1734 3402 justo
1753 3308 1852 3380 titulo
1872 3329 1932 3404 po·

516 3430 594 3503 terit
607 3430 775 3527 adipisci,
795 3432 862 3504 nisi
883 3433 1008 3504 fuerint
1021 3433 1066 3506 de
1087 3434 1202 3508 feudis
1220 3435 1276 3506 vel
1291 3434 1447 3507 serviciis
1466 3433 1634 3530 obligata,
1653 3433 1751 3506 salvo
1771 3432 1934 3505 mandato

514 3565 549 3629 et
578 3556 795 3629 ordinatione
821 3568 948 3630 nostra.
977 3557 1033 3630 Ad
1060 3557 1166 3651 huJus
1195 3569 1312 3632 autem
1340 3568 1455 3632 nostre
1482 3557 1708 3631 restitutionis
1733 3558 1934 3630 memoriam

516 3691 683 3776 perpetuo
702 3683 887 3755 valituram
907 3705 1049 3780 presens
1070 3685 1236 3780 scriptum
1256 3707 1458 3781 parmenus
1476 3685 1565 3758 Petri
1584 3683 1629 3757 de
1649 3684 1790 3758 Salerno
1808 3682 1933 3756 notarii

515 3804 786 3879 etfidclisnostri
803 3806 907 3879 scribi
921 3817 956 3881 et
967 3810 1155 3902 majestatis
1166 3819 1280 3884 nostre
1294 3810 1407 3904 sigillo
1415 3809 1584 3904 jussimus
1595 3808 1814 3902 communiri,
1826 3829 1930 3896 anno,

515 3953 634 4005 mense
650 3941 684 4004 et
700 3931 889 4005 indictione
904 3933 1120 4031 subscriptis.

565 4059 690 4129 Datum
708 4056 915 4150 Brundusii,
935 4081 1028 4132 anno
1044 4059 1218 4144 dominice
1237 4060 1483 4133 incarnationis
1497 4059 1678 4132 millesimo
1697 4058 1934 4132 ducentesimo

515 4181 684 4276 vigesimo
707 4181 837 4277 primo,
861 4203 979 4254 mense
1006 4185 1137 4276 martii,
1158 4185 1347 4258 indictione
1370 4207 1482 4274 nona,
1509 4184 1643 4280 imperii
1669 4181 1801 4256 domini
1826 4179 1932 4253 nostri

454 4367 458 4378 .
512 4303 686 4378 Fredorici
698 4305 761 4377 Dei
777 4306 887 4399 gratia
905 4307 1141 4400 gloriosissimi
1156 4311 1387 4383 Romanorum
1400 4308 1627 4405 imperatoris,
1640 4327 1777 4404 semper
1794 4306 1933 4400 augusti

515 4437 550 4503 et
568 4429 660 4524 regis
681 4428 796 4502 Sicilie
818 4452 910 4503 anno
930 4432 1061 4527 primo,
1086 4435 1184 4529 regni
1208 4456 1290 4508 vero
1311 4435 1427 4508 Sicilie
1448 4432 1754 4524 vicesimotertio,
1774 4430 1931 4504 feliciter.

513 4553 637 4626 Amen.

556 4695 597 4776 (a)
621 4697 656 4757 In
670 4699 812 4776 impresso
825 4717 933 4781 pacoro,
947 4701 1035 4762 male.
