4436 5870
2165 299 2170 470 l

540 583 580 646 :re
1039 591 1251 653 rnrnunrer
1276 593 1451 655 secuunr
1762 597 1843 674 [aas.
1863 598 1946 660 raso.

542 721 742 816 capitaneus
766 724 822 793 vel
838 731 1037 818 procurator
1054 727 1181 820 aliquis
1203 729 1367 822 nullaque
1387 729 1529 801 omniuo
1547 749 1693 824 wenna
1710 733 1873 804 secularis
1897 735 1949 804 vel

540 845 770 919 ecclesiastica
787 846 863 918 sive
880 848 1029 921 nuncius
1041 850 1117 923 sive
1140 850 1273 946 legatus
1291 861 1406 925 noster
1422 851 1554 924 dictum
1571 853 1759 948 Uguliunm
1777 853 1951 928 Albizeuis

539 980 574 1041 et
590 969 777 1063 Ugulinum
792 979 826 1042 et
837 970 1039 1046 Albizonem
1055 984 1197 1069 nepotes
1209 979 1285 1068 ejus
1297 985 1333 1049 et
1346 976 1492 1050 heredes
1504 998 1586 1050 suos
1597 977 1821 1074 hominesque
1832 1001 1951 1053 omues

540 1093 706 1187 ipsorum,
719 1093 932 1190 ubicumque
945 1096 981 1168 in
992 1097 1157 1192 predictis
1168 1099 1288 1170 cestris
1297 1101 1352 1172 vel
1366 1099 1451 1172 locis
1461 1100 1517 1172 vel
1527 1100 1610 1172 alibi
1621 1100 1834 1196 ubicumque
1844 1104 1901 1175 vel
1913 1103 1947 1174 in

537 1217 1085 1313 quibuscumqueeivitatibosvcl
1094 1222 1179 1294 locis
1191 1234 1375 1313 morantes,
1383 1225 1500 1320 aliquo
1509 1224 1614 1299 modo
1622 1247 1766 1318 gravare
1774 1237 1947 1321 presumat

536 1342 592 1414 vel
606 1341 733 1416 audeat
748 1343 937 1418 ullomodo
951 1346 1130 1418 molestare
1153 1349 1209 1420 vel
1232 1348 1367 1442 sliquos
1391 1347 1522 1436 deeius,
1540 1349 1712 1444 augurius,
1730 1350 1947 1446 perengarius

535 1468 590 1540 vel
603 1467 671 1540 alie
683 1488 904 1562 quecumque
917 1468 1064 1562 alicujus
1078 1471 1254 1566 provincie
1266 1473 1322 1544 vel
1338 1471 1583 1546 dominationis
1595 1493 1699 1546 onere
1712 1475 1769 1546 vel
1782 1495 1945 1568 quecum-

531 1613 602 1686 que
618 1593 822 1686 gravamine
840 1591 1016 1687 imponere
1033 1595 1117 1690 ipsis
1139 1597 1195 1666 vel
1214 1595 1452 1690 aliquomodo
1468 1595 1581 1668 abeis
1597 1597 1738 1691 exigere
1756 1609 1943 1694 presumat,

531 1717 695 1792 videlicet
712 1714 778 1812 ipsi
804 1717 841 1788 in
862 1727 1067 1812 perpetuum
1089 1720 1135 1790 ab
1157 1721 1318 1792 omnibus
1342 1719 1505 1816 predictis
1530 1721 1628 1792 liberi
1645 1721 1714 1792 siut
1731 1728 1767 1793 et
1782 1721 1889 1816 quieti
1911 1731 1945 1794 et

533 1840 681 1914 absoluti
698 1864 778 1913 com
791 1840 954 1913 omnibus
966 1863 1085 1914 eorum
1108 1843 1210 1915 bonis
1228 1854 1264 1916 et
1280 1845 1385 1916 rebus
1404 1845 1622 1940 presentibus
1641 1853 1677 1918 et
1699 1844 1835 1917 luteris.
1853 1846 1944 1930 Que-

533 1986 683 2060 cumque
693 1985 776 2036 vero
787 1985 948 2058 persona,
961 1986 1066 2060 parve
1082 1968 1137 2038 vel
1150 1989 1288 2061 magna,
1300 1967 1465 2041 secularis
1480 1969 1536 2040 vel
1544 1968 1787 2058 ecclesiastica,
1799 1989 1846 2040 ex
1859 1989 1943 2063 pre-

532 2088 636 2161 dictis
653 2097 770 2160 contra
788 2087 879 2160 huuc
893 2090 1079 2182 majestatis
1099 2101 1216 2163 nostre
1236 2092 1491 2165 concessionem
1512 2091 1654 2165 eosdem
1674 2091 1794 2166 fideles
1812 2101 1943 2165 nostres

531 2212 721 2307 Ugnlinum
745 2209 921 2284 Albimnis
943 2221 979 2285 et
993 2213 1183 2306 Ugulinum
1205 2223 1240 2287 et
1261 2214 1462 2288 Albizenem
1482 2217 1538 2288 vel
1558 2215 1645 2288 alios
1662 2238 1781 2288 wem
1798 2215 1943 2289 heredes

531 2340 567 2410 iu
587 2337 705 2431 aliquo
729 2359 876 2430 gravere
896 2339 1157 2434 presumpserit,
1179 2349 1318 2412 centum
1340 2340 1446 2412 libras
1464 2340 1540 2412 auri
1558 2341 1638 2436 puri
1657 2362 1719 2436 pro
1739 2361 1830 2435 pena
1850 2361 1941 2412 ccm-

527 2471 653 2558 ponat‚
671 2461 862 2534 dimidium
888 2483 1025 2534 camme
1052 2473 1168 2535 nostre
1190 2472 1225 2536 et
1248 2463 1419 2558 reliquum
1444 2463 1556 2559 pessis
1578 2464 1752 2557 injuriam.
1772 2463 1827 2536 Ad
1843 2465 1942 2554 cujus

522 2588 625 2660 etiem
660 2587 697 2658 in
730 2595 906 2680 posterum
931 2585 1144 2659 evidentiam
1170 2587 1333 2682 paginam
1357 2587 1448 2660 huuc
1470 2588 1696 2683 conscriptam
1727 2587 1941 2660 celsitudinis

525 2720 638 2783 nostre
655 2708 768 2803 sigillo
780 2709 953 2802 jussimus
968 2709 1141 2803 insigniri.

571 2835 683 2925 llujus
704 2833 754 2904 rei
774 2842 856 2904 sunt
880 2843 983 2905 testes
1005 2834 1185 2907 Bertoldus
1208 2833 1402 2929 patriarcha
1420 2834 1695 2929 aquilegiensis,
1717 2833 1854 2906 Ulricus
1874 2832 1941 2905 Pe·

526 2957 676 3028 tavensis
686 2956 883 3050 episcopus,
897 2955 1046 3030 Silridos
1059 2957 1287 3051 Augustensis
1300 2958 1500 3055 episcopus,
1515 2958 1695 3032 Bertoldus
1708 2957 1935 3045 Brixiuensis,

528 3079 688 3151 Alhertns
708 3076 931 3150 Tridentinus
953 3079 1100 3170 electus,
1117 3081 1286 3154 lodoicus
1308 3081 1385 3154 dux
1403 3083 1565 3174 Bevsrie,
1587 3081 1787 3154 Wemmius
1812 3079 1857 3152 de
1874 3081 1940 3151 Bo-
2067 3157 2073 3167 ¹

529 3202 633 3275 landa
645 3201 791 3296 dapifer,
806 3199 993 3274 Anselmus
1005 3203 1051 3275 de
1066 3206 1084 3276 J
1087 3205 1246 3299 ustingen
1257 3207 1498 3298 marescalcus,
1513 3205 1710 3279 Everardus
1722 3203 1769 3278 de
1783 3203 1875 3276 Sutri
1885 3199 1940 3296 (l)

527 3324 650 3396 Tuscie
665 3345 795 3420 preses.

574 3448 719 3542 Signum
738 3447 870 3521 domini
883 3449 1046 3522 Frideriei
1061 3452 1218 3543 secundi,
1239 3454 1469 3526 Romanorum
1489 3453 1705 3548 imperatoris
1722 3450 1939 3522 invictissimi

411 3571 416 3578 '
527 3579 562 3642 ct
577 3571 670 3663 regis
684 3571 812 3643 Sicilie.

574 3694 618 3766 Et
638 3715 705 3788 ego
720 3694 898 3768 Conradus
911 3697 973 3767 Dei
990 3697 1098 3788 gretie
1120 3697 1284 3772 llletensis
1299 3711 1335 3772 et
1350 3701 1520 3794 Spirensis
1533 3700 1733 3795 episcopus,
1750 3697 1937 3793 imperialis

528 3820 608 3892 aule
632 3819 875 3910 cancellarius,
905 3819 1132 3892 vicedomini
1156 3821 1391 3917 llenghilberti
1406 3824 1616 3897 coloniensis
1633 3820 1885 3918 archiepiscopi
1906 3830 1941 3892 et

528 3943 632 4016 totius
650 3944 746 4016 ltelie
770 3943 1061 4016 archicancellarii
1078 3947 1277 4040 recognovi.

574 4067 660 4140 Acta
674 4076 756 4138 sunt
768 4066 833 4139 hec
847 4087 940 4140 enno
955 4064 1132 4140 dominice
1144 4069 1388 4142 inoemationis
1401 4069 1582 4143 millesimo
1596 4068 1728 4158 CCXX,
1750 4065 1939 4140 indictione

527 4209 630 4276 nona,
645 4191 835 4284 imperante
847 4190 988 4263 domiuo
998 4201 1114 4264 nostre
1127 4191 1351 4265 invictissimo
1362 4193 1534 4267 Friderico
1544 4194 1776 4266 Romanorum
1791 4189 1939 4284 impe-u-

528 4313 796 4404 toreetglorieso
804 4335 887 4407 rege
896 4314 1023 4404 Sicilie,
1034 4335 1125 4386 anno
1139 4314 1273 4411 imperii
1283 4318 1358 4410 ejus
1371 4318 1495 4413 primo,
1507 4315 1604 4411 regni
1612 4337 1694 4388 vero
1704 4311 1935 4388 SieilieXXIl.

1729 4553 1918 4566 *oo-nes·
1925 4553 1929 4560 ¹

563 4643 598 4714 (l)
617 4643 677 4700 Nou
687 4642 863 4701 dubitandum
875 4647 940 4719 quin
953 4646 990 4701 ibi
1001 4651 1037 4703 rut
1046 4647 1187 4720 legendum
1198 4652 1353 4710 Everordus
1366 4655 1398 4711 de
1416 4655 1506 4712 butro
1517 4652 1565 4730 qui
1577 4653 1713 4712 multoties
1725 4654 1753 4710 in
1768 4651 1938 4712 documentis

527 4740 608 4812 lrujtrs
621 4739 749 4813 temporis
757 4749 930 4800 memorator.
942 4743 1056 4800 Nomina
1068 4752 1234 4804 caeterorum
1248 4751 1356 4805 testium
1370 4769 1403 4809 ex
1415 4753 1638 4826 praecedentibus
1651 4752 1825 4808 correximus.
