4298 5898
225 577 322 638 lrrnrur.
342 577 402 656 12]
670 572 867 634 HISTORIA
891 571 1187 636 blrtollurlclt
1580 575 1642 640 tls

225 713 299 786 suis
318 711 498 809 possident
517 707 626 806 possit
643 709 784 782 nomine
800 707 944 780 ecclesie
962 707 1143 802 petitiones
1164 719 1199 782 et
1214 709 1367 782 actiones
1384 708 1450 781 sub
1470 709 1640 786 advocato

225 836 370 910 ecclesie
386 835 550 928 dirigere,
567 841 602 908 et
618 832 809 907 advocatus
821 832 1024 906 auctoritate
1040 833 1208 928 imperiali
1225 833 1332 930 possit
1344 835 1503 927 judicare
1517 844 1553 908 et
1565 837 1641 928 ejus

224 960 393 1034 sententia
411 958 613 1032 auctoritate
627 957 796 1053 imperiali
803 1011 1135 1030 .........
1161 959 1245 1032 ltem
1262 959 1487 1034 concedimus
1499 981 1642 1055 quoque

226 1083 338 1157 eidem
361 1083 524 1178 episcopo
546 1081 642 1177 quod
667 1081 848 1176 petitiones
874 1090 909 1153 et
936 1081 1088 1156 actiones
1111 1105 1192 1155 suas
1218 1083 1326 1178 possit
1349 1083 1498 1178 dirigere
1522 1095 1641 1158 contra

224 1208 411 1301 quoslibet,
430 1206 678 1302 prescriptione
705 1206 771 1278 nisi
796 1216 935 1278 centurn
954 1228 1122 1280 annorum
1144 1231 1213 1280 non
1238 1206 1395 1281 obstante
1416 1209 1567 1302 preteriti
1583 1211 1640 1283 vel

225 1333 333 1405 loturi
367 1331 543 1426 temporis.
576 1330 804 1404 Conoedimus
828 1331 930 1403 etiam
938 1385 1150 1403 ......
1182 1332 1294 1405 eidem
1321 1334 1484 1427 episcopo
1514 1344 1550 1405 et
1579 1355 1642 1407 sue

225 1456 368 1530 ecclesie
395 1457 539 1552 suisque
567 1455 824 1528 successoribus
855 1454 1022 1551 palatium
1054 1465 1209 1529 nostrum
1241 1477 1321 1527 cum
1348 1457 1478 1552 capella
1504 1466 1639 1530 etcum

227 1589 296 1655 toto
318 1581 415 1677 quod
419 1633 754 1654 .........
777 1580 946 1653 babemus
968 1579 1005 1651 in
1031 1581 1170 1654 civitate
1190 1578 1352 1654 videlicet
1376 1580 1525 1675 Regina,
1543 1581 1641 1676 quod

225 1705 329 1780 habet
354 1708 439 1778 tales
467 1704 554 1779 lines
582 1732 590 1776 :
621 1727 643 1777 a
669 1727 771 1778 mane
794 1705 978 1801 llalapresi
982 1760 1357 1777 ..........
1383 1715 1419 1778 et
1438 1728 1460 1778 a
1483 1727 1560 1778 sero
1582 1707 1640 1780 via

225 1830 378 1925 publica,
398 1829 443 1904 de
455 1831 558 1904 subto
572 1831 672 1904 lovea
686 1829 851 1919 civitatis,
870 1838 910 1902 ut
925 1831 1041 1927 ipsum
1055 1830 1183 1905 babeat
1201 1843 1236 1904 et
1254 1839 1367 1903 teneat
1383 1852 1463 1902 cum
1478 1831 1642 1904 omnibus

225 1955 298 2028 suis
314 1947 530 2048 adjacentiis,
549 1957 647 2028 salvo
664 1964 780 2027 tamen
798 1956 900 2028 nobis
916 1966 952 2030 et
969 1958 1228 2031 successoribus
1249 1957 1374 2029 nostris
1388 1956 1482 2052 quod
1500 1956 1642 2050 quando

225 2079 371 2173 Regium
395 2080 594 2154 venerimus
619 2080 792 2176 possimus
796 2133 1210 2155 ...........
1235 2083 1363 2178 palatio
1382 2079 1592 2154 descendere
1609 2090 1643 2155 et

225 2204 402 2298 hospitari.
422 2204 525 2291 Quod
543 2215 659 2277 autem
676 2215 715 2276 ut
731 2205 856 2278 certius
875 2207 1035 2280 credatur
1051 2216 1086 2280 et
1104 2205 1304 2301 diligentius
1317 2206 1535 2296 observetur,
1552 2205 1641 2280 hanc

224 2327 426 2419 hujusmodi
442 2329 695 2402 constitutionis
712 2329 874 2424 paginam
892 2329 1032 2424 sigillari
1050 2330 1231 2422 jussimus.
1253 2371 1295 2383 —
1316 2331 1432 2401 Testes
1449 2329 1641 2403 Willelmus

224 2455 406 2527 Ravennae
433 2455 737 2551 archiepiscopus,
765 2456 1007 2529 Oldevrandus
1036 2456 1279 2529 Volaterranos
1313 2455 1519 2550 episcopus,
1554 2456 1643 2528 Ber-

228 2575 359 2651 nardus
376 2580 605 2669 Faventinus,
625 2579 731 2675 Opizo
749 2581 941 2653 Parmensis
958 2582 1106 2674 electus,
1128 2603 1176 2653 ex
1190 2579 1371 2674 judicibus
1392 2579 1487 2652 curie
1504 2579 1643 2654 Medio·

223 2702 375 2775 lanensis
393 2702 568 2776 Amaldus
586 2703 744 2796 Strictns,
760 2704 921 2777 Albertns
939 2703 1103 2790 Strusius‚
1123 2704 1320 2777 Beruardus
1336 2703 1381 2776 de
1397 2702 1565 2776 Cuvriaco
1581 2706 1643 2800 qui

225 2822 328 2898 datus
348 2825 414 2898 iuit
432 2825 478 2899 ad
496 2836 649 2900 munem
673 2825 848 2921 dandam,
867 2828 976 2900 etalii
994 2828 1232 2923 quamplures.
1250 2868 1293 2881 -
1310 2829 1395 2900 Data
1413 2828 1529 2922 Regii,
1550 2851 1643 2902 anno

226 2946 398 3024 dominice
421 2951 669 3026 incarnationis
694 2952 876 3027 millesimo
902 2952 1088 3028 centesimo
1110 2953 1335 3045 nonagesimo
1359 2952 1500 3046 quinto,
1523 2953 1643 3025 indic-

226 3073 318 3148 tione
334 3077 424 3170 xlii,
446 3098 538 3151 nono
554 3077 722 3153 kalendas
730 3078 835 3173 junii.

275 3202 345 3273 Nos
364 3201 471 3294 igitur
497 3202 590 3275 illius
613 3202 741 3275 intuitu
771 3205 871 3298 cujus
894 3203 1084 3277 ministerio
1111 3204 1257 3276 ecclesie
1281 3211 1363 3275 sunt
1385 3201 1517 3292 dicate,
1534 3224 1556 3276 a
1572 3224 1644 3297 quo

225 3326 505 3420 recognoscimus
519 3325 617 3423 quod
630 3327 784 3402 vivimus
802 3338 837 3402 et
852 3351 1055 3425 regnamus,
1073 3339 1143 3403 tam
1159 3329 1316 3402 honestis
1334 3327 1645 3424 supplicationibus

225 3450 392 3541 inclinati,
405 3452 594 3546 prelectum
609 3453 775 3548 scriptum
789 3454 835 3528 de
844 3453 952 3529 verbo
965 3453 1012 3530 ad
1026 3454 1172 3528 verbnm
1186 3453 1290 3526 scribi
1304 3461 1339 3526 et
1350 3452 1509 3528 innovari
1523 3473 1643 3548 prece-

225 3573 341 3670 pimus
358 3585 392 3648 et
411 3575 498 3650 illud
515 3576 562 3650 de
578 3587 695 3652 nostra
715 3579 826 3673 gratia
842 3579 1010 3653 duximus
1028 3578 1317 3652 confirmandum.
1336 3578 1542 3652 Mandamus
1560 3598 1643 3673 pre-

224 3701 312 3772 senti
330 3708 520 3774 statuentes
532 3702 648 3776 edicto
662 3713 702 3776 ut
721 3705 838 3777 nullus
856 3703 946 3794 dux,
966 3703 1133 3794 marchio,
1153 3725 1281 3796 comes,
1299 3703 1506 3791 vicecomes,
1524 3711 1644 3798 potes—

225 3835 290 3915 tas,
309 3834 431 3918 rector,
453 3827 594 3920 consul,
616 3828 848 3903 ecclesiastica
863 3830 920 3903 vel
945 3827 1110 3901 secularis
1127 3849 1290 3924 persona,
1310 3829 1380 3900 alta
1398 3827 1455 3899 vel
1482 3825 1640 3916 humilis,

225 3957 343 4023 contra
377 3952 545 4046 presentis
577 3951 812 4026 innovationis
847 3961 882 4027 et
917 3950 1189 4026 confirmationis
1221 3949 1385 4047 paginam
1419 3959 1642 4024 memoratam

225 4073 404 4148 ecclesiam
424 4077 606 4151 molestare
629 4087 826 4174 presumat,
848 4077 966 4174 etqui
990 4077 1238 4174 presumpserit
1259 4075 1512 4173 qninquaginta
1536 4074 1642 4148 libras

224 4199 356 4293 argenti
377 4210 578 4298 componat,
596 4223 746 4299 quarum
768 4202 937 4278 medietas
952 4203 1048 4276 curie
1069 4210 1185 4276 nostre
1205 4201 1387 4296 etreliqua
1408 4199 1520 4297 passis
1544 4199 1643 4293 inju-

224 4322 311 4394 riam
338 4326 564 4418 persolvetur.
586 4327 641 4401 Ad
665 4329 771 4422 hujus
789 4329 907 4423 itaque
923 4327 1158 4402 innovationis
1181 4336 1217 4402 et
1234 4323 1502 4399 confirmationis
1527 4333 1643 4398 nostre

226 4449 427 4521 memoriam
454 4459 489 4522 et
513 4463 716 4549 perpetuam
745 4452 960 4544 firmitatem,
985 4473 1126 4548 presens
1154 4450 1375 4547 privilegium
1398 4449 1472 4524 lieri
1496 4449 1643 4524 lecimus

225 4571 321 4666 quod
338 4573 444 4668 sigilli
462 4577 568 4650 nostri
587 4579 710 4654 robore
721 4579 888 4675 jussimus
905 4578 1123 4653 communiri.

275 4697 386 4789 Hujus
403 4706 520 4774 autem
543 4703 592 4776 rei
611 4711 715 4778 testes
734 4714 816 4776 sunt
838 4705 1010 4779 Bcrardus
1026 4704 1290 4778 Panormitanus
1307 4711 1342 4775 et
1360 4701 1521 4776 Nicolaus
1541 4697 1642 4800 [Ta]-
