<?xml version="1.0" encoding="UTF-8"?>
<!DOCTYPE html PUBLIC "-//W3C//DTD XHTML 1.0 Transitional//EN"
    "http://www.w3.org/TR/xhtml1/DTD/xhtml1-transitional.dtd">
<html xmlns="http://www.w3.org/1999/xhtml" xml:lang="en" lang="en">
 <head>
  <title>
</title>
<meta http-equiv="Content-Type" content="text/html;charset=utf-8" />
  <meta name='ocr-system' content='tesseract 3.04.00' />
  <meta name='ocr-capabilities' content='ocr_page ocr_carea ocr_par ocr_line ocrx_word'/>
</head>
<body>
  <div class='ocr_page' id='page_1' title='image "./historiadiploma08fredgoog_0491.png"; bbox 0 0 4298 5898; ppageno 0'>
   <div class='ocr_carea' id='block_1_1' title="bbox 171 548 1622 1043">
    <p class='ocr_par' dir='ltr' id='par_1_1' title="bbox 171 548 1622 1043">
     <span class='ocr_line' id='line_1_1' title="bbox 207 548 1622 649; baseline -0.014 -20"><span class='ocrx_word' id='word_1_1' title='bbox 207 567 305 628; x_wconf 76' lang='lat' dir='ltr'><strong>lamcr.</strong></span> <span class='ocrx_word' id='word_1_2' title='bbox 325 564 384 649; x_wconf 74' lang='lat' dir='ltr'><strong>la]</strong></span> <span class='ocrx_word' id='word_1_3' title='bbox 656 560 853 624; x_wconf 72' lang='lat' dir='ltr'><strong>fllsaonln</strong></span> <span class='ocrx_word' id='word_1_4' title='bbox 876 554 1172 620; x_wconf 69' lang='lat' dir='ltr'><strong>nlrnonnrlca</strong></span> <span class='ocrx_word' id='word_1_5' title='bbox 1559 548 1622 610; x_wconf 75' lang='lat'><strong>479</strong></span> 
     </span>
     <span class='ocr_line' id='line_1_2' title="bbox 171 683 1621 798; baseline -0.015 -20"><span class='ocrx_word' id='word_1_6' title='bbox 171 747 176 756; x_wconf 92' lang='lat'>·</span> <span class='ocrx_word' id='word_1_7' title='bbox 205 705 299 798; x_wconf 82' lang='lat' dir='ltr'><strong>juste</strong></span> <span class='ocrx_word' id='word_1_8' title='bbox 318 698 511 798; x_wconf 71' lang='lat' dir='ltr'><strong>spectantia</strong></span> <span class='ocrx_word' id='word_1_9' title='bbox 528 719 571 772; x_wconf 91' lang='lat' dir='ltr'><strong>ac</strong></span> <span class='ocrx_word' id='word_1_10' title='bbox 593 697 787 795; x_wconf 73' lang='lat' dir='ltr'><strong>specialiter</strong></span> <span class='ocrx_word' id='word_1_11' title='bbox 805 695 1057 794; x_wconf 86' lang='lat' dir='ltr'><strong>possessionem</strong></span> <span class='ocrx_word' id='word_1_12' title='bbox 1076 691 1123 765; x_wconf 91' lang='lat' dir='ltr'><strong>de</strong></span> <span class='ocrx_word' id='word_1_13' title='bbox 1139 688 1303 783; x_wconf 79' lang='lat' dir='ltr'><strong>Biringan</strong></span> <span class='ocrx_word' id='word_1_14' title='bbox 1324 707 1405 760; x_wconf 92' lang='lat' dir='ltr'><strong>cum</strong></span> <span class='ocrx_word' id='word_1_15' title='bbox 1417 683 1568 777; x_wconf 76' lang='lat' dir='ltr'><strong>iusticiis</strong></span> <span class='ocrx_word' id='word_1_16' title='bbox 1584 692 1621 758; x_wconf 85' lang='lat' dir='ltr'><strong>et</strong></span> 
     </span>
     <span class='ocr_line' id='line_1_3' title="bbox 209 807 1620 919; baseline -0.016 -17"><span class='ocrx_word' id='word_1_17' title='bbox 209 827 401 902; x_wconf 84' lang='lat' dir='ltr'><strong>rationibus</strong></span> <span class='ocrx_word' id='word_1_18' title='bbox 415 825 620 919; x_wconf 84' lang='lat' dir='ltr'><strong>suis,quam</strong></span> <span class='ocrx_word' id='word_1_19' title='bbox 631 823 756 896; x_wconf 88' lang='lat' dir='ltr'><strong>emisse</strong></span> <span class='ocrx_word' id='word_1_20' title='bbox 768 820 951 896; x_wconf 90' lang='lat' dir='ltr'><strong>diciturab</strong></span> <span class='ocrx_word' id='word_1_21' title='bbox 962 817 1110 890; x_wconf 82' lang='lat' dir='ltr'><strong>ilenrico</strong></span> <span class='ocrx_word' id='word_1_22' title='bbox 1118 814 1165 889; x_wconf 91' lang='lat' dir='ltr'><strong>da</strong></span> <span class='ocrx_word' id='word_1_23' title='bbox 1176 812 1401 908; x_wconf 81' lang='lat' dir='ltr'><strong>Langanberc</strong></span> <span class='ocrx_word' id='word_1_24' title='bbox 1413 818 1449 882; x_wconf 86' lang='lat' dir='ltr'><strong>et</strong></span> <span class='ocrx_word' id='word_1_25' title='bbox 1459 807 1620 882; x_wconf 86' lang='lat' dir='ltr'><strong>Conrado</strong></span> 
     </span>
     <span class='ocr_line' id='line_1_4' title="bbox 209 933 1621 1043; baseline -0.014 -17"><span class='ocrx_word' id='word_1_26' title='bbox 209 952 255 1026; x_wconf 86' lang='lat' dir='ltr'><strong>de</strong></span> <span class='ocrx_word' id='word_1_27' title='bbox 270 949 467 1040; x_wconf 88' lang='lat' dir='ltr'><strong>Crutbaim,</strong></span> <span class='ocrx_word' id='word_1_28' title='bbox 485 949 578 1022; x_wconf 88' lang='lat' dir='ltr'><strong>sicut</strong></span> <span class='ocrx_word' id='word_1_29' title='bbox 592 947 687 1022; x_wconf 90' lang='lat' dir='ltr'><strong>illam</strong></span> <span class='ocrx_word' id='word_1_30' title='bbox 704 945 859 1043; x_wconf 82' lang='lat' dir='ltr'>possidet</span> <span class='ocrx_word' id='word_1_31' title='bbox 871 946 966 1038; x_wconf 89' lang='lat' dir='ltr'><strong>justo</strong></span> <span class='ocrx_word' id='word_1_32' title='bbox 983 942 1084 1014; x_wconf 89' lang='lat' dir='ltr'><strong>titulo</strong></span> <span class='ocrx_word' id='word_1_33' title='bbox 1102 937 1303 1036; x_wconf 78' lang='lat' dir='ltr'><strong>emptionis,</strong></span> <span class='ocrx_word' id='word_1_34' title='bbox 1324 935 1391 1008; x_wconf 87' lang='lat' dir='ltr'><strong>sub</strong></span> <span class='ocrx_word' id='word_1_35' title='bbox 1412 933 1621 1029; x_wconf 89' lang='lat' dir='ltr'><strong>protectione</strong></span> 
     </span>
    </p>
   </div>
   <div class='ocr_carea' id='block_1_2' title="bbox 209 1057 1623 2292">
    <p class='ocr_par' dir='ltr' id='par_1_2' title="bbox 209 1057 1623 2020">
     <span class='ocr_line' id='line_1_5' title="bbox 209 1057 1619 1167; baseline -0.015 -16"><span class='ocrx_word' id='word_1_36' title='bbox 209 1087 244 1151; x_wconf 87' lang='lat' dir='ltr'><strong>et</strong></span> <span class='ocrx_word' id='word_1_37' title='bbox 259 1076 459 1150; x_wconf 82' lang='lat' dir='ltr'><strong>defensione</strong></span> <span class='ocrx_word' id='word_1_38' title='bbox 476 1081 593 1147; x_wconf 80' lang='lat' dir='ltr'><strong>nosba</strong></span> <span class='ocrx_word' id='word_1_39' title='bbox 607 1079 643 1144; x_wconf 91' lang='lat' dir='ltr'><strong>et</strong></span> <span class='ocrx_word' id='word_1_40' title='bbox 660 1071 796 1167; x_wconf 91' lang='lat' dir='ltr'><strong>imperii</strong></span> <span class='ocrx_word' id='word_1_41' title='bbox 815 1069 1009 1165; x_wconf 72' lang='lat' dir='ltr'><strong>recepimus</strong></span> <span class='ocrx_word' id='word_1_42' title='bbox 1023 1065 1183 1163; x_wconf 87' lang='lat' dir='ltr'><strong>speciali;</strong></span> <span class='ocrx_word' id='word_1_43' title='bbox 1204 1062 1408 1136; x_wconf 84' lang='lat' dir='ltr'><strong>mandantes</strong></span> <span class='ocrx_word' id='word_1_44' title='bbox 1424 1070 1458 1132; x_wconf 91' lang='lat' dir='ltr'><strong>et</strong></span> <span class='ocrx_word' id='word_1_45' title='bbox 1476 1057 1619 1131; x_wconf 86' lang='lat' dir='ltr'><strong>firmiter</strong></span> 
     </span>
     <span class='ocr_line' id='line_1_6' title="bbox 211 1180 1619 1293; baseline -0.013 -20"><span class='ocrx_word' id='word_1_46' title='bbox 211 1200 404 1273; x_wconf 79' lang='lat' dir='ltr'><strong>inhibentes</strong></span> <span class='ocrx_word' id='word_1_47' title='bbox 421 1205 593 1293; x_wconf 70' lang='lat' dir='ltr'><strong>quatem</strong></span> <span class='ocrx_word' id='word_1_48' title='bbox 607 1194 724 1267; x_wconf 87' lang='lat' dir='ltr'><strong>nullos</strong></span> <span class='ocrx_word' id='word_1_49' title='bbox 743 1192 789 1266; x_wconf 90' lang='lat' dir='ltr'><strong>sit</strong></span> <span class='ocrx_word' id='word_1_50' title='bbox 802 1192 864 1288; x_wconf 85' lang='lat' dir='ltr'><strong>qui</strong></span> <span class='ocrx_word' id='word_1_51' title='bbox 881 1199 998 1264; x_wconf 88' lang='lat' dir='ltr'><strong>contra</strong></span> <span class='ocrx_word' id='word_1_52' title='bbox 1016 1191 1105 1262; x_wconf 92' lang='lat' dir='ltr'><strong>banc</strong></span> <span class='ocrx_word' id='word_1_53' title='bbox 1121 1184 1342 1284; x_wconf 84' lang='lat' dir='ltr'><strong>protectionis</strong></span> <span class='ocrx_word' id='word_1_54' title='bbox 1359 1193 1394 1256; x_wconf 89' lang='lat' dir='ltr'><strong>et</strong></span> <span class='ocrx_word' id='word_1_55' title='bbox 1411 1180 1619 1256; x_wconf 84' lang='lat' dir='ltr'><strong>defensionis</strong></span> 
     </span>
     <span class='ocr_line' id='line_1_7' title="bbox 211 1306 1620 1420; baseline -0.014 -22"><span class='ocrx_word' id='word_1_56' title='bbox 211 1332 326 1398; x_wconf 86' lang='lat' dir='ltr'><strong>nostre</strong></span> <span class='ocrx_word' id='word_1_57' title='bbox 343 1323 506 1420; x_wconf 77' lang='lat' dir='ltr'><strong>paginam</strong></span> <span class='ocrx_word' id='word_1_58' title='bbox 525 1320 720 1418; x_wconf 86' lang='lat' dir='ltr'><strong>predictum</strong></span> <span class='ocrx_word' id='word_1_59' title='bbox 735 1317 999 1409; x_wconf 85' lang='lat' dir='ltr'><strong>monasterium,</strong></span> <span class='ocrx_word' id='word_1_60' title='bbox 1020 1323 1229 1390; x_wconf 86' lang='lat' dir='ltr'><strong>conventum</strong></span> <span class='ocrx_word' id='word_1_61' title='bbox 1244 1321 1280 1384; x_wconf 86' lang='lat' dir='ltr'><strong>et</strong></span> <span class='ocrx_word' id='word_1_62' title='bbox 1292 1313 1386 1403; x_wconf 86' lang='lat' dir='ltr'><strong>justa</strong></span> <span class='ocrx_word' id='word_1_63' title='bbox 1401 1310 1493 1381; x_wconf 88' lang='lat' dir='ltr'><strong>bona</strong></span> <span class='ocrx_word' id='word_1_64' title='bbox 1509 1306 1620 1404; x_wconf 88' lang='lat' dir='ltr'><strong>ipsius</strong></span> 
     </span>
     <span class='ocr_line' id='line_1_8' title="bbox 210 1431 1618 1541; baseline -0.013 -19"><span class='ocrx_word' id='word_1_65' title='bbox 210 1459 339 1522; x_wconf 86' lang='lat' dir='ltr'><strong>temere</strong></span> <span class='ocrx_word' id='word_1_66' title='bbox 359 1448 540 1520; x_wconf 74' lang='lat' dir='ltr'><strong>molestare</strong></span> <span class='ocrx_word' id='word_1_67' title='bbox 563 1466 626 1518; x_wconf 85' lang='lat' dir='ltr'><strong>seu</strong></span> <span class='ocrx_word' id='word_1_68' title='bbox 648 1443 848 1541; x_wconf 85' lang='lat' dir='ltr'><strong>parturbare</strong></span> <span class='ocrx_word' id='word_1_69' title='bbox 871 1451 1058 1540; x_wconf 79' lang='lat' dir='ltr'><strong>presumat.</strong></span> <span class='ocrx_word' id='word_1_70' title='bbox 1079 1439 1180 1526; x_wconf 89' lang='lat' dir='ltr'><strong>Quod</strong></span> <span class='ocrx_word' id='word_1_71' title='bbox 1204 1437 1265 1532; x_wconf 88' lang='lat' dir='ltr'><strong>qui</strong></span> <span class='ocrx_word' id='word_1_72' title='bbox 1289 1433 1536 1532; x_wconf 85' lang='lat' dir='ltr'><strong>presumpserit</strong></span> <span class='ocrx_word' id='word_1_73' title='bbox 1556 1431 1618 1505; x_wconf 89' lang='lat' dir='ltr'><strong>iu-</strong></span> 
     </span>
     <span class='ocr_line' id='line_1_9' title="bbox 211 1561 1617 1667; baseline -0.013 -20"><span class='ocrx_word' id='word_1_74' title='bbox 211 1572 447 1667; x_wconf 80' lang='lat' dir='ltr'><strong>dignationem</strong></span> <span class='ocrx_word' id='word_1_75' title='bbox 473 1571 579 1645; x_wconf 86' lang='lat' dir='ltr'><strong>nostri</strong></span> <span class='ocrx_word' id='word_1_76' title='bbox 607 1569 768 1644; x_wconf 88' lang='lat' dir='ltr'><strong>culminis</strong></span> <span class='ocrx_word' id='word_1_77' title='bbox 793 1589 831 1642; x_wconf 90' lang='lat' dir='ltr'><strong>se</strong></span> <span class='ocrx_word' id='word_1_78' title='bbox 863 1569 998 1642; x_wconf 91' lang='lat' dir='ltr'><strong>noverit</strong></span> <span class='ocrx_word' id='word_1_79' title='bbox 1026 1569 1257 1640; x_wconf 88' lang='lat' dir='ltr'><strong>incursurum.</strong></span> <span class='ocrx_word' id='word_1_80' title='bbox 1289 1561 1346 1635; x_wconf 80' lang='lat' dir='ltr'><strong>Ad</strong></span> <span class='ocrx_word' id='word_1_81' title='bbox 1370 1561 1475 1652; x_wconf 79' lang='lat' dir='ltr'><strong>buJ’us</strong></span> <span class='ocrx_word' id='word_1_82' title='bbox 1502 1565 1617 1632; x_wconf 88' lang='lat' dir='ltr'><strong>autem</strong></span> 
     </span>
     <span class='ocr_line' id='line_1_10' title="bbox 213 1685 1617 1794; baseline -0.014 -21"><span class='ocrx_word' id='word_1_83' title='bbox 213 1699 432 1794; x_wconf 85' lang='lat' dir='ltr'><strong>protectionis</strong></span> <span class='ocrx_word' id='word_1_84' title='bbox 449 1708 484 1770; x_wconf 88' lang='lat' dir='ltr'><strong>ct</strong></span> <span class='ocrx_word' id='word_1_85' title='bbox 495 1695 706 1771; x_wconf 81' lang='lat' dir='ltr'><strong>defensionis</strong></span> <span class='ocrx_word' id='word_1_86' title='bbox 718 1705 833 1768; x_wconf 87' lang='lat' dir='ltr'><strong>nostre</strong></span> <span class='ocrx_word' id='word_1_87' title='bbox 850 1693 1049 1767; x_wconf 87' lang='lat' dir='ltr'><strong>memoriam</strong></span> <span class='ocrx_word' id='word_1_88' title='bbox 1063 1701 1098 1764; x_wconf 91' lang='lat' dir='ltr'><strong>et</strong></span> <span class='ocrx_word' id='word_1_89' title='bbox 1111 1691 1225 1788; x_wconf 76' lang='lat' dir='ltr'><strong>robur¹</strong></span> <span class='ocrx_word' id='word_1_90' title='bbox 1235 1696 1401 1784; x_wconf 87' lang='lat' dir='ltr'><strong>perpetuo</strong></span> <span class='ocrx_word' id='word_1_91' title='bbox 1418 1685 1617 1772; x_wconf 84' lang='lat' dir='ltr'><strong>valiturum,</strong></span> 
     </span>
     <span class='ocr_line' id='line_1_11' title="bbox 213 1811 1623 1921; baseline -0.013 -22"><span class='ocrx_word' id='word_1_92' title='bbox 213 1845 356 1921; x_wconf 87' lang='lat' dir='ltr'><strong>presens</strong></span> <span class='ocrx_word' id='word_1_93' title='bbox 382 1823 548 1919; x_wconf 90' lang='lat' dir='ltr'><strong>scriptum</strong></span> <span class='ocrx_word' id='word_1_94' title='bbox 574 1822 648 1895; x_wconf 91' lang='lat' dir='ltr'><strong>fieri</strong></span> <span class='ocrx_word' id='word_1_95' title='bbox 682 1831 717 1894; x_wconf 90' lang='lat' dir='ltr'><strong>et</strong></span> <span class='ocrx_word' id='word_1_96' title='bbox 743 1819 957 1894; x_wconf 84' lang='lat' dir='ltr'><strong>celsitudinis</strong></span> <span class='ocrx_word' id='word_1_97' title='bbox 987 1825 1103 1892; x_wconf 88' lang='lat' dir='ltr'><strong>nostre</strong></span> <span class='ocrx_word' id='word_1_98' title='bbox 1130 1815 1244 1909; x_wconf 77' lang='lat' dir='ltr'><strong>sigillo</strong></span> <span class='ocrx_word' id='word_1_99' title='bbox 1273 1811 1490 1910; x_wconf 85' lang='lat' dir='ltr'><strong>precepimus</strong></span> <span class='ocrx_word' id='word_1_100' title='bbox 1524 1830 1623 1882; x_wconf 92' lang='lat' dir='ltr'><strong>com-</strong></span> 
     </span>
     <span class='ocr_line' id='line_1_12' title="bbox 215 1948 355 2020; baseline -0.007 0"><span class='ocrx_word' id='word_1_101' title='bbox 215 1948 355 2020; x_wconf 90' lang='lat' dir='ltr'><strong>muniri.</strong></span> 
     </span>
    </p>

    <p class='ocr_par' dir='ltr' id='par_1_3' title="bbox 212 2059 1617 2292">
     <span class='ocr_line' id='line_1_13' title="bbox 261 2059 1617 2168; baseline -0.009 -24"><span class='ocrx_word' id='word_1_102' title='bbox 261 2075 348 2146; x_wconf 91' lang='lat' dir='ltr'><strong>Data</strong></span> <span class='ocrx_word' id='word_1_103' title='bbox 363 2071 488 2168; x_wconf 72' lang='lat' dir='ltr'><strong>logie,</strong></span> <span class='ocrx_word' id='word_1_104' title='bbox 505 2091 597 2146; x_wconf 88' lang='lat' dir='ltr'><strong>anno</strong></span> <span class='ocrx_word' id='word_1_105' title='bbox 611 2069 783 2145; x_wconf 88' lang='lat' dir='ltr'><strong>dominice</strong></span> <span class='ocrx_word' id='word_1_106' title='bbox 799 2067 1043 2142; x_wconf 87' lang='lat' dir='ltr'><strong>incarnationis</strong></span> <span class='ocrx_word' id='word_1_107' title='bbox 1063 2066 1244 2140; x_wconf 90' lang='lat' dir='ltr'><strong>millesimo</strong></span> <span class='ocrx_word' id='word_1_108' title='bbox 1265 2061 1501 2140; x_wconf 89' lang='lat' dir='ltr'><strong>ducentesimo</strong></span> <span class='ocrx_word' id='word_1_109' title='bbox 1518 2059 1617 2134; x_wconf 87' lang='lat' dir='ltr'><strong>vice-</strong></span> 
     </span>
     <span class='ocr_line' id='line_1_14' title="bbox 212 2189 1252 2292; baseline -0.008 -21"><span class='ocrx_word' id='word_1_110' title='bbox 212 2199 302 2272; x_wconf 91' lang='lat' dir='ltr'><strong>simo</strong></span> <span class='ocrx_word' id='word_1_111' title='bbox 318 2198 457 2292; x_wconf 89' lang='lat' dir='ltr'><strong>quinto,</strong></span> <span class='ocrx_word' id='word_1_112' title='bbox 477 2217 597 2271; x_wconf 90' lang='lat' dir='ltr'><strong>mense</strong></span> <span class='ocrx_word' id='word_1_113' title='bbox 614 2195 739 2288; x_wconf 89' lang='lat' dir='ltr'><strong>madii,</strong></span> <span class='ocrx_word' id='word_1_114' title='bbox 761 2193 1016 2268; x_wconf 82' lang='lat' dir='ltr'><strong>terciodecimo</strong></span> <span class='ocrx_word' id='word_1_115' title='bbox 1036 2189 1252 2266; x_wconf 87' lang='lat' dir='ltr'><strong>indictionis.</strong></span> 
     </span>
    </p>
   </div>
   <div class='ocr_carea' id='block_1_3' title="bbox 269 2773 1799 2903">
    <p class='ocr_par' dir='ltr' id='par_1_4' title="bbox 269 2773 1799 2903">
     <span class='ocr_line' id='line_1_15' title="bbox 269 2773 1799 2903; baseline -0.007 -38"><span class='ocrx_word' id='word_1_116' title='bbox 269 2780 500 2884; x_wconf 86' lang='lat' dir='ltr'><strong>Fridericus,</strong></span> <span class='ocrx_word' id='word_1_117' title='bbox 522 2779 782 2863; x_wconf 88' lang='lat' dir='ltr'><strong>Romanorum</strong></span> <span class='ocrx_word' id='word_1_118' title='bbox 799 2777 1018 2886; x_wconf 85' lang='lat' dir='ltr'><strong>imperator,</strong></span> <span class='ocrx_word' id='word_1_119' title='bbox 1040 2774 1170 2859; x_wconf 86' lang='lat' dir='ltr'><strong>abbati</strong></span> <span class='ocrx_word' id='word_1_120' title='bbox 1191 2784 1229 2858; x_wconf 84' lang='lat' dir='ltr'><strong>et</strong></span> <span class='ocrx_word' id='word_1_121' title='bbox 1245 2774 1446 2860; x_wconf 80' lang='lat' dir='ltr'><strong>conventui</strong></span> <span class='ocrx_word' id='word_1_122' title='bbox 1469 2773 1629 2856; x_wconf 78' lang='lat' dir='ltr'><strong>Sanctae</strong></span> <span class='ocrx_word' id='word_1_123' title='bbox 1713 2817 1726 2848; x_wconf 67' lang='grc' dir='ltr'><strong>ο</strong></span> <span class='ocrx_word' id='word_1_124' title='bbox 1771 2836 1799 2903; x_wconf 86' lang='lat'><strong>.·</strong></span> 
     </span>
    </p>
   </div>
   <div class='ocr_carea' id='block_1_4' title="bbox 216 2909 1627 3160">
    <p class='ocr_par' dir='ltr' id='par_1_5' title="bbox 216 2909 1627 3160">
     <span class='ocr_line' id='line_1_16' title="bbox 216 2909 1627 3023; baseline -0.006 -22"><span class='ocrx_word' id='word_1_125' title='bbox 216 2915 354 3002; x_wconf 85' lang='lat' dir='ltr'><strong>Mariae</strong></span> <span class='ocrx_word' id='word_1_126' title='bbox 375 2915 423 2998; x_wconf 90' lang='lat' dir='ltr'><strong>de</strong></span> <span class='ocrx_word' id='word_1_127' title='bbox 444 2912 610 2998; x_wconf 84' lang='lat' dir='ltr'><strong>Pulsano</strong></span> <span class='ocrx_word' id='word_1_128' title='bbox 630 2911 740 3023; x_wconf 83' lang='lat' dir='ltr'><strong>juxta</strong></span> <span class='ocrx_word' id='word_1_129' title='bbox 767 2911 968 3021; x_wconf 87' lang='lat' dir='ltr'><strong>Sipontum</strong></span> <span class='ocrx_word' id='word_1_130' title='bbox 995 2910 1125 2995; x_wconf 93' lang='lat' dir='ltr'><strong>omnia</strong></span> <span class='ocrx_word' id='word_1_131' title='bbox 1146 2909 1344 3020; x_wconf 85' lang='lat' dir='ltr'><strong>privilegia</strong></span> <span class='ocrx_word' id='word_1_132' title='bbox 1365 2909 1566 2994; x_wconf 87' lang='lat' dir='ltr'><strong>confirmat</strong></span> <span class='ocrx_word' id='word_1_133' title='bbox 1590 2918 1627 2993; x_wconf 89' lang='lat' dir='ltr'><strong>et</strong></span> 
     </span>
     <span class='ocr_line' id='line_1_17' title="bbox 217 3046 1295 3160; baseline -0.009 -25"><span class='ocrx_word' id='word_1_134' title='bbox 217 3048 498 3160; x_wconf 86' lang='lat' dir='ltr'><strong>possessiones,</strong></span> <span class='ocrx_word' id='word_1_135' title='bbox 513 3073 613 3158; x_wconf 85' lang='lat' dir='ltr'><strong>quae</strong></span> <span class='ocrx_word' id='word_1_136' title='bbox 630 3046 772 3130; x_wconf 89' lang='lat' dir='ltr'><strong>ibidem</strong></span> <span class='ocrx_word' id='word_1_137' title='bbox 792 3046 1020 3130; x_wconf 90' lang='lat' dir='ltr'><strong>nominatim</strong></span> <span class='ocrx_word' id='word_1_138' title='bbox 1037 3053 1295 3130; x_wconf 86' lang='lat' dir='ltr'><strong>recensentur.</strong></span> 
     </span>
    </p>
   </div>
   <div class='ocr_carea' id='block_1_5' title="bbox 300 3231 1629 3450">
    <p class='ocr_par' dir='ltr' id='par_1_6' title="bbox 300 3231 1629 3450">
     <span class='ocr_line' id='line_1_18' title="bbox 300 3231 1629 3345; baseline -0.003 -18"><span class='ocrx_word' id='word_1_139' title='bbox 300 3265 397 3342; x_wconf 82' lang='lat' dir='ltr'><strong>(lldld.</strong></span> <span class='ocrx_word' id='word_1_140' title='bbox 412 3263 569 3341; x_wconf 75' lang='lat' dir='ltr'><strong>Uarrum,</strong></span> <span class='ocrx_word' id='word_1_141' title='bbox 584 3263 650 3332; x_wconf 74' lang='lat' dir='ltr'><strong>Ital</strong></span> <span class='ocrx_word' id='word_1_142' title='bbox 663 3283 749 3342; x_wconf 75' lang='lat' dir='ltr'><strong>scau,</strong></span> <span class='ocrx_word' id='word_1_143' title='bbox 763 3273 787 3327; x_wconf 90' lang='lat' dir='ltr'><strong>t.</strong></span> <span class='ocrx_word' id='word_1_144' title='bbox 802 3265 875 3340; x_wconf 84' lang='lat' dir='ltr'><strong>vn,</strong></span> <span class='ocrx_word' id='word_1_145' title='bbox 889 3283 919 3343; x_wconf 91' lang='lat' dir='ltr'><strong>p.</strong></span> <span class='ocrx_word' id='word_1_146' title='bbox 937 3275 1006 3340; x_wconf 74' lang='lat' dir='ltr'><strong>aaa,</strong></span> <span class='ocrx_word' id='word_1_147' title='bbox 1021 3231 1060 3326; x_wconf 80' lang='lat' dir='ltr'><strong>ex</strong></span> <span class='ocrx_word' id='word_1_148' title='bbox 1078 3263 1261 3345; x_wconf 78' lang='lat' dir='ltr'><strong>antogmpbo</strong></span> <span class='ocrx_word' id='word_1_149' title='bbox 1279 3266 1313 3325; x_wconf 90' lang='lat' dir='ltr'><strong>ln</strong></span> <span class='ocrx_word' id='word_1_150' title='bbox 1329 3263 1450 3324; x_wconf 84' lang='lat' dir='ltr'><strong>archivo</strong></span> <span class='ocrx_word' id='word_1_151' title='bbox 1470 3261 1502 3324; x_wconf 85' lang='lat' dir='ltr'><strong>S.</strong></span> <span class='ocrx_word' id='word_1_152' title='bbox 1517 3263 1629 3324; x_wconf 82' lang='lat' dir='ltr'><strong>Mariae</strong></span> 
     </span>
     <span class='ocr_line' id='line_1_19' title="bbox 338 3373 1057 3450; baseline 0 -16"><span class='ocrx_word' id='word_1_153' title='bbox 338 3374 376 3434; x_wconf 88' lang='lat' dir='ltr'><strong>dc</strong></span> <span class='ocrx_word' id='word_1_154' title='bbox 388 3373 541 3437; x_wconf 74' lang='lat' dir='ltr'><strong>Gmanova</strong></span> <span class='ocrx_word' id='word_1_155' title='bbox 554 3375 714 3436; x_wconf 78' lang='lat' dir='ltr'><strong>Panamara</strong></span> <span class='ocrx_word' id='word_1_156' title='bbox 727 3374 868 3436; x_wconf 83' lang='lat' dir='ltr'><strong>dioecesis</strong></span> <span class='ocrx_word' id='word_1_157' title='bbox 881 3377 1057 3450; x_wconf 69' lang='lat' dir='ltr'><strong>maenam.)</strong></span> 
     </span>
    </p>
   </div>
   <div class='ocr_carea' id='block_1_6' title="bbox 197 3557 1636 4788">
    <p class='ocr_par' dir='ltr' id='par_1_7' title="bbox 197 3557 1636 4788">
     <span class='ocr_line' id='line_1_20' title="bbox 268 3557 1629 3655; baseline -0.001 -23"><span class='ocrx_word' id='word_1_158' title='bbox 268 3557 451 3634; x_wconf 84' lang='lat' dir='ltr'><strong>Federicus</strong></span> <span class='ocrx_word' id='word_1_159' title='bbox 469 3559 533 3632; x_wconf 86' lang='lat' dir='ltr'><strong>Dei</strong></span> <span class='ocrx_word' id='word_1_160' title='bbox 556 3559 666 3654; x_wconf 78' lang='lat' dir='ltr'><strong>gratia</strong></span> <span class='ocrx_word' id='word_1_161' title='bbox 690 3560 920 3634; x_wconf 86' lang='lat' dir='ltr'><strong>Romanorum</strong></span> <span class='ocrx_word' id='word_1_162' title='bbox 943 3559 1145 3655; x_wconf 86' lang='lat' dir='ltr'><strong>imperator,</strong></span> <span class='ocrx_word' id='word_1_163' title='bbox 1168 3579 1304 3654; x_wconf 89' lang='lat' dir='ltr'><strong>semper</strong></span> <span class='ocrx_word' id='word_1_164' title='bbox 1323 3569 1493 3654; x_wconf 79' lang='lat' dir='ltr'><strong>augustus</strong></span> <span class='ocrx_word' id='word_1_165' title='bbox 1513 3566 1549 3630; x_wconf 92' lang='lat' dir='ltr'><strong>et</strong></span> <span class='ocrx_word' id='word_1_166' title='bbox 1564 3578 1629 3630; x_wconf 86' lang='lat' dir='ltr'><strong>rex</strong></span> 
     </span>
     <span class='ocr_line' id='line_1_21' title="bbox 218 3682 1631 3780; baseline -0.002 -23"><span class='ocrx_word' id='word_1_167' title='bbox 218 3682 347 3758; x_wconf 88' lang='lat' dir='ltr'><strong>Sicilie.</strong></span> <span class='ocrx_word' id='word_1_168' title='bbox 367 3685 407 3756; x_wconf 91' lang='lat' dir='ltr'><strong>ln</strong></span> <span class='ocrx_word' id='word_1_169' title='bbox 424 3683 589 3758; x_wconf 86' lang='lat' dir='ltr'><strong>eminanb&#39;</strong></span> <span class='ocrx_word' id='word_1_170' title='bbox 607 3683 776 3777; x_wconf 74' lang='lat' dir='ltr'><strong>dignitate</strong></span> <span class='ocrx_word' id='word_1_171' title='bbox 789 3684 977 3780; x_wconf 87' lang='lat' dir='ltr'><strong>imperialis</strong></span> <span class='ocrx_word' id='word_1_172' title='bbox 993 3685 1069 3758; x_wconf 88' lang='lat' dir='ltr'><strong>solii</strong></span> <span class='ocrx_word' id='word_1_173' title='bbox 1091 3684 1284 3777; x_wconf 86' lang='lat' dir='ltr'><strong>constituti,</strong></span> <span class='ocrx_word' id='word_1_174' title='bbox 1307 3692 1401 3757; x_wconf 89' lang='lat' dir='ltr'><strong>tanto</strong></span> <span class='ocrx_word' id='word_1_175' title='bbox 1420 3683 1631 3778; x_wconf 80' lang='lat' dir='ltr'><strong>diligentiori</strong></span> 
     </span>
     <span class='ocr_line' id='line_1_22' title="bbox 220 3807 1633 3904; baseline 0 -22"><span class='ocrx_word' id='word_1_176' title='bbox 220 3829 304 3882; x_wconf 87' lang='lat' dir='ltr'><strong>cura</strong></span> <span class='ocrx_word' id='word_1_177' title='bbox 322 3807 501 3882; x_wconf 86' lang='lat' dir='ltr'><strong>intendere</strong></span> <span class='ocrx_word' id='word_1_178' title='bbox 514 3808 683 3882; x_wconf 89' lang='lat' dir='ltr'><strong>debemus</strong></span> <span class='ocrx_word' id='word_1_179' title='bbox 695 3809 742 3884; x_wconf 89' lang='lat' dir='ltr'><strong>ad</strong></span> <span class='ocrx_word' id='word_1_180' title='bbox 761 3809 990 3904; x_wconf 78' lang='lat' dir='ltr'><strong>protegendas</strong></span> <span class='ocrx_word' id='word_1_181' title='bbox 1005 3809 1068 3883; x_wconf 86' lang='lat' dir='ltr'><strong>Dei</strong></span> <span class='ocrx_word' id='word_1_182' title='bbox 1084 3811 1247 3884; x_wconf 85' lang='lat' dir='ltr'><strong>ecclesias</strong></span> <span class='ocrx_word' id='word_1_183' title='bbox 1262 3817 1297 3882; x_wconf 89' lang='lat' dir='ltr'><strong>et</strong></span> <span class='ocrx_word' id='word_1_184' title='bbox 1313 3808 1481 3882; x_wconf 81' lang='lat' dir='ltr'><strong>fovendas</strong></span> <span class='ocrx_word' id='word_1_185' title='bbox 1495 3817 1529 3882; x_wconf 89' lang='lat' dir='ltr'><strong>et</strong></span> <span class='ocrx_word' id='word_1_186' title='bbox 1546 3829 1633 3904; x_wconf 89' lang='lat' dir='ltr'><strong>pre·</strong></span> 
     </span>
     <span class='ocr_line' id='line_1_23' title="bbox 221 3932 1632 4031; baseline -0.001 -25"><span class='ocrx_word' id='word_1_187' title='bbox 221 3933 324 4031; x_wconf 88' lang='lat' dir='ltr'><strong>cipue</strong></span> <span class='ocrx_word' id='word_1_188' title='bbox 348 3935 424 4008; x_wconf 88' lang='lat' dir='ltr'><strong>loca</strong></span> <span class='ocrx_word' id='word_1_189' title='bbox 445 3932 607 4027; x_wconf 78' lang='lat' dir='ltr'><strong>religiosa</strong></span> <span class='ocrx_word' id='word_1_190' title='bbox 631 3933 669 4006; x_wconf 89' lang='lat' dir='ltr'><strong>in</strong></span> <span class='ocrx_word' id='word_1_191' title='bbox 690 3934 820 4029; x_wconf 83' lang='lat' dir='ltr'><strong>quibus</strong></span> <span class='ocrx_word' id='word_1_192' title='bbox 842 3934 905 4007; x_wconf 88' lang='lat' dir='ltr'><strong>Dei</strong></span> <span class='ocrx_word' id='word_1_193' title='bbox 933 3935 1080 4010; x_wconf 85' lang='lat' dir='ltr'><strong>cultores</strong></span> <span class='ocrx_word' id='word_1_194' title='bbox 1099 3934 1163 4028; x_wconf 91' lang='lat' dir='ltr'><strong>qui</strong></span> <span class='ocrx_word' id='word_1_195' title='bbox 1185 3956 1247 4029; x_wconf 94' lang='lat' dir='ltr'><strong>pro</strong></span> <span class='ocrx_word' id='word_1_196' title='bbox 1269 3943 1384 4007; x_wconf 87' lang='lat' dir='ltr'><strong>nostra</strong></span> <span class='ocrx_word' id='word_1_197' title='bbox 1408 3933 1632 4028; x_wconf 89' lang='lat' dir='ltr'><strong>omniumque</strong></span> 
     </span>
     <span class='ocr_line' id='line_1_24' title="bbox 222 4057 1631 4156; baseline -0.001 -24"><span class='ocrx_word' id='word_1_198' title='bbox 222 4057 377 4134; x_wconf 86' lang='lat' dir='ltr'><strong>fidelium</strong></span> <span class='ocrx_word' id='word_1_199' title='bbox 400 4061 510 4132; x_wconf 86' lang='lat' dir='ltr'><strong>salute</strong></span> <span class='ocrx_word' id='word_1_200' title='bbox 535 4059 692 4156; x_wconf 88' lang='lat' dir='ltr'><strong>quotidie</strong></span> <span class='ocrx_word' id='word_1_201' title='bbox 713 4059 861 4133; x_wconf 87' lang='lat' dir='ltr'><strong>militant</strong></span> <span class='ocrx_word' id='word_1_202' title='bbox 884 4061 1044 4154; x_wconf 86' lang='lat' dir='ltr'><strong>creatori,</strong></span> <span class='ocrx_word' id='word_1_203' title='bbox 1069 4069 1199 4154; x_wconf 85' lang='lat' dir='ltr'><strong>quanto</strong></span> <span class='ocrx_word' id='word_1_204' title='bbox 1223 4081 1286 4136; x_wconf 92' lang='lat' dir='ltr'><strong>nos</strong></span> <span class='ocrx_word' id='word_1_205' title='bbox 1307 4059 1427 4134; x_wconf 86' lang='lat' dir='ltr'><strong>divina</strong></span> <span class='ocrx_word' id='word_1_206' title='bbox 1450 4059 1631 4134; x_wconf 87' lang='lat' dir='ltr'><strong>clementia</strong></span> 
     </span>
     <span class='ocr_line' id='line_1_25' title="bbox 221 4183 1635 4281; baseline -0.001 -24"><span class='ocrx_word' id='word_1_207' title='bbox 221 4204 281 4278; x_wconf 83' lang='lat' dir='ltr'><strong>pre</strong></span> <span class='ocrx_word' id='word_1_208' title='bbox 297 4183 375 4257; x_wconf 87' lang='lat' dir='ltr'><strong>aliis</strong></span> <span class='ocrx_word' id='word_1_209' title='bbox 389 4183 484 4257; x_wconf 92' lang='lat' dir='ltr'><strong>orbis</strong></span> <span class='ocrx_word' id='word_1_210' title='bbox 505 4185 721 4281; x_wconf 90' lang='lat' dir='ltr'><strong>principibus</strong></span> <span class='ocrx_word' id='word_1_211' title='bbox 738 4185 915 4258; x_wconf 85' lang='lat' dir='ltr'><strong>exaltavit.</strong></span> <span class='ocrx_word' id='word_1_212' title='bbox 936 4185 1022 4259; x_wconf 88' lang='lat' dir='ltr'><strong>lude</strong></span> <span class='ocrx_word' id='word_1_213' title='bbox 1045 4184 1215 4280; x_wconf 85' lang='lat' dir='ltr'><strong>estquod</strong></span> <span class='ocrx_word' id='word_1_214' title='bbox 1239 4206 1305 4258; x_wconf 88' lang='lat' dir='ltr'><strong>nos</strong></span> <span class='ocrx_word' id='word_1_215' title='bbox 1330 4184 1546 4259; x_wconf 88' lang='lat' dir='ltr'><strong>attendentes</strong></span> <span class='ocrx_word' id='word_1_216' title='bbox 1566 4184 1635 4256; x_wconf 92' lang='lat' dir='ltr'><strong>bo-</strong></span> 
     </span>
     <span class='ocr_line' id='line_1_26' title="bbox 221 4309 1629 4408; baseline 0.001 -28"><span class='ocrx_word' id='word_1_217' title='bbox 221 4317 353 4382; x_wconf 65' lang='lat' dir='ltr'><strong>nesam</strong></span> <span class='ocrx_word' id='word_1_218' title='bbox 367 4309 475 4382; x_wconf 86' lang='lat' dir='ltr'><strong>vitam</strong></span> <span class='ocrx_word' id='word_1_219' title='bbox 493 4318 527 4382; x_wconf 90' lang='lat' dir='ltr'><strong>at</strong></span> <span class='ocrx_word' id='word_1_220' title='bbox 543 4309 755 4384; x_wconf 86' lang='lat' dir='ltr'><strong>laudabilem</strong></span> <span class='ocrx_word' id='word_1_221' title='bbox 773 4309 1067 4384; x_wconf 81' lang='lat' dir='ltr'><strong>conversationem</strong></span> <span class='ocrx_word' id='word_1_222' title='bbox 1083 4310 1290 4385; x_wconf 87' lang='lat' dir='ltr'><strong>venerabilis</strong></span> <span class='ocrx_word' id='word_1_223' title='bbox 1308 4311 1444 4386; x_wconf 89' lang='lat' dir='ltr'><strong>abbatis</strong></span> <span class='ocrx_word' id='word_1_224' title='bbox 1465 4309 1520 4408; x_wconf 89' lang='lat' dir='ltr'><strong>[st</strong></span> <span class='ocrx_word' id='word_1_225' title='bbox 1537 4329 1629 4382; x_wconf 90' lang='lat' dir='ltr'><strong>con-</strong></span> 
     </span>
     <span class='ocr_line' id='line_1_27' title="bbox 219 4430 1634 4531; baseline -0.001 -24"><span class='ocrx_word' id='word_1_226' title='bbox 219 4430 361 4531; x_wconf 87' lang='lat' dir='ltr'><strong>ventus]</strong></span> <span class='ocrx_word' id='word_1_227' title='bbox 379 4436 576 4510; x_wconf 88' lang='lat' dir='ltr'><strong>monasterii</strong></span> <span class='ocrx_word' id='word_1_228' title='bbox 587 4436 711 4508; x_wconf 89' lang='lat' dir='ltr'><strong>Sancte</strong></span> <span class='ocrx_word' id='word_1_229' title='bbox 723 4432 884 4510; x_wconf 87' lang='lat' dir='ltr'><strong>blarieda</strong></span> <span class='ocrx_word' id='word_1_230' title='bbox 894 4437 1055 4527; x_wconf 77' lang='lat' dir='ltr'><strong>Pulsum,</strong></span> <span class='ocrx_word' id='word_1_231' title='bbox 1068 4435 1225 4511; x_wconf 88' lang='lat' dir='ltr'><strong>fidelium</strong></span> <span class='ocrx_word' id='word_1_232' title='bbox 1242 4446 1452 4526; x_wconf 84' lang='lat' dir='ltr'><strong>nostrorum,</strong></span> <span class='ocrx_word' id='word_1_233' title='bbox 1465 4445 1500 4508; x_wconf 89' lang='lat' dir='ltr'><strong>ct</strong></span> <span class='ocrx_word' id='word_1_234' title='bbox 1510 4436 1634 4531; x_wconf 80' lang='lat' dir='ltr'><strong>ingens</strong></span> 
     </span>
     <span class='ocr_line' id='line_1_28' title="bbox 221 4560 1632 4658; baseline -0.001 -24"><span class='ocrx_word' id='word_1_235' title='bbox 221 4560 385 4634; x_wconf 88' lang='lat' dir='ltr'><strong>orationis</strong></span> <span class='ocrx_word' id='word_1_236' title='bbox 401 4560 608 4656; x_wconf 88' lang='lat' dir='ltr'><strong>obsequium</strong></span> <span class='ocrx_word' id='word_1_237' title='bbox 630 4561 727 4656; x_wconf 91' lang='lat' dir='ltr'><strong>quod</strong></span> <span class='ocrx_word' id='word_1_238' title='bbox 749 4561 787 4633; x_wconf 90' lang='lat' dir='ltr'><strong>in</strong></span> <span class='ocrx_word' id='word_1_239' title='bbox 806 4561 882 4658; x_wconf 89' lang='lat' dir='ltr'><strong>ipso</strong></span> <span class='ocrx_word' id='word_1_240' title='bbox 899 4563 1106 4637; x_wconf 90' lang='lat' dir='ltr'><strong>monasterio</strong></span> <span class='ocrx_word' id='word_1_241' title='bbox 1123 4563 1270 4637; x_wconf 90' lang='lat' dir='ltr'><strong>Domino</strong></span> <span class='ocrx_word' id='word_1_242' title='bbox 1289 4563 1416 4658; x_wconf 76' lang='lat' dir='ltr'><strong>jugiter</strong></span> <span class='ocrx_word' id='word_1_243' title='bbox 1433 4561 1632 4650; x_wconf 85' lang='lat' dir='ltr'><strong>exhibetur,</strong></span> 
     </span>
     <span class='ocr_line' id='line_1_29' title="bbox 197 4683 1636 4788; baseline 0.005 -34"><span class='ocrx_word' id='word_1_244' title='bbox 197 4779 200 4788; x_wconf 33' lang='grc' dir='ltr'>Ι</span> <span class='ocrx_word' id='word_1_245' title='bbox 223 4683 350 4758; x_wconf 87' lang='lat' dir='ltr'><strong>iutuitu</strong></span> <span class='ocrx_word' id='word_1_246' title='bbox 368 4685 431 4757; x_wconf 88' lang='lat' dir='ltr'><strong>Dei</strong></span> <span class='ocrx_word' id='word_1_247' title='bbox 450 4694 485 4759; x_wconf 87' lang='lat' dir='ltr'><strong>et</strong></span> <span class='ocrx_word' id='word_1_248' title='bbox 502 4707 566 4782; x_wconf 90' lang='lat' dir='ltr'><strong>pro</strong></span> <span class='ocrx_word' id='word_1_249' title='bbox 584 4687 696 4760; x_wconf 90' lang='lat' dir='ltr'><strong>salute</strong></span> <span class='ocrx_word' id='word_1_250' title='bbox 713 4695 829 4762; x_wconf 88' lang='lat' dir='ltr'><strong>nostra</strong></span> <span class='ocrx_word' id='word_1_251' title='bbox 855 4709 897 4762; x_wconf 90' lang='lat' dir='ltr'><strong>ac</strong></span> <span class='ocrx_word' id='word_1_252' title='bbox 916 4709 980 4784; x_wconf 94' lang='lat' dir='ltr'><strong>pro</strong></span> <span class='ocrx_word' id='word_1_253' title='bbox 1000 4687 1152 4763; x_wconf 90' lang='lat' dir='ltr'><strong>remedio</strong></span> <span class='ocrx_word' id='word_1_254' title='bbox 1176 4688 1369 4762; x_wconf 73' lang='lat' dir='ltr'><strong>comarum</strong></span> <span class='ocrx_word' id='word_1_255' title='bbox 1385 4686 1548 4764; x_wconf 87' lang='lat' dir='ltr'><strong>divorum</strong></span> <span class='ocrx_word' id='word_1_256' title='bbox 1564 4710 1636 4761; x_wconf 91' lang='lat' dir='ltr'><strong>au-</strong></span> 
     </span>
    </p>
   </div>
   <div class='ocr_carea' id='block_1_7' title="bbox 0 0 2172 5892">
    <p class='ocr_par' dir='ltr' id='par_1_8' title="bbox 0 0 2172 5892">
     <span class='ocr_line' id='line_1_30' title="bbox 0 0 2172 5892; baseline 0 0"><span class='ocrx_word' id='word_1_257' title='bbox 0 0 2172 5892; x_wconf 95' lang='lat' dir='ltr'><strong> </strong></span> 
     </span>
    </p>
   </div>
  </div>
 </body>
</html>
