4298 5898
590 550 653 612 ⁴64
1094 555 1313 620 FlillllilllCl
1339 559 1513 623 secuntur
1822 571 1899 650 [sn.
1917 573 1985 635 ml

591 688 678 760 litati
707 696 822 762 vestre
848 687 914 762 suh
941 712 1031 788 pena
1059 693 1169 789 gratie
1197 705 1311 772 nostre
1333 697 1487 774 districto
1509 701 1718 798 precipimus
1745 717 1916 802 quatenus
1934 709 1986 782 ah-

591 816 705 888 hatem
724 825 758 888 et
774 827 983 889 conventum
1009 820 1182 915 predictos
1204 843 1283 894 cum
1309 822 1530 909 hominibus,
1554 830 1725 924 grangiis,
1748 833 1856 924 justis
1873 855 1986 928 possm

593 939 749 1012 sionibus
771 950 805 1013 et
820 939 922 1014 bonis
942 942 1017 1016 suis
1034 945 1070 1015 in
1090 947 1186 1019 nullo
1204 947 1357 1022 indebite
1372 959 1621 1044 aggravantes,
1643 975 1764 1028 omnes
1781 957 1944 1031 libertates
1959 969 1985 1030 et

592 1063 826 1137 immunitates
839 1087 927 1160 quas
940 1087 1037 1139 sacer
1053 1069 1140 1141 ordo
1155 1068 1388 1144 cisterciensis
1400 1080 1554 1170 tempore
1568 1078 1659 1170 regis
1671 1077 1848 1153 Guillelmi
1863 1083 1983 1156 secundi

590 1189 772 1262 recolende
795 1190 962 1262 memorie
980 1193 1175 1265 consobrini
1201 1195 1309 1268 nostri
1328 1199 1508 1271 consuevit
1529 1200 1656 1274 habere
1673 1225 1736 1299 per
1754 1227 1899 1298 regnum
1917 1228 1984 1279 nos-

592 1322 683 1384 trum
711 1311 761 1384 eis
788 1313 922 1406 integre
947 1319 1157 1391 conservetis
1175 1329 1211 1391 et
1227 1319 1262 1390 in
1288 1320 1451 1394 omnihus
1476 1323 1623 1416 justiciis
1649 1335 1684 1398 et
1710 1329 1901 1402 rationibus
1925 1333 1983 1402 suis

588 1437 638 1508 sic
658 1437 908 1511 manuteneatis
926 1440 1068 1513 eosdem
1088 1441 1183 1537 quod
1198 1443 1236 1514 in
1253 1445 1350 1518 nullo
1370 1445 1415 1519 de
1431 1456 1543 1521 cetero
1560 1471 1598 1521 se
1614 1449 1764 1523 sentiant
1778 1465 1979 1547 aggravatos,

588 1569 622 1634 et
645 1584 708 1635 uos
728 1561 926 1636 fidelitatem
943 1573 1093 1638 vestram
1117 1567 1247 1640 exinde
1265 1568 1559 1644 commendemus.
1582 1573 1798 1646 tratribus
1817 1577 1905 1649 enim
1923 1576 1980 1647 Cis·
2092 1557 2093 1610 ἢ

588 1687 814 1760 tercieusihus
840 1699 952 1784 preter
978 1691 1172 1763 orationum
1199 1714 1330 1764 munus
1355 1694 1485 1788 quihus
1508 1717 1572 1768 nos
1594 1697 1723 1791 jugiter
1747 1709 1980 1794 prosequuntur

587 1811 695 1883 nichil
716 1813 811 1908 exigi
838 1815 1000 1888 volumus
1027 1818 1083 1888 vel
1109 1817 1328 1892 mandamus.
1358 1819 1427 1892 Nos
1456 1821 1548 1893 enim
1578 1830 1672 1894 tanto
1695 1845 1756 1896 eos
1782 1825 1819 1896 iu
1841 1824 1978 1896 omnihus

585 1947 765 2032 protegere
781 1939 942 2012 volumus
959 1951 994 2013 et
1008 1941 1043 2012 in
1061 1943 1135 2014 suis
1153 1943 1344 2016 rationibus
1362 1945 1556 2040 specialiter
1574 1947 1773 2039 contovere,
1789 1961 1912 2044 quanto
1929 1969 1979 2019 nos

587 2059 708 2134 divina
727 2063 906 2138 clementia
921 2087 981 2161 pre
998 2067 1075 2139 aliis
1088 2068 1182 2142 orbis
1199 2069 1413 2165 principibus
1428 2071 1605 2143 exaltavit.

634 2187 759 2264 Datum
777 2189 939 2286 Trapani,
961 2191 1097 2266 decimo
1114 2194 1325 2286 novembris,
1343 2194 1475 2269 decime
1489 2195 1587 2269 tertie
1599 2195 1816 2272 indictionis.

794 2507 900 2516 nau—non·-
906 2507 969 2516 ιιι-
976 2507 1035 2516 ια..-
1043 2507 1776 2522 c-——n———onou--onn———u--u—

424 2809 554 2897 „3232
637 2783 872 2888 Friderious‚
911 2786 1174 2869 Romanorum
1208 2787 1433 2894 imperator,
1466 2786 1767 2896 adpetitionem
1805 2781 1972 2872 Willielmi

584 2917 733 3002 abbatis
755 2919 1050 3030 Montismajoris
1068 2919 1320 3003 Willielmum
1346 2921 1394 3004 de
1421 2920 1611 3025 Sabrano,
1641 2921 1822 3006 comitem
1846 2915 1974 3002 Forcul-

584 3053 705 3164 querii
717 3116 729 3158 ,
760 3052 799 3134 in
827 3053 1067 3137 infestatione
1095 3055 1316 3137 monasterii
1347 3055 1601 3164 pertinacem,
1631 3057 1884 3166 proscriptum
1910 3052 1970 3132 de-

582 3188 735 3269 nuntiat
757 3195 794 3269 et
816 3187 993 3296 praelatis
1012 3187 1076 3269 hic
1102 3185 1309 3271 nominatis
1327 3189 1486 3272 mandat
1507 3197 1551 3272 ut
1572 3213 1701 3272 eume
1722 3185 1971 3299 proscriptione

583 3347 661 3406 non
681 3322 830 3406 solvant
847 3322 968 3404 donee
985 3321 1102 3432 digne
1122 3319 1358 3404 satisfecerit.

662 3539 786 3614 (lnedtt.
808 3556 853 3618 ap.
874 3541 1083 3602 Pourcmnmr
1101 3557 1143 3600 ns
1161 3555 1199 3599 m
1222 3540 1369 3618 llrrrm,
1383 3536 1494 3600 Anual.
1513 3537 1608 3603 ecla.
1626 3541 1679 3603 rto.
1701 3547 1731 3602 ct
1748 3557 1820 3604 nort
1839 3537 1967 3604 Amos.

703 3645 753 3706 lih
767 3646 819 3720 1v,
829 3646 890 3707 vol.
903 3655 932 3719 1,
941 3647 964 3708 l.
976 3655 1031 3708 771
1049 3663 1146 3720 verso,
1156 3645 1242 3706 MSS.
1253 3648 1284 3705 ln
1298 3646 1417 3708 Blhllct.
1428 3646 1597 3724 Carpentor-
1609 3646 1693 3710 Lleet
1704 3648 1884 3728 Polycarpus
1895 3644 1968 3718 scrip·

699 3759 746 3814 tor
760 3754 880 3814 minoris
898 3752 967 3813 fidel
987 3759 1141 3814 censeatur
1162 3759 1192 3813 et
1209 3755 1328 3830 insuper
1341 3753 1398 3814 hoc
1414 3753 1626 3814 documentum
1640 3771 1658 3816 a
1673 3753 1837 3816 chantelou
1852 3769 1905 3814 non
1916 3763 1966 3809 me-

700 3865 841 3932 moretur,
858 3875 952 3938 quum
969 3866 1067 3920 tamen
1085 3877 1141 3921 nec
1158 3859 1253 3922 torma
1272 3877 1327 3922 nee
1343 3877 1432 3921 sensu
1448 3863 1600 3922 ameterls
1619 3861 1779 3940 discrepet,
1799 3865 1871 3922 inter
1886 3855 1966 3934 spurlt

698 3965 888 4047 rejiciendum
902 3983 963 4026 non
977 3966 1137 4040 duxlmus,
1152 3966 1301 4028 declslonc
1314 3967 1374 4027 lltts
1393 3967 1493 4028 lectori
1506 3964 1629 4046 reliam.)

628 4181 822 4256 fridericus
841 4179 901 4253 Dei
924 4181 1035 4274 gratia
1056 4181 1287 4254 Romanorum
1309 4180 1507 4275 imperator,
1525 4203 1660 4278 semper
1676 4191 1847 4274 augustus
1865 4187 1896 4251 et
1914 4191 1964 4245 rex

579 4309 710 4400 Sicilie,
738 4306 874 4381 dilectis
892 4304 1054 4378 fidelibus
1081 4306 1155 4377 suis
1176 4303 1433 4378 venerabilibus
1457 4306 1723 4402 archiepiscopis
1743 4301 1964 4381 Arelatensis

578 4433 731 4528 Aqueusi
756 4442 792 4505 et
818 4429 1059 4520 Cavalhcensi,
1087 4427 1320 4503 Avenioneusi
1348 4439 1384 4504 et
1406 4429 1621 4504 Cistaricensi
1645 4431 1819 4528 episcopis
1841 4424 1962 4524 gratiam

579 4582 678 4634 suam
699 4567 733 4634 et
748 4579 850 4631 omne
866 4557 1009 4629 honum.
1035 4555 1148 4649 Digna
1163 4554 1464 4629 animadversione
1480 4557 1666 4630 recolentes
1683 4557 1781 4651 quod
1798 4554 1961 4628 debeamus

577 4684 748 4775 ecclesiis,
769 4680 1016 4755 ecclesiasticos
1037 4701 1156 4754 omnes
1181 4703 1251 4754 una
1277 4702 1355 4754 cum
1379 4701 1498 4754 eorum
1522 4681 1626 4754 rebus
1647 4681 1809 4754 omnihus
1829 4689 1861 4752 et
1879 4668 1960 4748 bonis
