4436 5870
1033 556 1245 622 retonutct
1271 559 1445 622 sectant
1756 561 1835 644 [dn.
1854 559 1938 624 122⁰.

367 1139 498 1236 effi:
589 1107 800 1192 fridericus
829 1107 1088 1196 Romanorum
1117 1110 1321 1222 imperator
1345 1111 1487 1196 Oberto
1514 1109 1741 1222 lporegiansi
1767 1109 1941 1222 episcopo

536 1267 670 1326 omnes
687 1240 944 1350 possessiones
967 1241 1173 1352 omniaque
1194 1241 1392 1354 privilegia
1405 1243 1514 1327 istius
1528 1241 1705 1326 ecclesiae
1726 1239 1937 1324 confirmat.

615 1454 788 1534 (Memorat.
803 1457 1030 1534 specuum,
1045 1457 1155 1540 nopae.
1171 1458 1290 1538 tmpus,
1305 1476 1336 1538 p.
1356 1469 1430 1535 tlt,
1445 1470 1479 1521 n⁰
1495 1467 1621 1534 nemu
1636 1459 1842 1534 coplneoecrn
1862 1453 1940 1532 apud

653 1565 850 1642 lporaglamn
864 1563 1049 1628 bethmanno
1061 1569 1301 1642 eommunlcnta.)

583 1751 707 1822 Datum
722 1748 819 1844 apud
836 1749 984 1848 Urbem,
1004 1771 1095 1824 anuo
1114 1750 1286 1826 dominice
1304 1751 1550 1826 incarnationis
1567 1751 1614 1826 Μ.
1638 1749 1700 1824 CC.
1718 1747 1800 1842 XX,
1819 1757 1939 1823 octauo

535 1873 699 1947 kalendas
711 1871 917 1964 decembris,
932 1873 1121 1950 indictione
1133 1897 1237 1950 nona.

750 2159 1127 2168 -u--a—-q--oa--sm
1139 2159 1713 2169 —-—...—-..-—-—-—·—-—-——-

331 2407 485 2558 43ζῇ
583 2409 795 2493 Fridericus
828 2409 1089 2495 Romanorum
1121 2411 1326 2520 imperator
1355 2413 1406 2496 ad
1441 2414 1694 2498 interventum
1725 2411 1848 2494 fidelis
1882 2438 1938 2496 sur

349 2525 427 2558 Μ
442 2527 470 2560 '¹'
530 2543 689 2628 Anzonis
714 2542 864 2628 abbatis
884 2542 1104 2626 monasterii
1128 2542 1255 2628 Sancti
1278 2544 1470 2628 Benedicti
1494 2571 1607 2654 super
1628 2545 1777 2628 Pedum
1801 2569 1940 2628 monu-

529 2678 686 2761 sterium
708 2677 812 2761 istud
834 2702 924 2762 cum
945 2675 1125 2760 omnibus
1147 2677 1451 2786 possessionibus
1475 2687 1513 2762 et
1536 2677 1771 2787 pertinentiis
1794 2677 1938 2787 ejusiu

530 2835 600 2892 sua
615 2810 845 2917 protentione
861 2808 993 2917 recipit
1009 2809 1122 2919 cique
1138 2810 1398 2894 concessiones
1411 2811 1745 2919 praedecessorum
1760 2837 1937 2914 suorum,

530 2942 722 3025 libertates
734 2950 772 3024 et
785 2939 982 3050 priuilegia
999 2941 1141 3026 ibidem
1158 2967 1335 3051 expresse
1353 2943 1566 3026 confirmat.

628 3156 764 3232 (Edldcr.
780 3154 970 3215 Mrrrnnsuur
983 3163 1013 3215 et
1031 3155 1226 3229 Gosrsnorr,
1239 3154 1349 3216 Annal.
1367 3152 1546 3234 Concidet,
1566 3161 1590 3214 t.
1606 3155 1660 3228 1v,
1673 3154 1808 3232 Append.
1824 3171 1852 3231 p.
1872 3159 1940 3214 tet-

673 3270 750 3334 399,
764 3279 803 3322 cx
818 3265 932 3338 autogr.
948 3259 979 3320 S.
995 3261 1134 3322 Pontlsnl
1147 3260 1185 3322 de
1198 3261 1288 3325 Luce.
1304 3295 1344 3306 -
1358 3261 1469 3322 cirici
1477 3304 1487 3336 ‚
1504 3259 1617 3324 Nott'zr‘e
1638 3259 1732 3334 otor„
1750 3253 1887 3340 supplem
1898 3255 1941 3339 :ct

670 3368 759 3430 vicar.
774 3368 891 3447 imper„
905 3373 929 3427 t.
946 3365 999 3440 Vl,
1013 3382 1044 3443 p.
1062 3365 1124 3445 82.)

585 3560 622 3632 ln
645 3557 785 3630 nomine
806 3562 924 3628 sancte
945 3563 981 3626 ct
1004 3551 1189 3626 individue
1212 3554 1396 3627 Trinitatis.
1416 3553 1611 3628 Fridaricus
1628 3551 1804 3626 secundus
1820 3549 1939 3624 divine

534 3683 670 3758 favente
682 3678 863 3754 clementia
878 3679 1109 3752 Romanorum
1124 3678 1321 3774 imperator,
1341 3699 1477 3774 semper
1494 3687 1664 3773 augustus
1680 3685 1715 3750 et
1730 3697 1795 3753 rex
1811 3675 1938 3750 Sicilie.

534 3805 591 3882 Ad
607 3804 716 3878 eterni
732 3802 830 3896 regni
847 3801 1017 3897 premium
1035 3811 1070 3882 et
1088 3803 1283 3897 temporetis
1298 3802 1432 3898 imperii
1449 3804 1697 3876 incrementum
1713 3799 1811 3895 epod
1827 3821 1941 3893 [θεοῦ]

535 3951 655 4026 regum
675 3927 776 4001 uobis
797 3923 962 4020 proficere
988 3945 1057 3998 non
1076 3925 1285 4018 ambigimus
1305 3927 1335 3998 si
1360 3925 1407 3999 ad
1430 3949 1550 4022 paoem
1574 3935 1609 3999 et
1627 3927 1817 4021 proiectum
1834 3925 1943 3998 cocle·

536 4055 665 4129 siarum
687 4051 843 4127 studium
872 4049 1017 4146 prebere
1045 4051 1282 4123 curaverimus
1307 4059 1342 4122 et
1365 4071 1508 4145 opernm
1525 4049 1737 4142 diligentem.
1761 4049 1876 4135 Quare
1898 4044 1943 4119 ad

536 4177 759 4250 imitationem
782 4183 1038 4248 autecessorum
1056 4183 1250 4246 nostrorum
1274 4171 1457 4250 illustrium
1480 4171 1725 4267 imperatorum
1748 4181 1783 4244 at
1806 4191 1940 4266 regum,

538 4302 731 4372 interuentu
746 4319 886 4393 quoque
906 4296 1022 4370 dilecti
1042 4295 1154 4369 fidelis
1174 4297 1279 4370 nostri
1295 4295 1439 4368 Azuonis
1455 4295 1590 4367 abbatis
1611 4295 1809 4368 monasterii
1829 4293 1944 4367 Sancti

541 4421 713 4495 Benedicti
743 4419 892 4515 desuper
913 4421 1046 4493 Pedum
1070 4419 1122 4514 (l)
1148 4430 1183 4506 ct
1205 4419 1362 4493 omnium
1391 4421 1533 4490 fratrum
1559 4439 1700 4489 suorum
1725 4415 1770 4490 de
1797 4439 1943 4512 quorum

1524 4591 1589 4598 -οο-
1597 4590 1688 4598 ...ῃ-

580 4673 614 4745 (tt
632 4671 740 4731 Scilicet
750 4669 782 4727 de
793 4669 927 4738 Pcttronc,
941 4683 995 4727 non
1008 4670 1101 4744 procul
1112 4689 1127 4730 a
1137 4673 1244 4730 blentua
1258 4685 1353 4731 versus
1368 4669 1504 4728 meridiem
1518 4677 1547 4728 et
1557 4671 1696 4729 orientem.
