4296 5898
154 609 157 613 ’
189 595 368 672 16616611]
645 589 842 654 nlsroala
866 591 1157 654 clanculariae.
1540 593 1601 655 279

189 729 462 826 inquietationis.
490 729 658 801 Volumus
680 727 838 802 etiamst
861 727 927 800 hoc
950 727 1056 801 libere
1076 727 1284 802 contulimus
1311 728 1496 802 conventui
1524 749 1602 800 me-

190 863 323 930 morato
349 851 446 950 quod
478 851 647 949 quicquid
675 851 722 925 ad
745 853 961 926 exactionem
990 853 1146 926 consueti
1173 852 1323 926 thelonei
1354 873 1460 948 super
1483 853 1603 926 Rheno

190 981 237 1056 ab
251 980 368 1075 aliqua
378 977 573 1073 exquiritur
587 979 682 1066 navi,
694 976 732 1051 id
746 977 912 1074 percipiat
925 988 1116 1053 conventus
1129 976 1326 1074 sepedictus
1342 976 1387 1051 de
1400 977 1482 1051 navi
1497 1001 1602 1073 quam

190 1105 224 1179 61
254 1102 464 1178 indulsimus
491 1101 538 1176 ad
574 1123 638 1174 sue
666 1101 843 1197 prebende
874 1104 1151 1198 supplementum
1178 1101 1252 1175 sine
1281 1101 1429 1194 alicujus
1456 1101 1604 1174 ministri

191 1240 253 1303 aut
271 1227 386 1301 nuntii
407 1225 515 1300 nostri
542 1225 830 1318 contradictione,
850 1237 885 1299 et
902 1227 968 1324 ipsi
997 1229 1114 1300 iratres
1132 1225 1198 1300 boc
1217 1206 1386 1323 recipiant
1408 1226 1454 1298 ab
1474 1249 1546 1299 una
1565 1236 1604 1298 61

192 1353 325 1428 dictum
350 1359 403 1426 est
425 1352 527 1438 navi,
550 1350 718 1447 imperiali
737 1351 783 1424 de
805 1362 918 1425 cetero
940 1353 1161 1442 auctoritate,
1179 1351 1392 1446 ubicumque
1409 1351 1495 1447 ipsis
1509 1373 1604 1424 com·

191 1479 331 1552 modius
354 1475 752 1551 videatur.'·lllandamus
770 1475 878 1571 igitur
896 1477 953 1570 [611
969 1477 1038 1548 sub
1056 1476 1209 1550 districta
1227 1475 1338 1570 gratie
1358 1484 1474 1548 nostre
1495 1475 1605 1548 inter·

192 1601 381 1678 minatione
404 1609 570 1697 perpetuo
592 1595 848 1672 observandum
874 1599 1083 1696 precipimus
1105 1620 1152 1673 na
1178 1601 1247 1673 alla
1269 1599 1411 1674 omnino
1435 1621 1601 1696 persona,

192 1728 310 1802 nullus
337 1727 504 1800 scultetus
530 1743 592 1798 seu
618 1724 790 1810 minister,
810 1724 937 1796 nullus
961 1723 1103 1798 omuino
1132 1725 1365 1804 thelonearius
1389 1745 1452 1798 seu
1478 1725 1605 1820 aliquis

191 1873 312 1926 eornm
337 1851 482 1924 nuntius
506 1861 611 1947 super
637 1850 703 1926 hac
733 1859 848 1924 noetm
875 1851 1054 1924 clementie
1079 1851 1261 1945 largitione
1284 1850 1360 1924 sive
1386 1851 1606 1924 concessione

191 1978 289 2052 aliud
310 1976 445 2072 aliquid
465 1985 641 2072 presumat
661 1973 758 2072 quod
783 1975 821 2050 in
841 1975 908 2050 hoc
926 1976 1120 2050 secundum
1136 1977 1280 2051 formam
1302 1983 1515 2071 pretaxatam
1536 1975 1606 2047 im-

192 2103 332 2199 perialis
352 2110 469 2175 nosue
486 2101 599 2176 edixit
614 2109 649 2174 et
665 2100 813 2173 instituit
834 2101 1000 2175 serenitas
1021 2098 1099 2196 (6).)
1118 2099 1176 2173 Ad
1193 2101 1297 2193 hujus
1314 2107 1429 2172 661661
1451 2101 1502 2172 rei
1527 2100 1606 2172 evi-

193 2227 361 2316 dentiam,
377 2226 484 2300 robur
498 2235 602 2320 atque
616 2224 817 2298 memoriam
830 2225 897 2298 boc
912 2224 996 2298 inde
1009 2225 1175 2321 scriplum
1188 2225 1320 2321 prelato
1332 2224 1478 2297 cenobio
1492 2223 1606 2298 indul·

193 2351 303 2423 simne
319 2349 432 2444 sigillo
448 2350 635 2442 maiestatis
651 2359 766 2422 nostre
783 2349 1048 2422 communitum.

241 2475 353 2566 Hujus
373 2474 424 2548 rei
446 2482 550 2548 testes
573 2471 621 2568 (b)
642 2481 724 2546 suant
746 2472 908 2546 albertus
932 2473 1152 2548 tridentinus
1176 2474 1377 2571 episeopus,
1399 2472 1603 2547 Bartholdus

191 2599 406 2672 Brixincnsis
425 2599 627 2696 episcopas,
646 2598 825 2672 Heinricus
850 2597 1118 2672 constantiensis
1145 2599 1253 2692 major
1274 2599 1467 2696 prepositus
1492 2598 1602 2694 impe·

193 2723 288 2797 rialis
305 2725 384 2797 aule
401 2724 697 2820 prothonotarius,
718 2723 901 2797 Heinricus
923 2743 1038 2797 comes
1052 2724 1098 2798 de
1112 2723 1293 2796 Eberstein
1311 2721 1378 2820 (c),
1399 2721 1603 2795 Cbunradus

192 2847 422 2942 burcgravius
439 2847 486 2921 de
509 2847 752 2942 Nuerimbcrg,
777 2847 920 2920 Ghuouo
943 2846 989 2921 de
1010 2847 1150 2941 Tollen,
1175 2845 1382 2921 Cbunradus
1411 2855 1446 2920 61
1469 2847 1604 2920 Ulricus

192 2975 315 3049 iratres
330 2974 507 3048 camerarii
525 2973 570 3048 de
588 2973 716 3048 Werda
732 2973 839 3046 etalii
857 2973 1092 3069 quamplures.

241 3098 500 3195 Datumrtpulie
509 3097 606 3196 apud
615 3097 794 3172 Civitatem
806 3097 872 3194 (1),
884 3120 976 3172 anna
984 3096 1157 3171 dominice
1160 3149 1533 3170 ..........
1550 3095 1603 3192 (2)

193 3223 435 3316 M.CC.XXlll,
454 3232 554 3296 sexto
573 3221 740 3298 kalendas
752 3223 917 3318 Januarii,
936 3223 983 3296 Xl
1003 3221 1202 3297 indictione.

236 3479 278 3561 (a)
298 3479 372 3542 Pars
385 3485 448 3541 1616
459 3481 544 3541 uncle
559 3479 673 3541 inclusa
689 3477 814 3540 (1666116
828 3478 1029 3542 Wurdtweln.

236 3585 279 3666 (1)
299 3587 426 3648 Nomina
433 3589 568 3666 16611616,
576 3586 899 3662 ntdlxlmue,etnotae
908 3585 1127 3666 chronologicae
1134 3585 1243 3650 desunt
1253 3588 1413 3650 omnlnoin
1422 3591 1607 3665 transumpto

193 3693 426 3758 confirmationis
448 3694 595 3774 originali.

238 3798 277 3884 (c)
297 3801 334 3862 1n
348 3802 540 3864 waratweln
557 3797 724 3874 clamecin,
739 3799 823 3862 male.

232 4147 268 4220 (1)
287 4145 439 4220 Lugendum
453 4153 504 4217 est,
521 4153 552 4202 ut
564 4143 740 4202 arbitramur:
753 4141 848 4200 1161666
859 4143 891 4200 ia
903 4143 1007 4218 Apulia
1020 4141 1251 4219 apudcivitatem
1263 4150 1309 4203 aut
1322 4143 1433 4202 lorsiten
1447 4143 1520 4219 apud
1532 4146 1607 4204 Cici-

196 4249 280 4302 latcm
290 4235 465 4318 Apulialiid.
482 4243 550 4301 inlra
562 4259 591 4317 p.
606 4246 669 4314 aar,
683 4248 741 4300 not.
757 4245 782 4299 1.

232 4343 268 4418 (a)
286 4343 366 4399 Deest
379 4342 493 4400 verbnm
507 4341 579 4416 quod
591 4339 985 4410 661161161166666161616661,
999 4339 1604 4400 6166611666666161666166661611666611

195 4441 242 4516 (25
255 4441 404 4516 decembr.)
418 4441 571 4515 incipiente.
588 4439 736 4511 Quemdam
751 4444 839 4496 amen
853 4437 881 4496 iu
895 4438 1101 4514 transcriptione
1114 4444 1236 4498 notarum
1247 4439 1311 4498 anui
1328 4445 1356 4496 61
1372 4439 1474 4497 mensis
1487 4455 1605 4498 errarem

193 4540 379 4616 suspicamur,
393 4555 461 4616 quas
475 4540 513 4597 ita
530 4538 710 4598 restituendas
722 4553 889 4595 censemus:
911 4553 983 4595 aaao
1002 4537 1133 4594 daniaice
1152 4538 1354 4595 incarnationis
1371 4537 1483 4596 1166.
1501 4540 1603 4607 XXII,

193 4640 227 4697 Χ
230 4639 266 4696 VI
275 4637 404 4695 1661666166
416 4637 558 4712 ianuarii,
575 4653 637 4694 cum
650 4652 744 4694 revera
762 4633 913 4693 Fridericas
926 4637 960 4691 17
973 4633 1126 4692 decembris
1137 4633 1227 4710 potius
1243 4649 1325 4709 quam
1335 4636 1370 4694 27
1383 4633 1454 4710 apud
1466 4635 1606 4693 Civitatem

193 4736 294 4794 morari
306 4735 436 4812 pomerit,
452 4741 483 4793 ut
494 4749 528 4793 ex
540 4733 711 4794 documentis
722 4735 899 4810 sequentibus
910 4733 1005 4810 liquet.
