4436 5870
1025 539 1237 601 Fblbssltissi
1264 539 1435 603 SECUNBI
1742 547 1823 627 [bur.
1842 549 1926 614 1220.

326 1137 371 1222 „a
401 1192 416 1222 u
484 1208 492 1234 ‚
573 1109 810 1217 FridericuS,
828 1111 1086 1197 Romanorum
1112 1116 1340 1224 imperator,
1360 1120 1411 1202 ad
1431 1119 1714 1204 reformandam
1741 1146 1874 1230 pacem
1894 1130 1930 1202 et

319 1295 372 1328 aa,
433 1245 479 1340 ⁸,
521 1243 763 1328 concordiam
789 1243 828 1326 in
851 1244 1139 1352 bombardiam,
1169 1249 1452 1357 Romaniolam,
1478 1252 1653 1350 Tusciam
1667 1263 1705 1336 et
1723 1279 1792 1361 per
1812 1261 1929 1336 totam

352 1349 431 1384 m
477 1369 485 1388 ’
519 1376 666 1460 italiam
691 1376 860 1488 legatum
883 1378 999 1460 mittit
1022 1379 1240 1463 Conradum
1260 1381 1464 1466 Metenscm
1486 1385 1705 1493 episcopum
1726 1385 1930 1494 imperialis

520 1510 631 1594 aulae
652 1510 921 1593 cancellarium
948 1537 1036 1594 cum
1058 1511 1172 1620 plena
1198 1521 1382 1622 potestate
1412 1525 1450 1598 et
1476 1499 1697 1600 auctoritate
1724 1517 1928 1626 imperiali,

520 1652 647 1725 ratum
664 1642 811 1760 habens
829 1644 1019 1754 quidquid
1042 1654 1130 1728 ante
1158 1647 1333 1729 suumin
1360 1647 1508 1731 ltaliam
1532 1650 1736 1733 adventum
1759 1661 1829 1733 aut
1846 1657 1931 1758 post

521 1777 670 1886 legatus
683 1776 754 1858 iste
768 1803 861 1859 suus
875 1775 1084 1860 ieceritaut
1099 1776 1221 1861 facero
1234 1780 1385 1889 poterit.

604 1999 734 2078 (Edtder.
749 1997 943 2059 idrnurunurr
959 2005 989 2060 ct
1002 2001 1192 2072 Coranum,
1205 1999 1316 2064 Amul.
1333 2000 1479 2078 camald,
1498 2011 1523 2066 t.
1534 2004 1589 2084 IV,
1602 2003 1737 2082 Append.
1757 2021 1790 2082 p.
1805 2015 1875 2078 ⁴11,
1892 2021 1930 2066 cx

641 2104 777 2183 exemplo
800 2106 956 2167 classensi.
972 2138 1012 2151 -
1025 2107 1151 2180 murm,
1172 2107 1268 2169 thr‘z.
1291 2115 1372 2184 ntor„
1393 2106 1531 2190 supplem
1550 2109 1585 2170 dc
1603 2111 1692 2170 mcor.
1706 2113 1819 2190 trapam,
1837 2118 1861 2173 t.
1876 2111 1928 2182 111,

640 2229 671 2290 p.
694 2221 769 2290 lta,
791 2214 870 2272 notis
887 2219 986 2272 umen
1004 2213 1216 2290 chronologicis
1233 2231 1293 2274 non
1315 2217 1621 2293 amnemamnem
1640 2216 1866 2292 documentum,
1880 2215 1931 2280 aad

642 2317 774 2398 breuius,
790 2319 829 2378 od
843 2317 923 2379 bunc
937 2335 1060 2392 annum,
1071 2319 1186 2379 decimo
1199 2322 1325 2398 septimo
1338 2321 1386 2383 dte
1400 2324 1509 2384 mensis
1518 2319 1642 2402 aprilis.)
1906 2329 1909 2336 '

569 2530 761 2606 Fridericus
782 2531 844 2603 Dei
865 2529 974 2624 gratia
997 2531 1228 2603 Romanorum
1243 2531 1439 2626 imperator,
1456 2553 1591 2627 semper
1603 2541 1784 2625 augustus,
1801 2533 1930 2605 arcbie-

521 2653 684 2754 piscopis,
694 2655 876 2752 episcopis,
889 2653 1085 2742 abbatibus,
1099 2654 1290 2748 ceterisque
1304 2655 1524 2728 ecclesiarum
1539 2657 1678 2752 prelatis
1692 2677 1826 2730 necnon
1842 2677 1931 2730 mar·

521 2781 723 2870 chionibus,
746 2777 946 2866 comitibus,
963 2779 1167 2873 capitaneis,
1185 2779 1424 2852 valvasoribus
1442 2790 1477 2852 et
1496 2780 1669 2853 nobilibus
1691 2789 1796 2875 atque
1820 2789 1932 2876 potcs-

523 2907 665 2993 usibus,
683 2903 883 2976 oonsulibus
901 2923 962 2974 seu
985 2903 1174 2975 rectoribus
1197 2911 1232 2975 et
1253 2903 1555 2975 communitatibus
1577 2903 1732 2976 omnium
1755 2905 1930 2977 civitatum

524 3039 558 3103 et
575 3027 795 3125 oppidorum,
815 3027 917 3098 simul
933 3036 968 3099 et
985 3027 1176 3099 rectoribus
1192 3033 1296 3121 atque
1313 3027 1442 3122 populo
1457 3036 1492 3098 et
1505 3027 1676 3100 universis
1690 3049 1754 3123 per
1765 3030 1932 3102 lombar-

524 3155 632 3244 diam,
643 3150 878 3224 Romaniolam
891 3160 926 3223 et
939 3151 1123 3223 Tbueciam
1134 3161 1238 3244 atque
1249 3173 1310 3246 per
1325 3161 1428 3223 totam
1442 3151 1573 3224 italiam
1584 3153 1789 3240 constitutis,
1802 3151 1932 3226 dilectis

525 3279 688 3352 fidelibus
702 3277 789 3367 suis,
801 3276 947 3370 gratiam
959 3295 1058 3346 suam
1072 3282 1106 3346 et
1120 3275 1246 3347 bonam
1261 3275 1484 3348 voluntatem.
1493 3275 1572 3348 Post
1586 3277 1712 3349 multas
1725 3297 1768 3348 ac
1780 3275 1932 3350 diversas

524 3404 659 3500 imperii
680 3401 952 3499 perturbationes
976 3422 1046 3494 que
1069 3421 1116 3472 ex
1136 3400 1233 3472 obitu
1254 3399 1362 3472 felicis
1385 3400 1550 3473 memorie
1568 3400 1675 3473 incliti
1698 3402 1805 3496 patris
1828 3403 1931 3474 nostri

525 3527 739 3625 imperatoris
760 3524 897 3597 Henrici
916 3543 1027 3618 usque
1044 3523 1089 3596 ad
1105 3532 1258 3619 tempora
1276 3533 1392 3598 ncstm
1405 3525 1442 3595 in
1462 3525 1651 3598 mutatione
1668 3547 1783 3598 rerum
1803 3525 1933 3620 ubique

524 3656 674 3727 locorum
692 3649 826 3746 imperii
844 3657 1174 3744 percrevcrunt,per
1187 3650 1263 3742 ejus
1275 3647 1545 3721 miscricordiam
1560 3648 1621 3743 qui
1635 3648 1746 3721 salvat
1759 3657 1933 3744 sperantes

523 3777 560 3849 in
576 3797 615 3848 se
636 3773 763 3847 sedatis
783 3794 845 3868 per
864 3780 969 3844 totam
987 3771 1213 3842 'theutoniam
1236 3771 1460 3845 scissionibus
1473 3771 1633 3845 omnibns
1648 3771 1735 3844 inter
1746 3771 1928 3867 principes,

523 3921 609 3998 pace
634 3919 774 3995 quoque
798 3904 834 3970 et
854 3895 971 3990 quiete
993 3895 1150 3989 undique
1170 3896 1373 3986 reformata,
1402 3895 1571 3990 nobisque
1598 3895 1691 3969 illins
1716 3893 1933 3990 providentia

522 4025 639 4122 quiin
662 4023 716 4096 sui
738 4021 960 4118 dispositione
984 4041 1053 4092 non
1077 4020 1205 4092 tollitur
1229 4041 1308 4092 cum
1332 4019 1427 4092 omni
1449 4018 1615 4114 imperiali
1637 4018 1879 4092 sublimatione
1896 4017 1932 4088 in

522 4149 617 4223 soliis
634 4157 771 4243 patrum
786 4143 930 4241 pacifice
947 4142 1155 4235 constitutis,
1170 4163 1251 4216 ecce
1268 4145 1340 4236 jam
1357 4165 1403 4215 ex
1420 4140 1663 4235 adjutoricDei
1679 4151 1774 4216 etex
1792 4152 1934 4238 paterno

524 4273 649 4345 summi
671 4269 842 4367 pontificis
864 4278 900 4340 et
918 4267 1169 4340 venerabilium
1189 4266 1224 4337 in
1250 4265 1383 4338 Christo
1410 4277 1544 4362 patrum
1569 4263 1787 4338 dominorum
1813 4263 1933 4338 cardi-

523 4395 654 4468 natium
674 4413 816 4466 assensu
841 4413 920 4462 cum
940 4389 1034 4462 fideli
1054 4389 1250 4486 principum
1272 4388 1438 4461 famulatu
1459 4383 1595 4461 culmen
1613 4390 1806 4486 recepimus
1820 4389 1934 4484 impe-

521 4517 615 4590 rialis
638 4515 844 4604 affectionis,
864 4513 1001 4585 firmum
1020 4511 1231 4608 propositum
1255 4510 1472 4584 reformande
1494 4508 1590 4609 pacis
1609 4521 1645 4583 et
1666 4511 1808 4583 unitatis
1829 4523 1934 4604 atque

522 4639 703 4716 concordie
722 4639 821 4711 nobis
836 4649 871 4710 et
888 4637 1031 4732 imperio
1049 4634 1239 4708 admodum
1259 4635 1449 4710 necessarie
1466 4657 1526 4732 per
1540 4633 1933 4727 Lcmbardiam,Roma-
