<?xml version="1.0" encoding="UTF-8"?>
<!DOCTYPE html PUBLIC "-//W3C//DTD XHTML 1.0 Transitional//EN"
    "http://www.w3.org/TR/xhtml1/DTD/xhtml1-transitional.dtd">
<html xmlns="http://www.w3.org/1999/xhtml" xml:lang="en" lang="en">
 <head>
  <title>
</title>
<meta http-equiv="Content-Type" content="text/html;charset=utf-8" />
  <meta name='ocr-system' content='tesseract 3.04.00' />
  <meta name='ocr-capabilities' content='ocr_page ocr_carea ocr_par ocr_line ocrx_word'/>
</head>
<body>
  <div class='ocr_page' id='page_1' title='image "./historiadiploma08fredgoog_0141.png"; bbox 0 0 4368 5876; ppageno 0'>
   <div class='ocr_carea' id='block_1_1' title="bbox 255 563 1673 644">
    <p class='ocr_par' dir='ltr' id='par_1_1' title="bbox 255 563 1673 644">
     <span class='ocr_line' id='line_1_1' title="bbox 255 563 1673 644; baseline 0.001 -19"><span class='ocrx_word' id='word_1_1' title='bbox 255 566 353 628; x_wconf 79' lang='lat' dir='ltr'><strong>lsnncr.</strong></span> <span class='ocrx_word' id='word_1_2' title='bbox 369 564 416 644; x_wconf 84' lang='lat'><strong>9.]</strong></span> <span class='ocrx_word' id='word_1_3' title='bbox 705 563 904 626; x_wconf 78' lang='lat' dir='ltr'><strong>HISTORIA</strong></span> <span class='ocrx_word' id='word_1_4' title='bbox 928 563 1223 628; x_wconf 72' lang='lat' dir='ltr'><strong>blatotlllrlcl.</strong></span> <span class='ocrx_word' id='word_1_5' title='bbox 1614 563 1673 628; x_wconf 72' lang='lat'><strong>129</strong></span> 
     </span>
    </p>
   </div>
   <div class='ocr_carea' id='block_1_2' title="bbox 248 698 1737 4536">
    <p class='ocr_par' dir='ltr' id='par_1_2' title="bbox 248 698 1737 4536">
     <span class='ocr_line' id='line_1_2' title="bbox 255 698 1671 796; baseline -0.001 -20"><span class='ocrx_word' id='word_1_6' title='bbox 255 700 318 776; x_wconf 90' lang='lat' dir='ltr'><strong>diu</strong></span> <span class='ocrx_word' id='word_1_7' title='bbox 343 701 445 774; x_wconf 89' lang='lat' dir='ltr'><strong>nobis</strong></span> <span class='ocrx_word' id='word_1_8' title='bbox 462 699 630 796; x_wconf 77' lang='lat' dir='ltr'><strong>placuerit</strong></span> <span class='ocrx_word' id='word_1_9' title='bbox 653 703 826 776; x_wconf 88' lang='lat' dir='ltr'><strong>commisit</strong></span> <span class='ocrx_word' id='word_1_10' title='bbox 847 702 1054 777; x_wconf 85' lang='lat' dir='ltr'><strong>fiducialiter</strong></span> <span class='ocrx_word' id='word_1_11' title='bbox 1078 698 1326 796; x_wconf 84' lang='lat' dir='ltr'><strong>gubernanda,</strong></span> <span class='ocrx_word' id='word_1_12' title='bbox 1348 708 1383 772; x_wconf 91' lang='lat' dir='ltr'><strong>et</strong></span> <span class='ocrx_word' id='word_1_13' title='bbox 1406 699 1563 773; x_wconf 92' lang='lat' dir='ltr'><strong>homines</strong></span> <span class='ocrx_word' id='word_1_14' title='bbox 1590 721 1671 774; x_wconf 90' lang='lat' dir='ltr'><strong>cas-</strong></span> 
     </span>
     <span class='ocr_line' id='line_1_3' title="bbox 254 824 1669 921; baseline 0 -23"><span class='ocrx_word' id='word_1_15' title='bbox 254 835 385 898; x_wconf 89' lang='lat' dir='ltr'><strong>trorum</strong></span> <span class='ocrx_word' id='word_1_16' title='bbox 401 825 556 920; x_wconf 89' lang='lat' dir='ltr'><strong>ipsorum</strong></span> <span class='ocrx_word' id='word_1_17' title='bbox 571 824 686 899; x_wconf 86' lang='lat' dir='ltr'><strong>eidem</strong></span> <span class='ocrx_word' id='word_1_18' title='bbox 706 827 846 901; x_wconf 91' lang='lat' dir='ltr'><strong>nomine</strong></span> <span class='ocrx_word' id='word_1_19' title='bbox 866 837 981 900; x_wconf 89' lang='lat' dir='ltr'><strong>nostro</strong></span> <span class='ocrx_word' id='word_1_20' title='bbox 1004 825 1181 900; x_wconf 82' lang='lat' dir='ltr'><strong>fidelitatis</strong></span> <span class='ocrx_word' id='word_1_21' title='bbox 1200 828 1396 919; x_wconf 88' lang='lat' dir='ltr'><strong>juramenta</strong></span> <span class='ocrx_word' id='word_1_22' title='bbox 1421 833 1612 921; x_wconf 73' lang='lat' dir='ltr'><strong>prestantes</strong></span> <span class='ocrx_word' id='word_1_23' title='bbox 1637 827 1669 898; x_wconf 90' lang='lat' dir='ltr'><strong>ei</strong></span> 
     </span>
     <span class='ocr_line' id='line_1_4' title="bbox 254 948 1670 1046; baseline -0.001 -22"><span class='ocrx_word' id='word_1_24' title='bbox 254 949 301 1024; x_wconf 89' lang='lat' dir='ltr'><strong>dc</strong></span> <span class='ocrx_word' id='word_1_25' title='bbox 325 950 516 1024; x_wconf 88' lang='lat' dir='ltr'><strong>rationibus</strong></span> <span class='ocrx_word' id='word_1_26' title='bbox 537 950 664 1022; x_wconf 86' lang='lat' dir='ltr'><strong>uostris</strong></span> <span class='ocrx_word' id='word_1_27' title='bbox 688 951 942 1046; x_wconf 87' lang='lat' dir='ltr'><strong>responderunt</strong></span> <span class='ocrx_word' id='word_1_28' title='bbox 965 953 1098 1044; x_wconf 75' lang='lat' dir='ltr'><strong>integre</strong></span> <span class='ocrx_word' id='word_1_29' title='bbox 1124 961 1159 1023; x_wconf 90' lang='lat' dir='ltr'><strong>et</strong></span> <span class='ocrx_word' id='word_1_30' title='bbox 1185 949 1407 1045; x_wconf 88' lang='lat' dir='ltr'><strong>respondent.</strong></span> <span class='ocrx_word' id='word_1_31' title='bbox 1434 948 1568 1022; x_wconf 81' lang='lat' dir='ltr'>Deinde</span> <span class='ocrx_word' id='word_1_32' title='bbox 1590 972 1670 1022; x_wconf 88' lang='lat' dir='ltr'><strong>cum</strong></span> 
     </span>
     <span class='ocr_line' id='line_1_5' title="bbox 255 1073 1673 1171; baseline 0.003 -27"><span class='ocrx_word' id='word_1_33' title='bbox 255 1073 344 1146; x_wconf 89' lang='lat' dir='ltr'><strong>inter</strong></span> <span class='ocrx_word' id='word_1_34' title='bbox 355 1076 568 1171; x_wconf 72' lang='lat' dir='ltr'><strong>spoletanos,</strong></span> <span class='ocrx_word' id='word_1_35' title='bbox 584 1075 804 1168; x_wconf 84' lang='lat' dir='ltr'><strong>Narnienses,</strong></span> <span class='ocrx_word' id='word_1_36' title='bbox 816 1077 1066 1149; x_wconf 84' lang='lat' dir='ltr'><strong>Coroionenses</strong></span> <span class='ocrx_word' id='word_1_37' title='bbox 1075 1073 1128 1171; x_wconf 80' lang='lat' dir='ltr'><strong>(a)</strong></span> <span class='ocrx_word' id='word_1_38' title='bbox 1142 1085 1177 1147; x_wconf 90' lang='lat' dir='ltr'><strong>et</strong></span> <span class='ocrx_word' id='word_1_39' title='bbox 1191 1073 1368 1168; x_wconf 89' lang='lat' dir='ltr'><strong>adjutores</strong></span> <span class='ocrx_word' id='word_1_40' title='bbox 1380 1095 1501 1147; x_wconf 89' lang='lat' dir='ltr'><strong>sorum</strong></span> <span class='ocrx_word' id='word_1_41' title='bbox 1513 1096 1560 1147; x_wconf 85' lang='lat' dir='ltr'><strong>ex</strong></span> <span class='ocrx_word' id='word_1_42' title='bbox 1575 1086 1673 1170; x_wconf 88' lang='lat' dir='ltr'><strong>parts</strong></span> 
     </span>
     <span class='ocr_line' id='line_1_6' title="bbox 254 1199 1670 1295; baseline 0.002 -25"><span class='ocrx_word' id='word_1_43' title='bbox 254 1219 339 1287; x_wconf 88' lang='lat' dir='ltr'><strong>uua,</strong></span> <span class='ocrx_word' id='word_1_44' title='bbox 363 1208 398 1270; x_wconf 93' lang='lat' dir='ltr'><strong>et</strong></span> <span class='ocrx_word' id='word_1_45' title='bbox 423 1200 716 1292; x_wconf 85' lang='lat' dir='ltr'><strong>interamnenses,</strong></span> <span class='ocrx_word' id='word_1_46' title='bbox 745 1201 972 1290; x_wconf 87' lang='lat' dir='ltr'><strong>Tudertinus,</strong></span> <span class='ocrx_word' id='word_1_47' title='bbox 1002 1200 1264 1295; x_wconf 79' lang='lat' dir='ltr'><strong>Fulginatenses</strong></span> <span class='ocrx_word' id='word_1_48' title='bbox 1289 1211 1323 1272; x_wconf 93' lang='lat' dir='ltr'><strong>et</strong></span> <span class='ocrx_word' id='word_1_49' title='bbox 1347 1199 1524 1292; x_wconf 89' lang='lat' dir='ltr'><strong>adjutores</strong></span> <span class='ocrx_word' id='word_1_50' title='bbox 1548 1222 1670 1274; x_wconf 88' lang='lat' dir='ltr'><strong>eornm</strong></span> 
     </span>
     <span class='ocr_line' id='line_1_7' title="bbox 254 1323 1672 1422; baseline 0.002 -27"><span class='ocrx_word' id='word_1_51' title='bbox 254 1323 429 1398; x_wconf 83' lang='lat' dir='ltr'><strong>exaltem</strong></span> <span class='ocrx_word' id='word_1_52' title='bbox 450 1325 621 1418; x_wconf 76' lang='lat' dir='ltr'><strong>generalis</strong></span> <span class='ocrx_word' id='word_1_53' title='bbox 642 1347 767 1420; x_wconf 76' lang='lat' dir='ltr'><strong>gusua</strong></span> <span class='ocrx_word' id='word_1_54' title='bbox 789 1329 930 1401; x_wconf 88' lang='lat' dir='ltr'><strong>suborta</strong></span> <span class='ocrx_word' id='word_1_55' title='bbox 952 1327 1089 1420; x_wconf 85' lang='lat' dir='ltr'><strong>[esset],</strong></span> <span class='ocrx_word' id='word_1_56' title='bbox 1114 1326 1161 1398; x_wconf 90' lang='lat' dir='ltr'><strong>ita</strong></span> <span class='ocrx_word' id='word_1_57' title='bbox 1185 1324 1282 1420; x_wconf 90' lang='lat' dir='ltr'><strong>quod</strong></span> <span class='ocrx_word' id='word_1_58' title='bbox 1306 1333 1418 1422; x_wconf 88' lang='lat' dir='ltr'><strong>preter</strong></span> <span class='ocrx_word' id='word_1_59' title='bbox 1440 1335 1589 1420; x_wconf 84' lang='lat' dir='ltr'><strong>stragem</strong></span> <span class='ocrx_word' id='word_1_60' title='bbox 1612 1327 1672 1398; x_wconf 86' lang='lat' dir='ltr'><strong>vi-</strong></span> 
     </span>
     <span class='ocr_line' id='line_1_8' title="bbox 255 1449 1671 1548; baseline 0.002 -28"><span class='ocrx_word' id='word_1_61' title='bbox 255 1468 373 1520; x_wconf 90' lang='lat' dir='ltr'><strong>rorum</strong></span> <span class='ocrx_word' id='word_1_62' title='bbox 387 1459 421 1521; x_wconf 90' lang='lat' dir='ltr'><strong>et</strong></span> <span class='ocrx_word' id='word_1_63' title='bbox 437 1449 642 1523; x_wconf 88' lang='lat' dir='ltr'><strong>multimoda</strong></span> <span class='ocrx_word' id='word_1_64' title='bbox 663 1473 779 1523; x_wconf 90' lang='lat' dir='ltr'><strong>rerum</strong></span> <span class='ocrx_word' id='word_1_65' title='bbox 794 1452 946 1548; x_wconf 85' lang='lat' dir='ltr'><strong>dampna</strong></span> <span class='ocrx_word' id='word_1_66' title='bbox 961 1460 997 1524; x_wconf 91' lang='lat' dir='ltr'><strong>st</strong></span> <span class='ocrx_word' id='word_1_67' title='bbox 1012 1450 1109 1546; x_wconf 91' lang='lat' dir='ltr'><strong>qnod</strong></span> <span class='ocrx_word' id='word_1_68' title='bbox 1131 1459 1184 1522; x_wconf 90' lang='lat' dir='ltr'><strong>est</strong></span> <span class='ocrx_word' id='word_1_69' title='bbox 1198 1450 1341 1544; x_wconf 72' lang='lat' dir='ltr'><strong>gravium</strong></span> <span class='ocrx_word' id='word_1_70' title='bbox 1358 1450 1552 1522; x_wconf 89' lang='lat' dir='ltr'><strong>animarum</strong></span> <span class='ocrx_word' id='word_1_71' title='bbox 1574 1451 1671 1544; x_wconf 89' lang='lat' dir='ltr'><strong>peri-</strong></span> 
     </span>
     <span class='ocr_line' id='line_1_9' title="bbox 255 1573 1667 1670; baseline 0.004 -27"><span class='ocrx_word' id='word_1_72' title='bbox 255 1573 332 1644; x_wconf 90' lang='lat' dir='ltr'><strong>cula</strong></span> <span class='ocrx_word' id='word_1_73' title='bbox 351 1595 421 1666; x_wconf 88' lang='lat' dir='ltr'><strong>que</strong></span> <span class='ocrx_word' id='word_1_74' title='bbox 443 1581 589 1668; x_wconf 89' lang='lat' dir='ltr'><strong>utraque</strong></span> <span class='ocrx_word' id='word_1_75' title='bbox 607 1596 687 1669; x_wconf 90' lang='lat' dir='ltr'><strong>pars</strong></span> <span class='ocrx_word' id='word_1_76' title='bbox 711 1575 918 1666; x_wconf 90' lang='lat' dir='ltr'><strong>incurrerat,</strong></span> <span class='ocrx_word' id='word_1_77' title='bbox 940 1575 1040 1647; x_wconf 93' lang='lat' dir='ltr'><strong>multi</strong></span> <span class='ocrx_word' id='word_1_78' title='bbox 1062 1573 1298 1649; x_wconf 87' lang='lat' dir='ltr'><strong>detinerentur</strong></span> <span class='ocrx_word' id='word_1_79' title='bbox 1319 1574 1502 1648; x_wconf 92' lang='lat' dir='ltr'><strong>hincinde</strong></span> <span class='ocrx_word' id='word_1_80' title='bbox 1521 1577 1667 1670; x_wconf 88' lang='lat' dir='ltr'><strong>captivi;</strong></span> 
     </span>
     <span class='ocr_line' id='line_1_10' title="bbox 256 1699 1672 1795; baseline 0.003 -26"><span class='ocrx_word' id='word_1_81' title='bbox 256 1719 319 1770; x_wconf 92' lang='lat' dir='ltr'><strong>uos</strong></span> <span class='ocrx_word' id='word_1_82' title='bbox 348 1699 400 1771; x_wconf 92' lang='lat' dir='ltr'><strong>eis</strong></span> <span class='ocrx_word' id='word_1_83' title='bbox 429 1709 571 1795; x_wconf 87' lang='lat' dir='ltr'><strong>paterno</strong></span> <span class='ocrx_word' id='word_1_84' title='bbox 595 1701 843 1795; x_wconf 77' lang='lat' dir='ltr'><strong>compatientes</strong></span> <span class='ocrx_word' id='word_1_85' title='bbox 868 1701 1010 1792; x_wconf 83' lang='lat' dir='ltr'><strong>affeetu,</strong></span> <span class='ocrx_word' id='word_1_86' title='bbox 1038 1701 1118 1772; x_wconf 89' lang='lat' dir='ltr'><strong>licet</strong></span> <span class='ocrx_word' id='word_1_87' title='bbox 1140 1699 1284 1794; x_wconf 89' lang='lat' dir='ltr'><strong>quidam</strong></span> <span class='ocrx_word' id='word_1_88' title='bbox 1308 1721 1355 1770; x_wconf 86' lang='lat' dir='ltr'><strong>sx</strong></span> <span class='ocrx_word' id='word_1_89' title='bbox 1380 1700 1448 1771; x_wconf 92' lang='lat' dir='ltr'><strong>illis</strong></span> <span class='ocrx_word' id='word_1_90' title='bbox 1472 1699 1672 1774; x_wconf 89' lang='lat' dir='ltr'><strong>viderentur</strong></span> 
     </span>
     <span class='ocr_line' id='line_1_11' title="bbox 256 1821 1670 1917; baseline 0.004 -24"><span class='ocrx_word' id='word_1_91' title='bbox 256 1821 395 1895; x_wconf 88' lang='lat' dir='ltr'><strong>lilialem</strong></span> <span class='ocrx_word' id='word_1_92' title='bbox 414 1823 646 1897; x_wconf 84' lang='lat' dir='ltr'><strong>obedientiam</strong></span> <span class='ocrx_word' id='word_1_93' title='bbox 665 1825 846 1917; x_wconf 88' lang='lat' dir='ltr'><strong>abjecisse,</strong></span> <span class='ocrx_word' id='word_1_94' title='bbox 866 1825 1033 1898; x_wconf 90' lang='lat' dir='ltr'><strong>dilectum</strong></span> <span class='ocrx_word' id='word_1_95' title='bbox 1057 1823 1168 1896; x_wconf 88' lang='lat' dir='ltr'><strong>lilium</strong></span> <span class='ocrx_word' id='word_1_96' title='bbox 1192 1821 1399 1896; x_wconf 87' lang='lat' dir='ltr'><strong>Pandullum</strong></span> <span class='ocrx_word' id='word_1_97' title='bbox 1415 1823 1670 1898; x_wconf 87' lang='lat' dir='ltr'><strong>subdiaconum</strong></span> 
     </span>
     <span class='ocr_line' id='line_1_12' title="bbox 254 1949 1670 2045; baseline 0.002 -25"><span class='ocrx_word' id='word_1_98' title='bbox 254 1958 289 2020; x_wconf 91' lang='lat' dir='ltr'><strong>et</strong></span> <span class='ocrx_word' id='word_1_99' title='bbox 307 1949 479 2021; x_wconf 86' lang='lat' dir='ltr'><strong>notarium</strong></span> <span class='ocrx_word' id='word_1_100' title='bbox 497 1958 651 2022; x_wconf 86' lang='lat' dir='ltr'><strong>nostrum</strong></span> <span class='ocrx_word' id='word_1_101' title='bbox 669 1950 751 2022; x_wconf 92' lang='lat' dir='ltr'><strong>illuc</strong></span> <span class='ocrx_word' id='word_1_102' title='bbox 773 1951 974 2022; x_wconf 81' lang='lat' dir='ltr'><strong>curavimus</strong></span> <span class='ocrx_word' id='word_1_103' title='bbox 993 1949 1223 2022; x_wconf 90' lang='lat' dir='ltr'><strong>destinarent</strong></span> <span class='ocrx_word' id='word_1_104' title='bbox 1244 1966 1363 2021; x_wconf 90' lang='lat' dir='ltr'><strong>omnes</strong></span> <span class='ocrx_word' id='word_1_105' title='bbox 1379 1949 1424 2022; x_wconf 92' lang='lat' dir='ltr'><strong>ad</strong></span> <span class='ocrx_word' id='word_1_106' title='bbox 1439 1949 1537 2045; x_wconf 88' lang='lat' dir='ltr'><strong>pacis</strong></span> <span class='ocrx_word' id='word_1_107' title='bbox 1555 1949 1670 2024; x_wconf 80' lang='lat' dir='ltr'><strong>federa</strong></span> 
     </span>
     <span class='ocr_line' id='line_1_13' title="bbox 255 2073 1673 2170; baseline 0.004 -27"><span class='ocrx_word' id='word_1_108' title='bbox 255 2073 409 2147; x_wconf 86' lang='lat' dir='ltr'><strong>ineunda</strong></span> <span class='ocrx_word' id='word_1_109' title='bbox 434 2085 503 2146; x_wconf 87' lang='lat' dir='ltr'><strong>tam</strong></span> <span class='ocrx_word' id='word_1_110' title='bbox 528 2075 696 2170; x_wconf 88' lang='lat' dir='ltr'><strong>spirituali</strong></span> <span class='ocrx_word' id='word_1_111' title='bbox 715 2097 822 2169; x_wconf 92' lang='lat' dir='ltr'><strong>quam</strong></span> <span class='ocrx_word' id='word_1_112' title='bbox 845 2075 1024 2170; x_wconf 83' lang='lat' dir='ltr'><strong>temporali</strong></span> <span class='ocrx_word' id='word_1_113' title='bbox 1050 2073 1263 2147; x_wconf 87' lang='lat' dir='ltr'><strong>districtione</strong></span> <span class='ocrx_word' id='word_1_114' title='bbox 1284 2073 1494 2169; x_wconf 85' lang='lat' dir='ltr'><strong>compellens</strong></span> <span class='ocrx_word' id='word_1_115' title='bbox 1517 2076 1673 2170; x_wconf 86' lang='lat' dir='ltr'><strong>captivos</strong></span> 
     </span>
     <span class='ocr_line' id='line_1_14' title="bbox 255 2198 1672 2295; baseline 0.002 -25"><span class='ocrx_word' id='word_1_116' title='bbox 255 2198 418 2294; x_wconf 83' lang='lat' dir='ltr'><strong>utrinque</strong></span> <span class='ocrx_word' id='word_1_117' title='bbox 442 2200 569 2273; x_wconf 83' lang='lat' dir='ltr'><strong>laceret</strong></span> <span class='ocrx_word' id='word_1_118' title='bbox 593 2200 744 2272; x_wconf 89' lang='lat' dir='ltr'><strong>liberari.</strong></span> <span class='ocrx_word' id='word_1_119' title='bbox 767 2200 835 2286; x_wconf 84' lang='lat' dir='ltr'><strong>Qui</strong></span> <span class='ocrx_word' id='word_1_120' title='bbox 864 2201 1065 2274; x_wconf 90' lang='lat' dir='ltr'><strong>mandatum</strong></span> <span class='ocrx_word' id='word_1_121' title='bbox 1088 2209 1242 2272; x_wconf 85' lang='lat' dir='ltr'><strong>nostrum</strong></span> <span class='ocrx_word' id='word_1_122' title='bbox 1273 2199 1456 2293; x_wconf 78' lang='lat' dir='ltr'><strong>diligenter</strong></span> <span class='ocrx_word' id='word_1_123' title='bbox 1479 2200 1672 2295; x_wconf 86' lang='lat' dir='ltr'><strong>adimplens</strong></span> 
     </span>
     <span class='ocr_line' id='line_1_15' title="bbox 254 2324 1671 2423; baseline 0.002 -27"><span class='ocrx_word' id='word_1_124' title='bbox 254 2324 389 2398; x_wconf 83' lang='lat' dir='ltr'><strong>studuit</strong></span> <span class='ocrx_word' id='word_1_125' title='bbox 402 2326 438 2398; x_wconf 92' lang='lat' dir='ltr'><strong>in</strong></span> <span class='ocrx_word' id='word_1_126' title='bbox 452 2347 557 2399; x_wconf 87' lang='lat' dir='ltr'><strong>mauu</strong></span> <span class='ocrx_word' id='word_1_127' title='bbox 572 2328 650 2400; x_wconf 86' lang='lat' dir='ltr'><strong>lorti</strong></span> <span class='ocrx_word' id='word_1_128' title='bbox 661 2328 832 2422; x_wconf 87' lang='lat' dir='ltr'><strong>corripere</strong></span> <span class='ocrx_word' id='word_1_129' title='bbox 846 2327 1018 2421; x_wconf 90' lang='lat' dir='ltr'><strong>inquietos</strong></span> <span class='ocrx_word' id='word_1_130' title='bbox 1031 2336 1065 2398; x_wconf 91' lang='lat' dir='ltr'><strong>et</strong></span> <span class='ocrx_word' id='word_1_131' title='bbox 1077 2327 1313 2423; x_wconf 85' lang='lat' dir='ltr'><strong>pusillanimes</strong></span> <span class='ocrx_word' id='word_1_132' title='bbox 1325 2324 1511 2417; x_wconf 87' lang='lat' dir='ltr'><strong>consolari,</strong></span> <span class='ocrx_word' id='word_1_133' title='bbox 1528 2335 1563 2398; x_wconf 86' lang='lat' dir='ltr'><strong>et</strong></span> <span class='ocrx_word' id='word_1_134' title='bbox 1576 2349 1671 2420; x_wconf 90' lang='lat' dir='ltr'><strong>quo-</strong></span> 
     </span>
     <span class='ocr_line' id='line_1_16' title="bbox 255 2448 1670 2546; baseline 0.001 -27"><span class='ocrx_word' id='word_1_135' title='bbox 255 2449 415 2523; x_wconf 90' lang='lat' dir='ltr'><strong>rumdam</strong></span> <span class='ocrx_word' id='word_1_136' title='bbox 424 2450 604 2523; x_wconf 83' lang='lat' dir='ltr'><strong>rebellium</strong></span> <span class='ocrx_word' id='word_1_137' title='bbox 614 2452 801 2546; x_wconf 90' lang='lat' dir='ltr'><strong>pertinacia</strong></span> <span class='ocrx_word' id='word_1_138' title='bbox 813 2471 965 2545; x_wconf 78' lang='lat' dir='ltr'><strong>congrue</strong></span> <span class='ocrx_word' id='word_1_139' title='bbox 976 2449 1341 2545; x_wconf 77' lang='lat' dir='ltr'><strong>castigataetcaptivis</strong></span> <span class='ocrx_word' id='word_1_140' title='bbox 1351 2448 1497 2522; x_wconf 90' lang='lat' dir='ltr'><strong>redditis</strong></span> <span class='ocrx_word' id='word_1_141' title='bbox 1508 2449 1670 2538; x_wconf 88' lang='lat' dir='ltr'><strong>libertati,</strong></span> 
     </span>
     <span class='ocr_line' id='line_1_17' title="bbox 256 2572 1674 2669; baseline 0.001 -23"><span class='ocrx_word' id='word_1_142' title='bbox 256 2577 482 2669; x_wconf 88' lang='lat' dir='ltr'><strong>potestatibus</strong></span> <span class='ocrx_word' id='word_1_143' title='bbox 496 2577 674 2649; x_wconf 91' lang='lat' dir='ltr'><strong>civitatum</strong></span> <span class='ocrx_word' id='word_1_144' title='bbox 689 2589 724 2649; x_wconf 92' lang='lat' dir='ltr'><strong>ot</strong></span> <span class='ocrx_word' id='word_1_145' title='bbox 733 2585 923 2649; x_wconf 89' lang='lat' dir='ltr'><strong>castrorum</strong></span> <span class='ocrx_word' id='word_1_146' title='bbox 935 2577 1007 2647; x_wconf 84' lang='lat' dir='ltr'><strong>lere</strong></span> <span class='ocrx_word' id='word_1_147' title='bbox 1023 2575 1177 2646; x_wconf 90' lang='lat' dir='ltr'><strong>omnium</strong></span> <span class='ocrx_word' id='word_1_148' title='bbox 1194 2572 1240 2646; x_wconf 90' lang='lat' dir='ltr'><strong>de</strong></span> <span class='ocrx_word' id='word_1_149' title='bbox 1252 2574 1381 2646; x_wconf 89' lang='lat' dir='ltr'><strong>ducatu</strong></span> <span class='ocrx_word' id='word_1_150' title='bbox 1393 2594 1482 2666; x_wconf 91' lang='lat' dir='ltr'><strong>quos</strong></span> <span class='ocrx_word' id='word_1_151' title='bbox 1493 2573 1588 2669; x_wconf 89' lang='lat' dir='ltr'><strong>apud</strong></span> <span class='ocrx_word' id='word_1_152' title='bbox 1601 2575 1674 2648; x_wconf 89' lang='lat' dir='ltr'><strong>Bs-</strong></span> 
     </span>
     <span class='ocr_line' id='line_1_18' title="bbox 248 2695 1674 2796; baseline 0 -26"><span class='ocrx_word' id='word_1_153' title='bbox 248 2700 394 2772; x_wconf 68' lang='lat' dir='ltr'><strong>&#39;vaniam</strong></span> <span class='ocrx_word' id='word_1_154' title='bbox 418 2699 465 2772; x_wconf 92' lang='lat' dir='ltr'><strong>ad</strong></span> <span class='ocrx_word' id='word_1_155' title='bbox 482 2721 582 2773; x_wconf 89' lang='lat' dir='ltr'><strong>snam</strong></span> <span class='ocrx_word' id='word_1_156' title='bbox 599 2700 804 2796; x_wconf 84' lang='lat' dir='ltr'><strong>presentiam</strong></span> <span class='ocrx_word' id='word_1_157' title='bbox 822 2706 984 2771; x_wconf 88' lang='lat' dir='ltr'><strong>evocarat</strong></span> <span class='ocrx_word' id='word_1_158' title='bbox 998 2698 1065 2770; x_wconf 88' lang='lat' dir='ltr'><strong>sub</strong></span> <span class='ocrx_word' id='word_1_159' title='bbox 1083 2697 1201 2770; x_wconf 90' lang='lat' dir='ltr'><strong>debito</strong></span> <span class='ocrx_word' id='word_1_160' title='bbox 1224 2695 1398 2770; x_wconf 82' lang='lat' dir='ltr'><strong>fidelitatis</strong></span> <span class='ocrx_word' id='word_1_161' title='bbox 1414 2705 1449 2768; x_wconf 88' lang='lat' dir='ltr'><strong>et</strong></span> <span class='ocrx_word' id='word_1_162' title='bbox 1469 2719 1558 2791; x_wconf 90' lang='lat' dir='ltr'><strong>pena</strong></span> <span class='ocrx_word' id='word_1_163' title='bbox 1580 2699 1674 2771; x_wconf 91' lang='lat' dir='ltr'><strong>mille</strong></span> 
     </span>
     <span class='ocr_line' id='line_1_19' title="bbox 257 2821 1675 2919; baseline 0.001 -25"><span class='ocrx_word' id='word_1_164' title='bbox 257 2823 421 2896; x_wconf 87' lang='lat' dir='ltr'><strong>librarum</strong></span> <span class='ocrx_word' id='word_1_165' title='bbox 436 2825 588 2919; x_wconf 85' lang='lat' dir='ltr'><strong>injunxit</strong></span> <span class='ocrx_word' id='word_1_166' title='bbox 603 2834 643 2897; x_wconf 93' lang='lat' dir='ltr'><strong>ut</strong></span> <span class='ocrx_word' id='word_1_167' title='bbox 660 2825 697 2896; x_wconf 95' lang='lat' dir='ltr'><strong>in</strong></span> <span class='ocrx_word' id='word_1_168' title='bbox 709 2825 842 2898; x_wconf 85' lang='lat' dir='ltr'><strong>octaris</strong></span> <span class='ocrx_word' id='word_1_169' title='bbox 856 2823 1088 2918; x_wconf 86' lang='lat' dir='ltr'><strong>apostolorum</strong></span> <span class='ocrx_word' id='word_1_170' title='bbox 1103 2821 1192 2894; x_wconf 89' lang='lat' dir='ltr'><strong>Petri</strong></span> <span class='ocrx_word' id='word_1_171' title='bbox 1207 2831 1242 2895; x_wconf 88' lang='lat' dir='ltr'><strong>et</strong></span> <span class='ocrx_word' id='word_1_172' title='bbox 1255 2821 1350 2893; x_wconf 89' lang='lat' dir='ltr'><strong>Pauli</strong></span> <span class='ocrx_word' id='word_1_173' title='bbox 1368 2821 1513 2915; x_wconf 87' lang='lat' dir='ltr'><strong>quilibet</strong></span> <span class='ocrx_word' id='word_1_174' title='bbox 1526 2831 1675 2916; x_wconf 86' lang='lat' dir='ltr'><strong>potestas</strong></span> 
     </span>
     <span class='ocr_line' id='line_1_20' title="bbox 256 2944 1737 3044; baseline -0.001 -24"><span class='ocrx_word' id='word_1_175' title='bbox 256 2970 336 3020; x_wconf 89' lang='lat' dir='ltr'><strong>cum</strong></span> <span class='ocrx_word' id='word_1_176' title='bbox 350 2949 461 3022; x_wconf 88' lang='lat' dir='ltr'><strong>tribus</strong></span> <span class='ocrx_word' id='word_1_177' title='bbox 477 2951 535 3022; x_wconf 89' lang='lat' dir='ltr'><strong>vel</strong></span> <span class='ocrx_word' id='word_1_178' title='bbox 554 2959 703 3044; x_wconf 87' lang='lat' dir='ltr'><strong>quatuor</strong></span> <span class='ocrx_word' id='word_1_179' title='bbox 717 2949 762 3023; x_wconf 90' lang='lat' dir='ltr'><strong>de</strong></span> <span class='ocrx_word' id='word_1_180' title='bbox 776 2947 916 3022; x_wconf 88' lang='lat' dir='ltr'><strong>civitate</strong></span> <span class='ocrx_word' id='word_1_181' title='bbox 929 2969 992 3020; x_wconf 88' lang='lat' dir='ltr'><strong>sua</strong></span> <span class='ocrx_word' id='word_1_182' title='bbox 1007 2947 1121 3019; x_wconf 82' lang='lat' dir='ltr'><strong>vicem</strong></span> <span class='ocrx_word' id='word_1_183' title='bbox 1137 2948 1291 3018; x_wconf 91' lang='lat' dir='ltr'><strong>omnium</strong></span> <span class='ocrx_word' id='word_1_184' title='bbox 1306 2944 1514 3019; x_wconf 88' lang='lat' dir='ltr'><strong>habentibus</strong></span> <span class='ocrx_word' id='word_1_185' title='bbox 1529 2967 1567 3018; x_wconf 89' lang='lat' dir='ltr'><strong>se</strong></span> <span class='ocrx_word' id='word_1_186' title='bbox 1579 2946 1675 3042; x_wconf 91' lang='lat' dir='ltr'><strong>apud</strong></span> <span class='ocrx_word' id='word_1_187' title='bbox 1724 2978 1737 3002; x_wconf 47' lang='lat' dir='ltr'><strong>s</strong></span> 
     </span>
     <span class='ocr_line' id='line_1_21' title="bbox 256 3068 1675 3169; baseline -0.001 -23"><span class='ocrx_word' id='word_1_188' title='bbox 256 3074 382 3146; x_wconf 90' lang='lat' dir='ltr'><strong>Urbem</strong></span> <span class='ocrx_word' id='word_1_189' title='bbox 394 3076 552 3147; x_wconf 83' lang='lat' dir='ltr'><strong>Veterem</strong></span> <span class='ocrx_word' id='word_1_190' title='bbox 566 3083 683 3148; x_wconf 90' lang='lat' dir='ltr'><strong>nostro</strong></span> <span class='ocrx_word' id='word_1_191' title='bbox 699 3073 896 3169; x_wconf 89' lang='lat' dir='ltr'><strong>conspectui</strong></span> <span class='ocrx_word' id='word_1_192' title='bbox 915 3081 1161 3168; x_wconf 89' lang='lat' dir='ltr'><strong>presentarent.</strong></span> <span class='ocrx_word' id='word_1_193' title='bbox 1179 3071 1314 3156; x_wconf 87' lang='lat' dir='ltr'><strong>Quibus</strong></span> <span class='ocrx_word' id='word_1_194' title='bbox 1328 3071 1365 3141; x_wconf 91' lang='lat' dir='ltr'><strong>in</strong></span> <span class='ocrx_word' id='word_1_195' title='bbox 1380 3068 1515 3166; x_wconf 82' lang='lat' dir='ltr'><strong>prelixo</strong></span> <span class='ocrx_word' id='word_1_196' title='bbox 1529 3071 1675 3144; x_wconf 90' lang='lat' dir='ltr'><strong>termino</strong></span> 
     </span>
     <span class='ocr_line' id='line_1_22' title="bbox 256 3194 1675 3293; baseline 0.001 -27"><span class='ocrx_word' id='word_1_197' title='bbox 256 3197 292 3268; x_wconf 93' lang='lat' dir='ltr'><strong>in</strong></span> <span class='ocrx_word' id='word_1_198' title='bbox 311 3209 427 3270; x_wconf 80' lang='lat' dir='ltr'><strong>uostm</strong></span> <span class='ocrx_word' id='word_1_199' title='bbox 441 3198 614 3293; x_wconf 85' lang='lat' dir='ltr'><strong>presentia</strong></span> <span class='ocrx_word' id='word_1_200' title='bbox 634 3197 843 3286; x_wconf 84' lang='lat' dir='ltr'><strong>constitutis,</strong></span> <span class='ocrx_word' id='word_1_201' title='bbox 867 3206 1051 3293; x_wconf 73' lang='lat' dir='ltr'><strong>postqum</strong></span> <span class='ocrx_word' id='word_1_202' title='bbox 1073 3206 1254 3268; x_wconf 87' lang='lat' dir='ltr'><strong>tractatum</strong></span> <span class='ocrx_word' id='word_1_203' title='bbox 1267 3205 1320 3267; x_wconf 91' lang='lat' dir='ltr'><strong>est</strong></span> <span class='ocrx_word' id='word_1_204' title='bbox 1336 3194 1469 3269; x_wconf 90' lang='lat' dir='ltr'><strong>diutius</strong></span> <span class='ocrx_word' id='word_1_205' title='bbox 1486 3205 1557 3267; x_wconf 91' lang='lat' dir='ltr'><strong>tam</strong></span> <span class='ocrx_word' id='word_1_206' title='bbox 1569 3219 1675 3292; x_wconf 88' lang='lat' dir='ltr'><strong>super</strong></span> 
     </span>
     <span class='ocr_line' id='line_1_23' title="bbox 256 3297 1678 3418; baseline 0 -24"><span class='ocrx_word' id='word_1_207' title='bbox 256 3343 340 3416; x_wconf 91' lang='lat' dir='ltr'><strong>pace</strong></span> <span class='ocrx_word' id='word_1_208' title='bbox 354 3322 442 3394; x_wconf 90' lang='lat' dir='ltr'><strong>inter</strong></span> <span class='ocrx_word' id='word_1_209' title='bbox 456 3322 549 3418; x_wconf 88' lang='lat' dir='ltr'><strong>ipsos</strong></span> <span class='ocrx_word' id='word_1_210' title='bbox 561 3297 699 3418; x_wconf 89' lang='lat' dir='ltr'><strong>plenius</strong></span> <span class='ocrx_word' id='word_1_211' title='bbox 715 3321 934 3394; x_wconf 78' lang='lat' dir='ltr'><strong>reformanda</strong></span> <span class='ocrx_word' id='word_1_212' title='bbox 948 3343 1055 3414; x_wconf 90' lang='lat' dir='ltr'><strong>qnam</strong></span> <span class='ocrx_word' id='word_1_213' title='bbox 1070 3341 1175 3416; x_wconf 90' lang='lat' dir='ltr'><strong>super</strong></span> <span class='ocrx_word' id='word_1_214' title='bbox 1191 3319 1321 3393; x_wconf 92' lang='lat' dir='ltr'><strong>ducatu</strong></span> <span class='ocrx_word' id='word_1_215' title='bbox 1336 3318 1381 3392; x_wconf 90' lang='lat' dir='ltr'><strong>ad</strong></span> <span class='ocrx_word' id='word_1_216' title='bbox 1399 3341 1522 3392; x_wconf 90' lang='lat' dir='ltr'><strong>manus</strong></span> <span class='ocrx_word' id='word_1_217' title='bbox 1534 3321 1678 3394; x_wconf 89' lang='lat' dir='ltr'><strong>ecclesie</strong></span> 
     </span>
     <span class='ocr_line' id='line_1_24' title="bbox 257 3433 1678 3540; baseline 0.001 -23"><span class='ocrx_word' id='word_1_218' title='bbox 257 3433 457 3537; x_wconf 71' lang='lat' dir='ltr'><strong>retinendo,</strong></span> <span class='ocrx_word' id='word_1_219' title='bbox 478 3445 576 3540; x_wconf 91' lang='lat' dir='ltr'><strong>quod</strong></span> <span class='ocrx_word' id='word_1_220' title='bbox 591 3455 627 3518; x_wconf 90' lang='lat' dir='ltr'><strong>et</strong></span> <span class='ocrx_word' id='word_1_221' title='bbox 643 3467 724 3518; x_wconf 90' lang='lat' dir='ltr'><strong>cum</strong></span> <span class='ocrx_word' id='word_1_222' title='bbox 747 3444 902 3540; x_wconf 88' lang='lat' dir='ltr'><strong>predicto</strong></span> <span class='ocrx_word' id='word_1_223' title='bbox 921 3443 1138 3517; x_wconf 87' lang='lat' dir='ltr'><strong>subdiacono</strong></span> <span class='ocrx_word' id='word_1_224' title='bbox 1153 3453 1382 3517; x_wconf 88' lang='lat' dir='ltr'><strong>tractaverant</strong></span> <span class='ocrx_word' id='word_1_225' title='bbox 1400 3444 1594 3539; x_wconf 78' lang='lat' dir='ltr'><strong>diligenter,</strong></span> <span class='ocrx_word' id='word_1_226' title='bbox 1614 3446 1678 3518; x_wconf 90' lang='lat' dir='ltr'><strong>Pe·</strong></span> 
     </span>
     <span class='ocr_line' id='line_1_25' title="bbox 257 3569 1677 3668; baseline 0.001 -27"><span class='ocrx_word' id='word_1_227' title='bbox 257 3570 366 3642; x_wconf 89' lang='lat' dir='ltr'><strong>rusini</strong></span> <span class='ocrx_word' id='word_1_228' title='bbox 384 3569 445 3668; x_wconf 85' lang='lat' dir='ltr'><strong>(b),</strong></span> <span class='ocrx_word' id='word_1_229' title='bbox 462 3569 746 3658; x_wconf 79' lang='lat' dir='ltr'><strong>Assismatensss,</strong></span> <span class='ocrx_word' id='word_1_230' title='bbox 767 3570 1038 3663; x_wconf 78' lang='lat' dir='ltr'><strong>Fulginatenses,</strong></span> <span class='ocrx_word' id='word_1_231' title='bbox 1058 3569 1221 3642; x_wconf 90' lang='lat' dir='ltr'><strong>Nucerini</strong></span> <span class='ocrx_word' id='word_1_232' title='bbox 1238 3579 1273 3642; x_wconf 94' lang='lat' dir='ltr'><strong>et</strong></span> <span class='ocrx_word' id='word_1_233' title='bbox 1288 3571 1561 3643; x_wconf 86' lang='lat' dir='ltr'><strong>interamnenses</strong></span> <span class='ocrx_word' id='word_1_234' title='bbox 1574 3573 1677 3664; x_wconf 87' lang='lat' dir='ltr'><strong>juxta</strong></span> 
     </span>
     <span class='ocr_line' id='line_1_26' title="bbox 257 3693 1679 3788; baseline 0 -20"><span class='ocrx_word' id='word_1_235' title='bbox 257 3696 460 3768; x_wconf 87' lang='lat' dir='ltr'><strong>mandatnm</strong></span> <span class='ocrx_word' id='word_1_236' title='bbox 473 3705 627 3768; x_wconf 81' lang='lat' dir='ltr'><strong>nosuum</strong></span> <span class='ocrx_word' id='word_1_237' title='bbox 642 3695 869 3786; x_wconf 90' lang='lat' dir='ltr'><strong>munitiones,</strong></span> <span class='ocrx_word' id='word_1_238' title='bbox 884 3705 997 3767; x_wconf 79' lang='lat' dir='ltr'><strong>casua</strong></span> <span class='ocrx_word' id='word_1_239' title='bbox 1010 3703 1045 3767; x_wconf 90' lang='lat' dir='ltr'><strong>et</strong></span> <span class='ocrx_word' id='word_1_240' title='bbox 1058 3693 1201 3785; x_wconf 76' lang='lat' dir='ltr'><strong>regalia,</strong></span> <span class='ocrx_word' id='word_1_241' title='bbox 1220 3695 1310 3766; x_wconf 90' lang='lat' dir='ltr'><strong>sicut</strong></span> <span class='ocrx_word' id='word_1_242' title='bbox 1328 3716 1370 3766; x_wconf 89' lang='lat' dir='ltr'><strong>ea</strong></span> <span class='ocrx_word' id='word_1_243' title='bbox 1386 3717 1540 3788; x_wconf 91' lang='lat' dir='ltr'><strong>nuquam</strong></span> <span class='ocrx_word' id='word_1_244' title='bbox 1556 3695 1679 3768; x_wconf 94' lang='lat' dir='ltr'><strong>babuit</strong></span> 
     </span>
     <span class='ocr_line' id='line_1_27' title="bbox 256 3818 1678 3916; baseline -0.001 -22"><span class='ocrx_word' id='word_1_245' title='bbox 256 3821 374 3916; x_wconf 89' lang='lat' dir='ltr'><strong>aliquo</strong></span> <span class='ocrx_word' id='word_1_246' title='bbox 390 3829 543 3915; x_wconf 87' lang='lat' dir='ltr'><strong>tempore</strong></span> <span class='ocrx_word' id='word_1_247' title='bbox 562 3821 653 3893; x_wconf 88' lang='lat' dir='ltr'><strong>clare</strong></span> <span class='ocrx_word' id='word_1_248' title='bbox 676 3821 841 3914; x_wconf 82' lang='lat' dir='ltr'><strong>memoris</strong></span> <span class='ocrx_word' id='word_1_249' title='bbox 864 3819 939 3893; x_wconf 83' lang='lat' dir='ltr'><strong>dux</strong></span> <span class='ocrx_word' id='word_1_250' title='bbox 955 3818 1155 3909; x_wconf 87' lang='lat' dir='ltr'><strong>Conradus,</strong></span> <span class='ocrx_word' id='word_1_251' title='bbox 1179 3820 1215 3890; x_wconf 94' lang='lat' dir='ltr'><strong>in</strong></span> <span class='ocrx_word' id='word_1_252' title='bbox 1238 3819 1365 3892; x_wconf 89' lang='lat' dir='ltr'><strong>nostris</strong></span> <span class='ocrx_word' id='word_1_253' title='bbox 1385 3819 1547 3891; x_wconf 91' lang='lat' dir='ltr'><strong>manibus</strong></span> <span class='ocrx_word' id='word_1_254' title='bbox 1570 3820 1678 3892; x_wconf 89' lang='lat' dir='ltr'><strong>libere</strong></span> 
     </span>
     <span class='ocr_line' id='line_1_28' title="bbox 259 3943 1676 4040; baseline -0.001 -23"><span class='ocrx_word' id='word_1_255' title='bbox 259 3945 539 4036; x_wconf 79' lang='lat' dir='ltr'><strong>resignaverunt3</strong></span> <span class='ocrx_word' id='word_1_256' title='bbox 559 3954 595 4016; x_wconf 93' lang='lat' dir='ltr'><strong>et</strong></span> <span class='ocrx_word' id='word_1_257' title='bbox 610 3945 689 4017; x_wconf 91' lang='lat' dir='ltr'><strong>licet</strong></span> <span class='ocrx_word' id='word_1_258' title='bbox 703 3943 877 4040; x_wconf 88' lang='lat' dir='ltr'><strong>Spoletani</strong></span> <span class='ocrx_word' id='word_1_259' title='bbox 892 3963 996 4039; x_wconf 87' lang='lat' dir='ltr'><strong>super</strong></span> <span class='ocrx_word' id='word_1_260' title='bbox 1013 3944 1165 4037; x_wconf 89' lang='lat' dir='ltr'><strong>hiisque</strong></span> <span class='ocrx_word' id='word_1_261' title='bbox 1183 3943 1228 4017; x_wconf 92' lang='lat' dir='ltr'><strong>de</strong></span> <span class='ocrx_word' id='word_1_262' title='bbox 1241 3943 1389 4016; x_wconf 87' lang='lat' dir='ltr'><strong>ducatus</strong></span> <span class='ocrx_word' id='word_1_263' title='bbox 1403 3943 1564 4016; x_wconf 89' lang='lat' dir='ltr'><strong>demanio</strong></span> <span class='ocrx_word' id='word_1_264' title='bbox 1581 3953 1676 4016; x_wconf 90' lang='lat' dir='ltr'><strong>tene-</strong></span> 
     </span>
     <span class='ocr_line' id='line_1_29' title="bbox 257 4067 1675 4164; baseline -0.001 -23"><span class='ocrx_word' id='word_1_265' title='bbox 257 4070 341 4141; x_wconf 92' lang='lat' dir='ltr'><strong>bant</strong></span> <span class='ocrx_word' id='word_1_266' title='bbox 367 4069 592 4143; x_wconf 86' lang='lat' dir='ltr'><strong>exhibuerint</strong></span> <span class='ocrx_word' id='word_1_267' title='bbox 605 4092 644 4142; x_wconf 91' lang='lat' dir='ltr'><strong>se</strong></span> <span class='ocrx_word' id='word_1_268' title='bbox 662 4068 837 4158; x_wconf 89' lang='lat' dir='ltr'><strong>difficiles,</strong></span> <span class='ocrx_word' id='word_1_269' title='bbox 857 4081 1050 4142; x_wconf 87' lang='lat' dir='ltr'><strong>asserentes</strong></span> <span class='ocrx_word' id='word_1_270' title='bbox 1066 4069 1162 4163; x_wconf 91' lang='lat' dir='ltr'><strong>quod</strong></span> <span class='ocrx_word' id='word_1_271' title='bbox 1183 4070 1213 4141; x_wconf 91' lang='lat' dir='ltr'><strong>si</strong></span> <span class='ocrx_word' id='word_1_272' title='bbox 1231 4068 1408 4164; x_wconf 89' lang='lat' dir='ltr'><strong>predictus</strong></span> <span class='ocrx_word' id='word_1_273' title='bbox 1433 4067 1510 4140; x_wconf 84' lang='lat' dir='ltr'><strong>dux</strong></span> <span class='ocrx_word' id='word_1_274' title='bbox 1532 4088 1573 4139; x_wconf 90' lang='lat' dir='ltr'><strong>ea</strong></span> <span class='ocrx_word' id='word_1_275' title='bbox 1595 4088 1675 4162; x_wconf 92' lang='lat' dir='ltr'><strong>pos·</strong></span> 
     </span>
     <span class='ocr_line' id='line_1_30' title="bbox 257 4192 1677 4291; baseline 0 -25"><span class='ocrx_word' id='word_1_276' title='bbox 257 4193 348 4266; x_wconf 90' lang='lat' dir='ltr'><strong>sedit</strong></span> <span class='ocrx_word' id='word_1_277' title='bbox 361 4194 551 4289; x_wconf 86' lang='lat' dir='ltr'><strong>aliquando</strong></span> <span class='ocrx_word' id='word_1_278' title='bbox 566 4215 742 4291; x_wconf 87' lang='lat' dir='ltr'><strong>possessor</strong></span> <span class='ocrx_word' id='word_1_279' title='bbox 759 4194 864 4268; x_wconf 89' lang='lat' dir='ltr'><strong>luerit</strong></span> <span class='ocrx_word' id='word_1_280' title='bbox 877 4194 1062 4285; x_wconf 88' lang='lat' dir='ltr'><strong>violentus,</strong></span> <span class='ocrx_word' id='word_1_281' title='bbox 1081 4193 1223 4266; x_wconf 89' lang='lat' dir='ltr'><strong>tandem</strong></span> <span class='ocrx_word' id='word_1_282' title='bbox 1239 4204 1355 4266; x_wconf 90' lang='lat' dir='ltr'><strong>tamen</strong></span> <span class='ocrx_word' id='word_1_283' title='bbox 1369 4214 1475 4289; x_wconf 90' lang='lat' dir='ltr'><strong>super</strong></span> <span class='ocrx_word' id='word_1_284' title='bbox 1491 4192 1535 4265; x_wconf 92' lang='lat' dir='ltr'><strong>iis</strong></span> <span class='ocrx_word' id='word_1_285' title='bbox 1551 4193 1677 4266; x_wconf 90' lang='lat' dir='ltr'><strong>nostris</strong></span> 
     </span>
     <span class='ocr_line' id='line_1_31' title="bbox 258 4315 1678 4416; baseline -0.001 -24"><span class='ocrx_word' id='word_1_286' title='bbox 258 4329 449 4412; x_wconf 85' lang='lat' dir='ltr'><strong>paruerunt</strong></span> <span class='ocrx_word' id='word_1_287' title='bbox 470 4320 694 4416; x_wconf 85' lang='lat' dir='ltr'><strong>beneplacitis</strong></span> <span class='ocrx_word' id='word_1_288' title='bbox 716 4328 751 4392; x_wconf 92' lang='lat' dir='ltr'><strong>et</strong></span> <span class='ocrx_word' id='word_1_289' title='bbox 773 4319 963 4410; x_wconf 89' lang='lat' dir='ltr'><strong>mandatis,</strong></span> <span class='ocrx_word' id='word_1_290' title='bbox 987 4315 1096 4390; x_wconf 85' lang='lat' dir='ltr'><strong>et&#39;sic</strong></span> <span class='ocrx_word' id='word_1_291' title='bbox 1122 4327 1193 4392; x_wconf 89' lang='lat' dir='ltr'><strong>toto</strong></span> <span class='ocrx_word' id='word_1_292' title='bbox 1210 4317 1340 4392; x_wconf 89' lang='lat' dir='ltr'><strong>ducatu</strong></span> <span class='ocrx_word' id='word_1_293' title='bbox 1366 4317 1412 4391; x_wconf 91' lang='lat' dir='ltr'><strong>ad</strong></span> <span class='ocrx_word' id='word_1_294' title='bbox 1437 4339 1560 4390; x_wconf 89' lang='lat' dir='ltr'><strong>manus</strong></span> <span class='ocrx_word' id='word_1_295' title='bbox 1577 4316 1678 4391; x_wconf 91' lang='lat' dir='ltr'><strong>Sedis</strong></span> 
     </span>
     <span class='ocr_line' id='line_1_32' title="bbox 258 4441 1677 4536; baseline 0 -24"><span class='ocrx_word' id='word_1_296' title='bbox 258 4443 446 4536; x_wconf 90' lang='lat' dir='ltr'><strong>apostolice</strong></span> <span class='ocrx_word' id='word_1_297' title='bbox 461 4454 640 4534; x_wconf 87' lang='lat' dir='ltr'><strong>revocato,</strong></span> <span class='ocrx_word' id='word_1_298' title='bbox 659 4453 727 4515; x_wconf 90' lang='lat' dir='ltr'><strong>tam</strong></span> <span class='ocrx_word' id='word_1_299' title='bbox 742 4443 887 4516; x_wconf 90' lang='lat' dir='ltr'><strong>ducatui</strong></span> <span class='ocrx_word' id='word_1_300' title='bbox 900 4463 1007 4536; x_wconf 87' lang='lat' dir='ltr'><strong>quam</strong></span> <span class='ocrx_word' id='word_1_301' title='bbox 1024 4442 1145 4513; x_wconf 86' lang='lat' dir='ltr'><strong>Assisii</strong></span> <span class='ocrx_word' id='word_1_302' title='bbox 1168 4452 1203 4515; x_wconf 92' lang='lat' dir='ltr'><strong>et</strong></span> <span class='ocrx_word' id='word_1_303' title='bbox 1219 4441 1364 4514; x_wconf 91' lang='lat' dir='ltr'><strong>Nucerie</strong></span> <span class='ocrx_word' id='word_1_304' title='bbox 1380 4441 1600 4514; x_wconf 87' lang='lat' dir='ltr'><strong>comitatibus</strong></span> <span class='ocrx_word' id='word_1_305' title='bbox 1623 4441 1677 4514; x_wconf 92' lang='lat' dir='ltr'><strong>di·</strong></span> 
     </span>
    </p>
   </div>
   <div class='ocr_carea' id='block_1_3' title="bbox 298 4597 972 4874">
    <p class='ocr_par' dir='ltr' id='par_1_3' title="bbox 298 4597 972 4874">
     <span class='ocr_line' id='line_1_33' title="bbox 298 4597 972 4679; baseline 0.003 -20"><span class='ocrx_word' id='word_1_306' title='bbox 298 4597 337 4679; x_wconf 80' lang='lat' dir='ltr'><strong>(a)</strong></span> <span class='ocrx_word' id='word_1_307' title='bbox 359 4599 651 4678; x_wconf 74' lang='lat' dir='ltr'><strong>Apuqurdtwclu</strong></span> <span class='ocrx_word' id='word_1_308' title='bbox 666 4599 872 4678; x_wconf 64' lang='lat' dir='ltr'><strong>Codrunuma</strong></span> <span class='ocrx_word' id='word_1_309' title='bbox 883 4602 972 4662; x_wconf 86' lang='lat' dir='ltr'><strong>male.</strong></span> 
     </span>
     <span class='ocr_line' id='line_1_34' title="bbox 298 4703 918 4787; baseline 0.006 -21"><span class='ocrx_word' id='word_1_310' title='bbox 298 4703 337 4787; x_wconf 75' lang='lat' dir='ltr'><strong>lb)</strong></span> <span class='ocrx_word' id='word_1_311' title='bbox 357 4708 445 4785; x_wconf 77' lang='lat' dir='ltr'><strong>Apud</strong></span> <span class='ocrx_word' id='word_1_312' title='bbox 457 4708 647 4770; x_wconf 84' lang='lat' dir='ltr'><strong>Wurdtwelu</strong></span> <span class='ocrx_word' id='word_1_313' title='bbox 663 4709 815 4784; x_wconf 65' lang='lat' dir='ltr'><strong>Piccuttm,</strong></span> <span class='ocrx_word' id='word_1_314' title='bbox 831 4712 918 4772; x_wconf 86' lang='lat' dir='ltr'><strong>mule.</strong></span> 
     </span>
     <span class='ocr_line' id='line_1_35' title="bbox 359 4814 400 4874; baseline 0 0"><span class='ocrx_word' id='word_1_315' title='bbox 359 4814 400 4874; x_wconf 93' lang='lat'><strong>11.</strong></span> 
     </span>
    </p>
   </div>
   <div class='ocr_carea' id='block_1_4' title="bbox 0 0 2193 5876">
    <p class='ocr_par' dir='ltr' id='par_1_4' title="bbox 0 0 2193 5876">
     <span class='ocr_line' id='line_1_36' title="bbox 0 0 2193 5876; baseline 0 0"><span class='ocrx_word' id='word_1_316' title='bbox 0 0 2193 5876; x_wconf 95' lang='lat' dir='ltr'><strong> </strong></span> 
     </span>
    </p>
   </div>
  </div>
 </body>
</html>
