4368 5876
282 555 381 617 lumen.
397 548 441 638 9.]
734 546 932 610 ttlsloltta
959 545 1251 610 otruonautca.
1641 545 1701 608 139

282 693 378 764 tinus
399 691 548 778 electus,
569 684 763 782 Diupoldua
785 685 940 760 marchio
963 683 1008 759 de
1028 685 1207 782 Foburgb‚
1232 683 1423 759 Evirardus
1439 681 1490 782 (a)
1515 703 1631 758 eomes
1655 682 1702 758 de

282 817 489 906 Eliansteim
507 813 712 887 Bertboldus
733 833 849 885 comes
864 812 910 887 de
928 811 1161 903 Montesacrn,
1186 809 1383 886 Gotelddos
1399 830 1516 884 ecmoe
1534 809 1580 884 de
1595 810 1702 884 Btan-

284 941 400 1034 drato,
417 939 607 1013 lirinaldns
624 935 701 1011 dux
715 937 861 1032 Spoleti,
877 935 1087 1009 bushelmus
1100 937 1329 1010 marescalcus
1341 933 1387 1010 de
1398 935 1702 1032 notingum-Con·

283 1068 391 1142 radus
411 1065 622 1142 camerarius
641 1065 688 1137 de
700 1063 846 1153 Werde,
865 1063 1061 1136 Fridericus
1078 1065 1243 1160 pincerna
1260 1061 1306 1137 de
1322 1061 1487 1160 stophen.

332 1193 459 1264 Datum
493 1189 615 1280 Treui,
654 1187 769 1288 [anno
805 1188 978 1262 dominice
1020 1185 1289 1286 iucarnationis]
1323 1189 1504 1278 millesimo
1530 1187 1701 1262 ducente·

283 1319 372 1392 simo
386 1317 487 1411 xx1,
504 1315 627 1412 quinto
644 1335 754 1388 nonas
773 1314 905 1407 martii,
926 1312 1116 1389 indictione
1128 1336 1232 1388 nona.

529 1629 537 1637 ι
543 1629 566 1637 ι·
573 1627 749 1637 -..ιι-ιι...-
757 1625 1001 1636 ι--ι--α--ι--υ-μ-
1007 1625 1109 1634 ι--ιιι--ι
1117 1625 1184 1634 ..ι-ι·
1190 1621 1482 1633 ιι--η-ιι--ι-ηα

337 1907 565 2014 Fridericus,
585 1907 846 1991 Romanorum
859 1906 1084 2016 imperator,
1105 1905 1236 1990 scribit
1251 1904 1418 1988 Honorio
1430 1930 1551 2015 papae
1567 1914 1611 1989 ut
1623 1931 1702 1989 nou
1728 1913 1911 2015 stiffi·

283 2041 459 2126 turbetur
475 2050 629 2152 propter
646 2039 955 2124 constitutionem
973 2067 1096 2150 nuper
1113 2039 1153 2122 in
1171 2039 1278 2122 curia
1297 2039 1478 2148 Capuane
1495 2039 1637 2122 editam
1654 2040 1703 2124 de

283 2175 523 2286 resignandis
546 2174 753 2284 privilegiis
781 2200 804 2256 a
830 2183 938 2284 patre
963 2199 1034 2258 suo
1060 2183 1098 2257 et
1123 2183 1254 2284 postea
1279 2183 1449 2282 tempore
1474 2173 1703 2298 turbationis

283 2311 392 2422 regui
408 2309 583 2416 indultis,
602 2310 695 2420 quia
710 2309 893 2419 requisita
909 2308 1106 2419 privilegia
1124 2309 1174 2392 ad
1192 2307 1336 2390 curiam
1356 2307 1569 2390 Romanam
1587 2306 1703 2391 desti-

282 2471 376 2528 nare
390 2444 550 2528 armavit.

361 2659 481 2739 (incdit.
495 2675 533 2720 ex
547 2657 616 2720 libr.
632 2675 711 2720 cens.
724 2659 825 2722 Gencll
838 2673 992 2735 cameron,
1008 2657 1074 2720 cod.
1089 2656 1228 2722 biblioth.
1240 2671 1299 2736 reg„
1317 2655 1426 2732 Paris,
1434 2653 1603 2737 Δωριᾶ,
1615 2654 1701 2735 lotio,

403 2776 438 2827 n⁰
453 2773 543 2842 4188,
559 2765 613 2826 lol.
633 2773 685 2828 161
703 2771 795 2829 recto.
809 2767 968 2830 Memorat.
982 2771 1083 2828 autem
1096 2767 1128 2826 ln
1140 2781 1229 2843 opere
1240 2767 1289 2826 cul
1303 2763 1409 2826 titulus
1424 2758 1433 2825 Ξ
1453 2760 1542 2826 Tito&
1553 2761 1602 2824 dcl
1611 2761 1704 2826 docti

402 2875 467 2950 oio,
482 2891 513 2952 p.
530 2871 615 2954 29⁴.)

331 3057 522 3134 Predilecto
544 3059 580 3132 in
599 3059 734 3133 Christo
757 3059 846 3158 patri
865 3068 901 3133 et
916 3058 1058 3133 dominc
1079 3059 1230 3133 Honorio
1247 3058 1309 3132 Dei
1331 3059 1441 3152 gratia
1465 3069 1704 3136 sacro-sancte

283 3185 436 3259 Romane
460 3185 605 3258 ecclesie
626 3184 721 3258 sedis
741 3205 879 3258 summo
900 3183 1073 3282 pontifici,
1090 3184 1292 3258 Fredericus
1309 3183 1432 3256 eadem
1450 3184 1561 3278 gratia
1577 3187 1702 3261 Romu·

283 3330 407 3381 norum
422 3309 620 3406 imperator,
635 3329 771 3406 semper
785 3318 956 3404 augustus
967 3317 1003 3382 et
1013 3331 1077 3381 rex
1089 3308 1205 3381 Sicilie
1217 3307 1467 3382 benedictionis
1480 3331 1545 3382 sue
1558 3311 1701 3404 gratiam

283 3435 483 3529 promereri.
506 3434 667 3508 Pervenit
687 3431 735 3508 ad
754 3455 840 3523 noc,
861 3435 1083 3508 Sanctissime
1095 3437 1211 3526 Pater,
1229 3443 1344 3508 vestre
1365 3434 1574 3510 beatitudini
1596 3437 1704 3513 luisse

283 3567 485 3654 suggestum
504 3559 601 3654 quod
623 3557 777 3634 edietum
796 3559 885 3636 illud
904 3561 941 3633 in
961 3561 1130 3657 solempni
1148 3559 1244 3634 curia
1261 3558 1397 3656 pridem
1412 3559 1458 3656 (b)
1477 3558 1595 3657 Cupue
1614 3563 1705 3636 cele·

282 3682 419 3757 bratum
434 3683 480 3758 de
499 3683 717 3780 resignandis
735 3683 836 3758 uobis
856 3685 1049 3780 privilegiis
1066 3685 1281 3782 imperatoris
1302 3692 1338 3756 ct
1357 3685 1583 3778 imperatricis
1600 3707 1704 3762 reeo-

282 3808 386 3882 lende
406 3810 572 3884 memorie
590 3818 771 3906 porentum
788 3820 984 3884 nostrorum
1002 3820 1038 3885 et
1058 3810 1183 3884 nostris
1203 3809 1294 3884 serio
1315 3810 1445 3884 lactum
1465 3811 1571 3884 luerit
1587 3820 1627 3883 ut
1643 3833 1706 3907 par

282 3933 400 4027 ipsum
422 3934 605 4029 privilegiu
629 3933 766 4008 dudum
789 3935 933 4009 anobis
953 3935 1098 4010 ecclesie
1126 3935 1279 4009 Romane
1299 3932 1432 4008 indulta
1455 3935 1621 4009 deberent
1638 3957 1703 4032 pe-

282 4057 376 4130 nitus
390 4057 527 4132 irritari.
546 4060 657 4156 Super
674 4080 746 4155 quo
765 4059 959 4157 paternitati
977 4068 1092 4134 vestre
1110 4080 1171 4157 per
1192 4061 1277 4134 alias
1298 4060 1429 4132 litteras
1443 4067 1577 4132 nocuas
1593 4061 1702 4157 scrip-

281 4179 369 4254 sisse
393 4183 579 4256 recolimus
607 4184 757 4278 qualiter
779 4207 842 4281 pro
867 4209 909 4261 eo
935 4183 1031 4281 quod
1053 4184 1232 4281 predictus
1255 4184 1439 4281 imperator
1464 4193 1561 4280 pater
1587 4197 1704 4260 noster

281 4307 391 4379 multa
407 4306 452 4381 de
476 4329 581 4404 reguo
599 4309 667 4382 sub
689 4331 752 4407 spe
772 4311 1001 4386 revocationis
1018 4319 1232 4383 concesserat
1255 4329 1326 4404 que
1345 4307 1513 4382 debuerat
1533 4309 1700 4401 retinere,

281 4438 414 4528 etpost
437 4432 571 4507 obitum
596 4435 810 4532 imperatoris
834 4435 881 4512 de
901 4435 1014 4532 sigillo
1035 4455 1099 4509 suc
1122 4433 1305 4532 privilegia
1326 4435 1434 4509 multa
1455 4433 1540 4512 laisa
1560 4436 1702 4513 inventa

320 4603 363 4677 (e)
381 4603 417 4662 In
430 4605 573 4681 impresso
588 4603 770 4683 (limmata,
785 4607 874 4669 mdc.

323 4705 365 4784 (b)
383 4711 419 4771 ln
432 4711 532 4775 codlce
540 4710 654 4793 pride,
667 4715 752 4778 male.
