4272 5886
198 585 295 644 lvnrcn
316 581 377 658 la]
646 573 844 636 lllS'l'Olllil
869 572 1161 637 lthLOPdAl‘lCA.
1552 563 1613 624 515

199 729 296 794 rante
312 714 454 792 domino
472 722 589 787 nostro
602 709 775 784 Friderico
790 711 853 783 Dei
872 711 982 802 gratia
1004 710 1234 784 illustrissimo
1250 709 1481 780 Romanorum
1500 701 1611 796 impe·

197 853 329 933 ratore,
348 858 483 934 semper
507 843 655 930 augusto
672 845 707 907 et
723 855 806 928 rege
824 836 955 928 Sicilie,
976 836 1109 932 imperii
1133 837 1208 930 ejus
1228 853 1319 906 auno
1334 831 1391 921 Ψ,
1413 827 1512 919 regni
1528 845 1611 900 veru

198 967 313 1043 Sicilie
329 963 495 1038 vicesimo
511 969 652 1050 octavo,
674 960 828 1034 feliciter.
848 959 974 1034 Amen.

251 1461 479 1570 Fridericus,
490 1463 750 1548 Romanorum
763 1463 984 1574 imperator,
995 1459 1228 1544 Ludovicum
1241 1457 1613 1570 regemFrancorum
1696 1486 1792 1573 μ’

198 1605 312 1706 rogat
328 1606 372 1680 ut
387 1597 487 1680 cives
502 1595 791 1680 Cameracenses
814 1604 969 1706 propter
990 1593 1171 1677 delictum
1195 1601 1452 1704 perpetratum
1469 1593 1509 1674 in
1527 1591 1615 1701 epi-

201 1752 359 1837 scopum
374 1729 701 1837 litimiacensem,
715 1729 925 1839 principem
939 1727 1103 1838 imperii,
1113 1739 1299 1837 tanquam
1312 1726 1490 1810 bannitus
1504 1726 1615 1809 evitet

200 1869 238 1943 ei
252 1860 366 1945 iaciat
379 1863 522 1948 evitari.

278 2051 396 2128 (lnedit.
408 2070 454 2131 ap
468 2051 603 2114 Arelica
615 2049 788 2126 natiomlcr,
807 2051 911 2112 Yrtror
923 2047 972 2111 dot
987 2047 1121 2130 Chartae,
1136 2049 1154 2110 J
1168 2059 1237 2126 olo,
1249 2061 1282 2111 n·
1296 2060 1330 2131 a,
1344 2067 1383 2112 ex
1394 2051 1528 2130 odpnall
1539 2051 1617 2112 unde

322 2159 433 2237 pendet
444 2159 575 2240 slglllum
589 2157 732 2238 cereum)

249 2318 444 2392 Fridericas
464 2321 527 2393 Dei
546 2321 657 2416 gratia
678 2321 909 2394 Romanorum
930 2319 1130 2413 imperator,
1153 2336 1289 2411 semper
1306 2324 1476 2410 augustus
1499 2323 1535 2387 et
1554 2337 1618 2387 rex

202 2443 332 2534 Sicilie,
353 2444 551 2540 karissimo,
571 2445 661 2518 sicut
674 2445 770 2518 fratri
785 2453 819 2518 et
835 2445 947 2518 amico
970 2465 1050 2536 suo,
1070 2441 1248 2515 Ludovicc
1269 2439 1392 2512 illustri
1415 2440 1490 2534 regi
1512 2441 1618 2512 Fran·

202 2589 320 2640 eorum
338 2547 483 2642 salutem
500 2579 536 2643 et
552 2569 673 2643 intime
690 2569 885 2643 dilectionis
899 2569 1073 2642 affectum.
1091 2567 1245 2654 Qualiter
1259 2574 1397 2662 propter
1409 2587 1617 2638 excessuum

201 2714 344 2766 suornm
367 2694 642 2788 multitudinem,
671 2717 782 2789 quos,
810 2703 879 2768 tam
905 2703 1020 2768 nostra
1042 2716 1148 2788 quam
1174 2693 1296 2766 divina
1321 2691 1512 2765 reverentia
1536 2690 1617 2763 vili·

201 2841 328 2914 pensa,
353 2819 614 2896 cameracenses
636 2821 733 2894 cives
758 2821 794 2892 in
821 2820 986 2893 dilectum
1011 2818 1201 2916 principem
1224 2827 1379 2891 nostrum
1402 2837 1522 2892 eorum
1542 2817 1617 2912 epi·

202 2966 345 3040 scopum
363 2945 529 3019 hactenus
553 2946 798 3020 commiserunt
820 2945 1004 3019 enormiter
1026 2954 1066 3021 et.
1084 2945 1318 3034 committunt,
1342 2945 1378 3016 in
1403 2953 1558 3018 nostrum
1583 2951 1619 3016 et

203 3066 338 3164 imperii
368 3069 522 3142 bannum
553 3069 737 3143 inciderint
764 3080 800 3143 et
829 3069 1077 3144 contumaciter
1105 3069 1167 3142 diu
1195 3069 1384 3144 manserint
1405 3069 1442 3142 in
1469 3068 1613 3159 ecdem

203 3191 378 3266 dilectioni
398 3203 513 3268 vestre
533 3216 602 3267 non
624 3194 767 3292 expedit
786 3217 848 3291 per
864 3195 1002 3291 singula
1023 3193 1219 3286 declarare;
1239 3215 1319 3266 cum
1340 3202 1376 3267 et
1392 3193 1431 3266 id
1452 3193 1615 3267 noticiam

201 3327 353 3390 vestram
374 3341 443 3392 non
466 3322 569 3394 lateat
589 3330 624 3394 et
644 3342 707 3418 per
729 3320 900 3394 karissimi
917 3320 980 3392 lilii
998 3317 1106 3393 nosci
1123 3319 1354 3393 Romanorum
1376 3319 1468 3413 regis
1486 3319 1615 3392 litteras

202 3442 304 3515 vobis
315 3444 371 3536 sit,
383 3453 423 3517 ut
438 3447 624 3541 credimus,
639 3446 849 3521 intimatum.
866 3447 905 3518 ln
919 3469 991 3542 qua
1005 3443 1218 3540 usqueadeo
1233 3444 1616 3552 nequitiaperstiterunt

202 3568 296 3662 quod
323 3571 691 3644 excommunicationis
718 3572 922 3645 sententiam
950 3571 1162 3642 incurrentes
1188 3569 1366 3663 temporali
1391 3578 1425 3642 et
1446 3569 1615 3664 spirituali

202 3693 319 3786 gladic
340 3704 422 3766 sunt
439 3697 587 3791 perculsi
609 3706 644 3770 et
664 3705 847 3792 utramque
865 3698 1069 3771 seutentiam
1086 3705 1125 3767 ut
1142 3693 1393 3768 maledictionis
1415 3718 1542 3792 aquam
1562 3697 1617 3768 bi·

204 3819 342 3912 bentes,
363 3819 409 3893 de
434 3823 649 3917 correptione
665 3845 734 3896 non
754 3823 923 3917 cogitant,
944 3831 997 3895 set
1018 3821 1055 3893 in
1080 3843 1144 3894 sua
1169 3820 1306 3894 malicia
1326 3821 1488 3894 obstinati
1508 3843 1617 3895 aceu-

203 3943 336 4018 mulare
359 3944 475 4044 priora
503 3946 676 4042 prioribus
706 3968 775 4019 non
800 3953 986 4031 verentur3
1010 3943 1286 4037 jurisdictionem
1313 3943 1437 4039 prelati
1462 3945 1615 4041 episcopi

203 4067 369 4164 principis
386 4071 492 4142 nostri
510 4091 617 4168 quam
631 4093 654 4145 a
670 4072 772 4146 nobis
784 4079 821 4145 et
835 4071 978 4167 imperio
995 4070 1032 4143 in
1047 4069 1169 4144 eadem
1190 4069 1329 4144 civitate
1344 4069 1473 4145 habere
1488 4073 1616 4166 digno·

203 4193 323 4285 scitur,
346 4203 474 4269 temere
496 4204 719 4294 usurpantes,
740 4198 816 4292 ejus
833 4197 925 4270 bona
943 4204 977 4269 et
995 4195 1154 4289 iusticias
1173 4193 1396 4287 invadentes,
1422 4197 1459 4268 in
1482 4197 1615 4273 clericis

203 4326 238 4388 et
267 4305 421 4412 personis
450 4320 688 4394 ecclesiasticis
718 4343 842 4395 manns
872 4320 1040 4394 violentas
1075 4319 1262 4416 injiciendo
1295 4341 1339 4394 ac
1368 4321 1519 4418 plurima
1547 4325 1617 4398 aliu

204 4442 456 4518 commiclendo
473 4466 544 4540 que
568 4447 640 4520 Deo
662 4456 744 4518 sunt
766 4457 801 4519 et
820 4446 1019 4520 bominibus
1046 4446 1190 4519 tediosa.
1220 4445 1263 4518 Et
1287 4445 1371 4539 quia
1387 4467 1508 4520 eorum
1532 4471 1616 4522 con·

206 4566 389 4639 tumaciam
412 4579 447 4642 et
467 4590 642 4644 enormem
668 4570 865 4665 superbiam
887 4570 924 4642 in
949 4580 1104 4644 nostrum
1128 4580 1163 4641 et
1184 4569 1320 4665 imperii
1340 4568 1563 4668 dispendium
1580 4585 1616 4648 et

205 4711 391 4783 gravamen
417 4693 461 4769 dc
476 4704 589 4770 cetero
603 4718 672 4770 non
692 4717 877 4793 possumus
896 4695 1103 4785 substinere,
1123 4715 1204 4767 cum
1226 4694 1379 4792 ipsorum
1397 4694 1614 4773 insolentiam
