4298 5898
548 443 610 504 tta
1060 438 1272 504 releuaret
1298 443 1470 506 SECUNDI
1782 446 1864 523 [Aac
1884 449 1967 514 1294

553 580 684 668 Sicilie,
703 573 893 650 venerabili
913 629 922 647 .
945 631 954 646 .
978 574 1294 670 .blagdeburgeusi
1309 577 1582 674 archiepiscopo,
1596 579 1712 652 comiti
1727 580 1970 656 liomauioleet

551 704 656 777 totius
682 699 887 774 Lombardie
912 700 1047 792 legato,
1073 699 1200 774 dilecto
1224 701 1374 798 principi
1400 723 1482 790 suo,
1511 702 1657 796 matiam
1681 725 1781 776 suam
1808 715 1844 776 et
1869 728 1969 782 omne

550 829 694 902 bonum.
721 826 807 898 Cum
831 824 877 898 ad
901 821 1180 896 conservandum
1202 824 1329 919 pariter
1351 837 1386 898 et
1408 824 1599 899 fovendum
1616 826 1846 901 ecclesiastice
1869 839 1968 902 trau-

548 953 730 1046 quillitatis
751 960 878 1022 statum
902 971 948 1022 ex
974 947 1158 1021 commisso
1175 948 1277 1021 uobis
1299 950 1435 1046 imperii
1453 950 1620 1045 regimine
1641 949 1839 1025 defensores
1860 955 1968 1028 simus

548 1077 733 1152 abomino
759 1073 952 1167 constituti,
975 1095 1044 1147 non
1067 1074 1200 1170 absque
1219 1075 1315 1167 justa
1336 1074 1450 1148 cordis
1470 1074 1699 1150 admiratione
1720 1080 1966 1173 perpendimus

547 1202 644 1298 quod
663 1199 797 1273 hostilis
818 1200 970 1272 invaleat
992 1199 1142 1291 heresis,
1164 1198 1250 1294 prob
1270 1196 1404 1295 pudori
1423 1200 1459 1274 iu
1477 1201 1634 1297 partibus
1651 1201 1876 1296 lombardie,
1899 1226 1966 1298 que

549 1328 666 1422 plures
684 1323 814 1398 inliciat
834 1333 869 1398 et
885 1345 1020 1420 perora
1037 1323 1351 1420 blasphemantium
1372 1333 1491 1398 contra
1509 1325 1618 1399 decus
1633 1327 1776 1399 ecclesie
1790 1336 1827 1400 et
1843 1327 1965 1400 catho-

548 1452 614 1524 lice
630 1449 712 1524 fidei
728 1449 935 1523 documenta
951 1470 999 1522 ex
1021 1448 1225 1545 impunitate
1245 1458 1360 1522 sumat
1379 1449 1562 1522 audaciam
1579 1450 1781 1542 insultandi,
1801 1473 1867 1524 nec
1883 1474 1963 1547 pos-

546 1597 669 1649 sumus
686 1577 808 1648 merito
829 1596 899 1647 non
921 1573 1053 1647 moveri
1071 1573 1131 1669 qui
1149 1583 1217 1646 tam
1235 1595 1283 1648 ex
1305 1576 1439 1670 urgenti
1456 1597 1562 1650 causa
1576 1576 1708 1649 moveri
1728 1577 1965 1672 compellimur

547 1721 617 1774 non
641 1701 768 1792 injuste
786 1699 881 1794 quod
903 1707 983 1772 ante
1004 1697 1129 1772 Sedem
1154 1699 1321 1796 principis
1338 1701 1568 1796 apostolorum
1591 1711 1627 1774 et
1648 1699 1797 1774 doctoris
1813 1703 1964 1776 Ecclesia

547 1849 610 1922 pec
625 1848 731 1919 quem
746 1824 792 1898 ad
811 1834 958 1896 remotos
972 1823 1121 1918 populos
1137 1823 1267 1896 llusuta
1283 1845 1366 1896 vere
1379 1824 1523 1898 scientie
1536 1825 1749 1918 derivantur,
1765 1836 1835 1899 tam
1850 1827 1963 1900 vicina

548 1951 728 2048 provincia
764 1948 969 2022 mendicatis
1008 1949 1206 2042 iniquorum
1233 1947 1545 2023 adinventionibus
1573 1951 1773 2045 inquinetur
1804 1951 1840 2023 in
1867 1961 1963 2047 parte

547 2086 588 2150 ut
612 2077 647 2148 in
671 2097 711 2148 ea
731 2074 891 2148 dicantur
918 2095 995 2148 esse
1015 2075 1247 2172 quamplures¹
1263 2074 1325 2168 qui
1351 2075 1606 2170 prevaricantes
1630 2076 1742 2169 legem
1766 2075 1901 2148 Domini
1926 2085 1963 2149 et

547 2201 714 2275 abeuntes
737 2208 816 2296 post
839 2199 1018 2272 scientiam
1046 2196 1291 2290 seductricem,
1320 2197 1501 2295 decipiunt
1520 2199 1566 2272 ad
1590 2199 1741 2272 invicem
1763 2201 1962 2296 semetipsos

545 2336 579 2399 et
599 2326 694 2400 velut
712 2324 860 2400 aliorum
884 2324 988 2397 saluti
1009 2323 1169 2418 nequiter
1190 2321 1387 2396 invidentes
1404 2333 1576 2420 quotquot
1596 2333 1741 2420 possunt
1760 2324 1962 2400 seductoriis

546 2451 662 2524 verbis
685 2449 843 2523 alliciunt
869 2459 905 2522 et
930 2469 1055 2521 eorum
1074 2447 1290 2522 damnationi
1313 2458 1515 2522 convertere
1535 2450 1744 2540 moliuntur,
1763 2459 1802 2520 ut
1819 2471 1879 2545 per
1896 2451 1961 2522 heo

545 2575 653 2650 verba
670 2575 810 2672 putrida
829 2595 956 2670 corpus
971 2574 1109 2648 ledetur
1129 2573 1281 2646 Ecclesia
1301 2595 1343 2648 ac
1363 2575 1472 2668 major
1495 2597 1574 2670 pars
1591 2575 1707 2670 gregis
1730 2573 1883 2648 fidelium
1900 2597 1960 2670 per

545 2721 629 2774 oves
649 2701 713 2772 bas
735 2699 912 2772 morbidas
927 2699 1131 2772 maculetur.
1156 2698 1273 2770 Eritne
1290 2699 1397 2793 igitur
1412 2699 1703 2772 dissimulandum
1724 2699 1880 2792 anobis,
1900 2711 1960 2772 aut

544 2827 596 2900 sic
612 2826 828 2921 negligenter
844 2845 989 2919 agemus
1010 2831 1050 2896 ut
1067 2831 1183 2896 contra
1197 2823 1370 2895 Christum
1390 2833 1426 2896 et
1441 2823 1548 2898 fidem
1563 2824 1767 2898 catholicam
1785 2845 1845 2898 ore
1862 2825 1959 2898 blcs-

545 2950 671 3044 phemo
693 2950 860 3022 insultent
877 2949 997 3045 impii,
1016 2961 1050 3022 et
1073 2969 1137 3022 nos
1156 2949 1223 3020 sub
1240 2949 1376 3022 silentio
1392 2950 1633 3023 censeamus?
1654 2949 1752 3022 Certe
1774 2949 1958 3044 iugratitu-

544 3072 638 3145 dinis
664 3082 698 3145 et
723 3073 934 3168 negligentia
959 3093 1023 3146 nos
1046 3080 1169 3166 arguet
1189 3072 1358 3146 Dominus
1380 3073 1441 3168 qui
1466 3083 1584 3148 contra
1608 3073 1768 3146 inimicos
1790 3097 1853 3147 sue
1878 3072 1957 3147 iidei

545 3197 646 3271 nobis
669 3198 826 3291 gladium
852 3197 1064 3271 materialem
1093 3196 1238 3270 indulsit
1262 3207 1297 3271 et
1320 3198 1572 3294 plenitudinem
1597 3198 1742 3271 eontulit
1769 3201 1954 3296 potestatis.

546 3324 762 3420 Quapropter
781 3323 818 3394 in
837 3323 1082 3396 exterminium
1104 3332 1140 3394 et
1161 3321 1353 3395 vindictam
1376 3333 1529 3396 actorum
1553 3324 1692 3396 sceleris
1713 3333 1784 3396 tam
1805 3324 1954 3413 nefandi,

543 3449 751 3546 complicum
779 3457 814 3520 et
842 3449 1046 3544 sequacium
1073 3447 1224 3520 heretice
1252 3448 1431 3543 pravitatis
1461 3469 1684 3543 quocumque
1715 3450 1857 3523 nomine
1881 3471 1955 3523 een-

543 3583 696 3665 seantur,
723 3572 905 3668 utriusque
926 3571 1016 3665 juris
1043 3571 1246 3646 auctoritate
1264 3573 1410 3664 muniti,
1435 3575 1560 3667 dignos
1587 3583 1702 3647 motus
1722 3576 1832 3648 nostri
1854 3573 1954 3648 animi

543 3706 760 3789 exercentes,
781 3695 932 3794 presenti
946 3695 1086 3769 edictali
1101 3697 1344 3771 constitutione
1361 3707 1476 3773 nostra
1493 3700 1527 3771 in
1540 3709 1611 3772 tota
1624 3699 1833 3774 Lombardia
1849 3699 1956 3773 invio·

542 3821 689 3894 labiliter
705 3821 750 3894 de
768 3829 882 3896 cetero
904 3823 1053 3896 valitura
1072 3823 1240 3895 duximus
1255 3823 1482 3898 sanciendum
1502 3834 1540 3897 ut
1558 3825 1773 3920 quicumque
1791 3847 1856 3922 per
1869 3824 1955 3898 civi·

542 3946 620 4018 tatis
641 3945 830 4020 antistitem
853 3947 910 4017 vel
934 3945 1157 4018 diocesauum
1181 3945 1216 4018 iu
1240 3968 1311 4045 qua
1332 3945 1429 4042 degit
1448 3958 1527 4046 post
1550 3948 1758 4044 condignam
1780 3949 1954 4022 examina·

540 4071 669 4144 tionem
692 4071 796 4145 luerit
813 4071 858 4144 de
879 4069 992 4143 heresi
1017 4070 1196 4146 manifeste
1222 4072 1403 4148 convictus
1425 4082 1460 4147 et
1486 4073 1660 4148 hereticus
1677 4074 1873 4168 judicatus,
1896 4095 1955 4170 per

539 4204 756 4292 potestatem,
775 4196 958 4270 eonsilium
979 4204 1014 4268 et
1034 4195 1221 4269 catholicos
1246 4197 1341 4271 viros
1368 4198 1519 4272 civitatis
1543 4208 1578 4272 et
1593 4198 1742 4272 diocesis
1757 4195 1952 4272 earumdem

540 4321 586 4395 ad
604 4322 865 4415 requisitionem
883 4321 1044 4395 antistitis
1063 4321 1156 4394 illico
1174 4322 1345 4417 capiatur,
1364 4325 1567 4398 auctoritate
1586 4333 1703 4399 nostra
1718 4319 1812 4417 ignis
1825 4321 1953 4417 judicio

540 4445 829 4540 concremandus,
843 4454 884 4518 ut
898 4447 955 4520 vel
971 4445 1165 4533 ultricibus,
1181 4447 1330 4520 flammis
1345 4457 1475 4545 pereat,
1496 4457 1556 4523 aut
1571 4449 1600 4523 si
1618 4448 1806 4522 miserabili
1823 4447 1893 4521 vite
1908 4444 1952 4520 ad

539 4571 777 4644 coercitionem
799 4572 946 4646 aliorum
966 4571 1134 4668 elegerint
1157 4574 1425 4666 reservandum,
1446 4596 1527 4650 eum
1549 4575 1669 4669 lingue
1686 4573 1818 4669 plectro
1836 4571 1951 4668 depri-
