4272 5886
197 489 300 551 lactor.
317 487 378 565 la]
648 483 848 546 HISTORIA
869 482 1166 546 Dll‘LOldA'l'le.
1558 483 1619 546 509

248 625 287 696 ln
309 622 450 697 nomine
475 629 595 694 sancte
620 629 655 693 et
674 620 859 694 individue
876 619 1062 694 Trinitatis.
1082 619 1206 692 Amem
1231 618 1417 693 Fedcricna
1439 619 1616 694 'secundus

198 746 322 820 divina
343 746 484 820 favente
508 745 690 818 clementia
714 745 948 818 Romanorum
973 745 1157 840 imperator
1182 752 1218 817 et
1240 766 1306 818 rex
1327 743 1460 836 Sicilie,
1480 765 1618 840 semper

198 879 384 965 augustus.
405 871 493 943 Cum
511 868 632 943 divine
646 869 882 943 misericordie
904 871 1004 962 cujus
1026 869 1231 962 magnitudo
1248 869 1459 944 intellectum
1477 869 1619 943 excedit

198 995 392 1069 humanum
412 996 624 1068 incrementa
641 995 679 1067 in
696 995 798 1068 nobis
814 993 957 1068 assidua
975 994 1162 1082 sentimus,
1181 1003 1265 1066 tunc
1281 993 1406 1067 melius
1424 1002 1459 1066 et
1475 993 1619 1087 dignius

199 1119 389 1214 gratiarum
409 1129 444 1193 et
455 1119 713 1214 uobsequiorum
730 1119 859 1214 gratias
884 1118 1137 1214 impendimus,
1156 1118 1186 1190 si
1204 1127 1438 1192 sacrosanctas
1455 1119 1620 1191 ecclesias

199 1253 236 1318 et
256 1245 332 1318 loca
353 1244 515 1338 religiosa
530 1243 595 1316 ubi
615 1242 745 1338 jugiter
768 1244 845 1340 ipse
862 1244 1026 1318 laudatur
1046 1254 1081 1318 et
1094 1244 1218 1318 colitur
1240 1242 1476 1318 munificentie
1501 1254 1618 1318 nostre

201 1367 379 1442 beneficiis
402 1357 693 1461 augemus.'lnde
711 1378 764 1441 est
787 1368 893 1462 igitur
912 1368 1012 1463 ¹quod
1036 1369 1202 1442 Martinus
1223 1368 1432 1442 venerabilis
1454 1366 1618 1442 Aretinns

201 1494 400 1589 episcopus,
425 1491 539 1566 fidelis
557 1503 685 1586 noster,
706 1492 886 1587 quoddam
907 1493 1128 1590 privilegium
1146 1516 1168 1567 a
1186 1494 1327 1567 domino
1345 1493 1524 1588 qnondam
1542 1494 1619 1567 im-

201 1627 358 1712 peratore
383 1619 531 1690 ilenrico
555 1617 640 1691 divo
663 1626 812 1712 angusto
838 1617 1040 1692 charissimo
1062 1632 1162 1715 patre
1183 1629 1299 1692 nostro
1324 1618 1489 1691 memorie
1512 1639 1617 1692 reco-

202 1742 304 1816 lende
321 1743 405 1816 olim
429 1742 574 1816 ecclesie
595 1741 735 1816 Anatim
751 1741 925 1816 indultum
952 1764 1015 1839 per
1028 1743 1253 1817 Benedictom
1280 1743 1496 1838 capellanum
1513 1763 1617 1815 suum

202 1876 319 1940 nostro
358 1867 500 1939 culmini
529 1868 762 1963 presentavit,
790 1867 992 1964 supplicans
1019 1867 1195 1941 humiliter
1222 1877 1258 1941 et
1289 1866 1417 1942 devote
1445 1875 1618 1960 quatenns

200 1990 423 2086 privilegium
445 1991 561 2087 ipsum
582 1989 786 2064 confirmare
808 1990 855 2064 de
871 2001 989 2065 nostra
1010 1991 1122 2086 palia
1135 1992 1358 2084 juberemns;
1380 1992 1481 2084 cujus
1502 1989 1617 2088 privi-

201 2115 282 2209 legii
299 2127 397 2188 tenor
412 2115 489 2189 talis
504 2126 579 2188 est:

251 2240 291 2312 ln
313 2239 453 2312 nomine
475 2247 593 2312 sancte
615 2247 650 2311 et
671 2237 856 2312 individue
878 2238 1066 2312 Trinitatis.
1087 2239 1257 2314 Henricus
1273 2248 1394 2313 sextus
1416 2237 1537 2312 divina
1562 2241 1620 2312 fa·

202 2373 306 2436 vente
328 2364 508 2438 clementia
522 2365 754 2438 Romanorum
773 2365 960 2461 imperator
977 2372 1012 2436 et
1026 2385 1092 2436 rex
1106 2363 1234 2436 Sicilie.
1253 2365 1392 2459 Equum
1409 2363 1620 2437 attendimus

202 2496 238 2559 et
259 2488 399 2561 salubre
425 2497 465 2560 ut
487 2489 650 2562 ecclesias
674 2488 738 2562 Dei
760 2497 796 2561 et
818 2488 1068 2562 ecclesiasticas
1094 2509 1259 2584 personas
1284 2487 1386 2562 nobis
1412 2496 1447 2561 et
1472 2488 1620 2584 imperio

203 2611 348 2686 devoms
361 2621 397 2686 et
412 2611 534 2686 fideles
549 2614 587 2687 in
604 2634 670 2687 suo
682 2614 760 2706 jure
775 2633 1020 2688 conservemus
1037 2621 1142 2708 atque
1155 2634 1276 2707 pacem
1299 2623 1334 2685 et
1349 2613 1502 2709 quietem
1514 2623 1617 2686 tran-

101 2819 115 2832 ,
203 2737 347 2832 quillam
375 2737 560 2833 diligenter
587 2738 847 2834 provideamus.
881 2737 959 2824 Qua
987 2759 1072 2811 sane
1102 2737 1395 2830 consideratione,
1425 2738 1472 2812 ad
1497 2738 1618 2812 imita·-

206 2861 334 2936 tionem
355 2871 611 2936 antecessorum
634 2874 830 2936 nostrornm
851 2862 1097 2957 imperatorum
1116 2862 1193 2935 sive
1213 2883 1335 2956 regum
1363 2870 1398 2935 et
1423 2861 1619 2959 specialiter

202 2986 340 3060 Henrici
358 2988 387 3060 ll
409 2988 642 3061 Romanorum
665 2986 893 3083 imperatoris,
909 2985 1090 3060 ecclesiam
1112 2985 1290 3060 Aretinam
1310 2996 1346 3060 et
1368 2985 1505 3061 fidelem
1531 3011 1619 3063 nos-

204 3119 293 3182 trum
310 3107 502 3184 Amedenm
522 3120 716 3207 presentem
733 3132 828 3183 nunc
844 3110 920 3203 ejus
934 3110 1135 3206 episcopum
1154 3131 1345 3205 omnesque
1367 3132 1449 3185 suos
1470 3134 1617 3186 sncces-

203 3255 311 3326 sores,
331 3235 493 3308 universa
509 3235 622 3328 bona,
646 3234 819 3328 homines,
836 3234 950 3328 villas,
969 3235 1129 3324 castella,
1146 3233 1321 3324 ecclesias,
1346 3237 1509 3332 capellas,
1531 3257 1615 3332 pos-

202 3357 391 3452 sessiones,
409 3368 517 3431 ternas
532 3360 642 3432 cultas
659 3358 714 3432 vel
731 3358 880 3432 incultas
896 3366 931 3432 et
946 3358 1109 3432 universa
1126 3358 1194 3430 alia
1209 3378 1281 3452 que
1295 3380 1390 3430 nunc
1404 3361 1497 3451 juste
1512 3359 1631 3434 habet·

203 3481 261 3552 vel
277 3479 517 3576 inposterum,
535 3483 639 3556 dante
654 3483 814 3574 Domino,
830 3483 925 3576 justo
939 3481 1176 3576 acquisitionis
1193 3482 1293 3555 titulo
1305 3482 1430 3576 poterit
1447 3482 1615 3578 obtinere,

203 3603 239 3675 in
270 3602 481 3699 imperialem
508 3605 694 3698 majestatis
722 3613 838 3678 nostre
863 3604 1109 3702 protectionem
1138 3605 1333 3700 recepimus
1360 3615 1465 3698 atque
1493 3605 1620 3680 delen·

203 3727 353 3819 sionem,
377 3728 546 3824 imperiali
562 3729 770 3802 authoritate
792 3726 1035 3800 confirmantes
1052 3726 1167 3800 eidem
1184 3728 1328 3801 ecclesie
1340 3727 1480 3802 Aretine
1499 3730 1536 3802 in
1552 3729 1621 3803 bo·

203 3872 321 3924 norem
340 3852 435 3924 Beati
457 3853 581 3926 Donati
600 3851 762 3948 martyris
781 3851 966 3925 constitute
982 3851 1044 3946 qni
1066 3849 1196 3924 ibidem
1214 3851 1401 3946 requiescit
1414 3853 1531 3926 omnia
1547 3855 1624 3948 que‘

202 3972 240 4045 in
257 3973 440 4069 privilegio
460 3974 599 4050 Henrici
618 3976 648 4047 ll
668 3973 893 4048 antecessoris
916 3974 1023 4047 nostri
1046 3974 1275 4048 Romanorum
1296 3974 1512 4070 imperatoris
1531 3997 1618 4049 con-

203 4095 369 4188 tinentur,
386 4109 533 4196 excepta
556 4107 654 4173 curte
669 4098 715 4173 de
728 4107 839 4172 castro
858 4097 904 4173 de
922 4098 1106 4172 castilione
1122 4097 1265 4172 Aretino
1280 4120 1351 4192 que
1367 4098 1414 4173 ad
1437 4098 1628 4173 tuitionem·

204 4230 355 4296 nostram
375 4243 438 4318 per
463 4223 612 4298 vicarios
637 4231 673 4298 et
693 4223 835 4298 comites
857 4231 991 4297 nostros
1017 4223 1209 4318 specialiter
1232 4225 1411 4297 retinetur.
1437 4225 1620 4298 Sancimns

204 4344 309 4440 igitur
324 4352 361 4419 et
373 4347 584 4444 precipimus
598 4356 638 4420 ut
656 4347 694 4420 in
708 4348 853 4423 ecclesia
866 4346 1008 4422 Aretina
1033 4348 1151 4420 nullus
1171 4347 1342 4440 marchio,
1362 4369 1497 4442 comcs,
1516 4349 1620 4423 vice-

205 4489 321 4544 comes
343 4473 400 4544 vel
418 4471 573 4566 quelibet
595 4470 783 4563 jnstitiarie
807 4473 985 4568 potestatis
1009 4479 1247 4568 personatam
1268 4471 1306 4543 in
1331 4472 1491 4568 plebibus
1513 4495 1620 4569 quam

206 4591 243 4663 in
258 4595 476 4668 monasteriis
490 4597 596 4670 Beato
617 4597 748 4669 Donato
765 4596 1018 4694 pertinentibus
1039 4619 1144 4695 snper
1158 4597 1323 4691 vasallos,
1347 4598 1618 4692 commendatos,
