4272 5886
541 581 544 592 Ι
570 482 632 546 534
1071 485 1286 550 untosnlcl
1311 486 1486 548 SECUNDI
1802 483 1888 562 [An.
1904 483 1976 544 lm

572 617 725 716 predicta
754 616 954 692 venditione
982 641 1062 692 cum
1092 622 1197 694 luerit
1220 645 1241 695 a
1271 619 1433 695 fidelibus
1456 619 1680 714 anquisitum,
1710 639 1785 692 nos
1815 639 1887 692 una
1912 642 1976 692 curn

572 743 727 841 pmdicta
755 753 912 818 consorte
940 755 1074 838 nostra,
1106 768 1168 842 pro
1192 745 1347 820 remedio
1372 747 1563 820 animarum
1588 742 1881 840 predecessorum
1906 764 1976 816 noe-
2076 820 2077 835 Ν

572 879 700 943 trorum
726 890 791 942 nec
813 891 883 942 non
909 892 971 966 pro
991 872 1102 945 salute
1123 880 1158 944 st
1179 872 1412 944 incolumitate
1435 881 1573 962 nostra,
1598 868 1689 942 hanc
1712 869 1914 966 specialiter
1928 891 1976 940 re-

571 993 770 1068 missionem
788 1003 823 1066 et
836 993 1082 1088 quietationem
1100 998 1207 1088 ajam
1224 995 1326 1068 dictis
1341 994 1503 1088 magistro
1523 1003 1558 1066 et
1575 993 1742 1065 iratribus
1760 993 1902 1082 iactam,
1920 1013 1973 1064 su-

570 1141 634 1216 per
655 1141 699 1192 eo
720 1116 884 1191 videlicet
904 1127 975 1192 tcto
999 1120 1246 1216 quodcumque
1261 1143 1283 1193 a
1301 1119 1496 1192 Sarraceuis
1516 1116 1688 1192 detinetur
1707 1116 1762 1190 ad
1786 1138 1924 1212 presens
1940 1114 1975 1186 dc

570 1243 676 1316 rebus
691 1242 759 1316 sibi
777 1241 929 1316 venditis
946 1265 967 1315 a
987 1243 1150 1340 predictis
1169 1246 1311 1336 comite,
1334 1265 1443 1318 uxore
1459 1251 1494 1316 et
1507 1241 1589 1334 filio,
1605 1253 1676 1315 tam
1692 1243 1732 1314 in
1747 1242 1873 1315 eastris
1886 1261 1972 1334 quarn

569 1368 607 1440 in
627 1367 799 1442 casulibus
816 1377 851 1439 et
872 1367 1069 1441 tenimentis
1089 1368 1167 1441 eliis
1190 1391 1255 1442 nec
1277 1389 1346 1442 non
1367 1367 1583 1459 hominibus,
1604 1369 1739 1464 prolate
1755 1387 1856 1440 sacre
1872 1364 1971 1438 domui

569 1493 756 1568 liberaliter
781 1493 990 1568 relaxamus.
1011 1495 1245 1570 Conoedentes
1264 1505 1299 1568 et
1318 1494 1487 1570 donantes
1504 1493 1617 1568 eidem
1635 1494 1747 1566 libere
1765 1493 1884 1565 omnia
1899 1491 1972 1562 honr

571 1617 729 1716 predicte
750 1617 846 1692 leudi
871 1619 982 1693 tocius
999 1613 1099 1704 in'sseo
1119 1631 1212 1696 stetu
1232 1630 1267 1696 et
1291 1621 1487 1715 integritate
1510 1621 1546 1692 in
1572 1619 1701 1714 quibus
1723 1617 1902 1714 predictus
1919 1636 1971 1684 cc-

572 1765 648 1816 mes
667 1743 859 1817 Jozcelinus
877 1753 974 1840 pater
995 1746 1151 1840 ejusdem
1175 1747 1346 1820 comitisse
1370 1747 1534 1820 Beatricis
1555 1755 1635 1818 ante
1659 1745 1882 1818 amissionem
1899 1753 1969 1813 tere

573 1889 670 1942 sacre
698 1867 889 1941 dinoscitur
915 1871 1112 1966 possedisse
1134 1893 1177 1944 uc
1192 1870 1286 1964 juste
1308 1870 1486 1967 possidere
1513 1870 1677 1958 debebat,
1710 1878 1748 1942 et
1774 1867 1823 1941 ad
1844 1865 1968 1939 cauden

574 1991 781 2065 comitissam
799 1993 986 2067 Beetrioem
1008 2004 1153 2090 paterno
1167 2007 1203 2068 et
1220 2004 1374 2069 materno
1388 1995 1469 2088 jure
1486 1995 1618 2068 ratione
1633 1991 1866 2066 successionis
1882 2009 1967 2084 spec·

573 2118 707 2200 tabant,
726 2139 768 2190 ac
787 2117 910 2192 eedem
935 2120 1109 2192 comitissa
1131 2121 1271 2194 Bsntrix
1290 2142 1359 2193 una
1378 2142 1458 2193 cnm
1477 2120 1553 2193 viro
1570 2127 1605 2192 et
1626 2117 1698 2190 filio
1722 2114 1882 2190 vendidit
1900 2133 1965 2208 pre-

574 2242 669 2317 dicto
685 2242 849 2337 magistro
869 2253 904 2314 et
922 2245 1099 2337 frutribus,
1124 2253 1195 2318 tam
1217 2267 1258 2318 en
1279 2246 1402 2340 quein
1420 2245 1582 2318 menibus
1603 2244 1677 2316 suis
1692 2251 1797 2316 crant
1811 2260 1908 2335 quam
1919 2238 1966 2329 jus

573 2390 694 2442 eorum
716 2389 786 2463 que
806 2369 941 2440 fueraut
961 2377 1147 2466 occupata,
1167 2372 1323 2467 exceptis
1339 2370 1471 2444 assisiis
1491 2369 1727 2443 bisanciorum
1744 2368 1794 2442 ad
1811 2365 1963 2440 cathenam

572 2493 702 2583 Accon,
721 2515 811 2588 quas
827 2493 990 2587 magister
1003 2502 1036 2566 et
1054 2495 1175 2566 fratres
1190 2495 1347 2588 ejusdem
1364 2495 1490 2569 domus
1506 2493 1660 2590 predicto
1676 2495 1753 2589 regi
1772 2501 1808 2566 et
1823 2489 1889 2562 suis
1900 2509 1961 2559 suc·

573 2618 767 2692 cessorilrus
791 2616 996 2690 dimiserunt
1019 2627 1053 2691 et
1076 2630 1242 2715 perpetuo
1259 2621 1520 2716 quietaverunt,
1546 2621 1636 2692 sicut
1659 2619 1825 2714 superius
1847 2623 1894 2688 ost
1910 2633 1963 2684 er·

574 2765 744 2840 pressum.
764 2743 819 2814 Ex
835 2743 1059 2816 affluentioris
1075 2765 1217 2838 quoque
1236 2746 1346 2838 gratie
1367 2744 1522 2817 ubertate
1545 2741 1747 2835 adjiciendo
1767 2736 1961 2814 concedimus

575 2868 725 2966 presenti
744 2867 935 2941 sancientes
952 2867 1067 2941 edicto
1087 2878 1126 2941 ut
1142 2891 1247 2964 qnam
1263 2869 1331 2942 cito
1350 2869 1442 2942 bona
1458 2869 1517 2941 illu
1540 2867 1686 2964 predicti
1709 2867 1884 2959 foedique
1902 2859 1958 2933 vio
2074 2838 2077 2987 i

574 2993 686 3066 leucia
717 2995 984 3102 sarracenorum
1011 2995 1195 3090 occupavit
1225 3002 1427 3090 recuperate
1453 2994 1580 3066 fuerint
1603 2991 1725 3066 divina
1756 2983 1958 3064 misericordia

576 3118 727 3208 favente,
746 3115 792 3188 ad
817 3117 963 3191 eandem
988 3141 1121 3190 sacram
1145 3119 1286 3192 domum
1309 3117 1522 3192 venditionis
1542 3117 1651 3214 ipsius
1672 3118 1775 3191 titulo
1795 3126 1829 3188 et
1852 3109 1957 3184 indulte
2074 3020 2077 3179 i

576 3241 643 3315 sibi
665 3241 833 3338 presentis
854 3242 1085 3315 concessionis
1111 3251 1226 3316 nostre
1251 3242 1442 3314 munimine
1467 3241 1708 3332 devolvantur,
1730 3251 1767 3314 et
1787 3241 1878 3312 liceat
1897 3251 1956 3304 nr·
2074 3206 2077 3367 i

575 3367 682 3462 gistro
704 3375 738 3440 et
764 3366 926 3440 iratribus
951 3364 1076 3439 domus
1102 3367 1212 3463 ipsius
1231 3367 1485 3464 possessionem
1507 3366 1697 3442 eorundem
1715 3367 1876 3440 bonorum
1891 3377 1956 3431 auc·

576 3495 710 3568 toritete
733 3501 847 3568 nostre
871 3514 1045 3566 resumere
1062 3503 1097 3566 et
1121 3493 1261 3568 habere.
1289 3494 1519 3568 Concedimus
1541 3495 1683 3589 insuper
1708 3503 1748 3565 ut
1772 3489 1879 3566 omnia
1897 3501 1955 3578 pre·
2074 3396 2077 3555 i

575 3619 667 3693 dicta
690 3619 781 3692 bona
804 3617 914 3714 ipsius
931 3617 1025 3691 leodi
1050 3627 1120 3690 tem
1144 3617 1261 3694 habita
1280 3641 1387 3714 qnam
1409 3618 1572 3694 habende
1596 3617 1720 3692 endem
1744 3638 1837 3692 sacre
1858 3611 1954 3684 donn
2074 3586 2077 3741 i

574 3743 795 3840 perhenniter
821 3741 1016 3840 possideat,
1044 3752 1079 3816 et
1100 3744 1218 3838 quiete
1249 3745 1296 3818 eb
1323 3745 1420 3819 omni
1449 3744 1598 3818 servicio
1626 3744 1734 3818 libera
1760 3751 1794 3816 et
1810 3739 1949 3827 exempto·

572 3873 729 3945 Preteree
749 3871 973 3944 concedimus
991 3881 1027 3944 et
1047 3869 1290 3945 confirmamus
1317 3870 1433 3945 eidem
1460 3893 1557 3946 sacre
1582 3870 1701 3945 domui
1729 3879 1832 3945 totam
1849 3859 1951 3936 barba·

573 4018 708 4088 canam,
729 4005 840 4068 turres
853 4017 1007 4090 qnoque,
1029 4018 1166 4084 muros,
1186 3997 1352 4070 fossatum
1371 4019 1393 4070 a
1409 4006 1501 4070 meta
1518 3996 1687 4094 porprisie
1701 4018 1806 4092 quam
1820 3984 1950 4065 nemos

573 4121 751 4193 Trecensis
767 4141 883 4192 comes
905 4120 1097 4215 palatinos,
1119 4141 1262 4193 assensu
1287 4119 1466 4214 quondam
1490 4130 1526 4194 et
1547 4123 1726 4194 voluntate
1741 4107 1949 4196 dominelle

574 4243 664 4317 belle
688 4245 811 4318 uxoris
837 4266 900 4318 sue
925 4245 1065 4317 illustris
1085 4244 1177 4338 regis
1197 4244 1361 4318 Almerici
1379 4244 1470 4338 filie,
1499 4245 1565 4342 ipsi
1584 4245 1705 4320 domui
1728 4246 1766 4319 in
1789 4243 1946 4340 perpetuum

576 4368 823 4444 helemosinam
853 4369 1022 4443 concessit
1058 4391 1171 4465 usque
1204 4368 1251 4442 ad
1281 4379 1415 4467 portem
1444 4372 1561 4445 Sancti
1601 4370 1779 4460 Nicholai,
1805 4389 1841 4440 ea
1863 4371 1946 4432 ttfflffl
2071 4363 2073 4434 i

577 4493 774 4567 conditione
792 4505 831 4566 ut
851 4517 893 4568 ea
913 4503 1073 4590 reparent
1090 4504 1125 4567 et
1146 4493 1343 4585 meliorent,
1363 4505 1466 4592 prout
1485 4495 1669 4569 munitioni
1687 4493 1946 4570 civitatensem

577 4618 694 4708 luerit,
714 4618 805 4691 sicot
823 4621 860 4690 in
884 4618 1067 4715 privilegio
1091 4618 1248 4711 ejusdem
1265 4621 1401 4693 comitis
1417 4620 1572 4716 predicte
1596 4643 1693 4694 sacre
1711 4618 1825 4696 domui
1844 4603 1944 4685 indulto
