4436 5870
267 639 364 704 hoton
381 635 423 720 9.]
714 628 912 693 marcata
935 625 1230 699 cinnamomino.
1641 621 1681 682 83

266 773 441 848 merome
461 766 638 844 christani
651 765 760 840 corda
780 763 964 858 confirma,
982 762 1216 838 desideratum
1235 779 1437 834 succursum
1456 759 1593 832 favente
1609 758 1679 830 Dc·

268 899 362 972 miso
375 891 562 990 magnifice
575 890 770 966 habiturus.

316 1023 441 1094 Datum
461 1017 631 1109 Laterani,
650 1015 759 1089 XVIII
775 1013 941 1088 kalendas
955 1011 1121 1107 januarii,
1143 1007 1365 1109 pontificatus
1385 1005 1493 1079 noemi
1518 1026 1610 1079 anno
1632 1005 1675 1078 V.

325 1577 532 1688 Imperator
544 1604 613 1689 per
630 1577 879 1690 Campaniam
896 1575 968 1661 iter
989 1575 1135 1660 habens
1152 1575 1255 1660 venit
1273 1575 1314 1657 in
1330 1597 1509 1685 regnum,
1524 1581 1562 1658 et
1579 1572 1683 1682 apud
1701 1586 1881 1690 *pm

272 1711 453 1795 Sanctum
470 1713 705 1796 Germanum
725 1709 927 1824 magnifice
948 1738 972 1795 a
989 1710 1194 1821 [Stephano
1214 1708 1449 1814 Cassinensel
1462 1707 1600 1797 abbate
1616 1733 1684 1791 re-
1732 1693 1850 1742 rma.

273 1856 402 1956 ceptus
424 1872 597 1930 mensam
618 1871 863 1957 campsorum
884 1855 922 1929 et
932 1843 998 1955 jus
1016 1843 1215 1956 sanguinis
1236 1869 1336 1954 quac
1354 1867 1477 1952 usque
1497 1851 1590 1926 tunc
1602 1840 1684 1924 ha-

273 1979 407 2066 buerat
432 2006 479 2063 ex
501 1981 742 2065 concessione
759 1981 997 2091 imperatoris
1012 1978 1164 2065 Henrici
1178 1977 1337 2061 ecclesia
1359 1977 1610 2084 Cassiuensis,
1625 2002 1686 2060 re·

273 2115 364 2225 cipit
381 2113 430 2199 ab
445 2115 579 2198 eodem
597 2111 684 2226 (1);
708 2113 888 2198 Suessam
904 2111 983 2226 (2),
1000 2111 1198 2197 'Ibeanum
1213 2121 1251 2196 et
1262 2112 1426 2197 Roccam
1447 2111 1632 2196 Draconis
1644 2111 1685 2195 in

274 2249 495 2333 demanium
517 2258 687 2356 revocat,
706 2274 805 2359 quas
826 2273 954 2332 comes
969 2245 1155 2358 Rogerins
1176 2247 1225 2330 de
1242 2244 1384 2356 Aquila
1403 2253 1496 2330 tunc
1517 2246 1682 2330 tenebat.

275 2381 373 2468 Ricc.
390 2409 436 2464 ns
450 2381 491 2466 S.
509 2383 648 2492 Gom,
665 2381 836 2468 Gbrooic.
857 2385 910 2464 od
928 2408 1017 2464 asc.

329 2946 558 3055 Fridericus,
569 2948 830 3033 Romanorum
844 2948 1065 3058 imperator,
1075 2944 1274 3057 pririlegia
1296 2943 1689 3056 apraedeoessoribus
1708 2973 1889 3086 &effla

277 3081 356 3166 suIs
368 3082 518 3167 indulta
535 3083 638 3194 genti
655 3082 937 3166 Advocatomm
958 3082 1007 3165 de
1024 3081 1129 3164 Colle
1147 3081 1253 3165 Putei
1275 3105 1393 3190 prope
1418 3081 1560 3165 Lucam
1587 3105 1689 3164 con-
1726 3082 1874 3184 ‘mg’

277 3212 425 3322 firmat,
443 3241 533 3302 cum
549 3215 661 3300 titulo
679 3216 776 3299 sacri
789 3214 921 3326 palatii
937 3215 1120 3299 comitum
1135 3222 1173 3296 et
1184 3213 1440 3342 Imperialium
1462 3214 1689 3324 missorum,

273 3347 535 3458 jurisdicbone
557 3359 595 3434 et
615 3349 933 3483 possessionibus.
1387 3371 1389 3376 ’

358 3565 881 3646 motsap.Mmar.enommpcr
901 3565 1008 3630 amice
1028 3561 1080 3628 aa
1100 3565 1183 3628 tator.
1207 3560 1284 3626 dem
1303 3560 1508 3628 dudcsmo
1528 3562 1562 3626 dt
1581 3563 1687 3638 mea,

397 3679 472 3736 tom.
487 3675 543 3748 111,
558 3691 589 3754 p.
610 3683 677 3736 141.
687 3707 728 3720 -
740 3673 785 3736 CI.
801 3673 959 3736 (Ianeiilns
972 3679 1075 3734 auctor
1087 3673 1301 3734 dimertadonls
1313 3673 1363 3734 cni
1374 3671 1432 3734 hoc
1444 3673 1575 3750 diploma
1586 3674 1689 3734 innec-

396 3783 480 3857 titur,
496 3781 578 3842 allud
591 3781 841 3871 confirmatorium
858 3787 1004 3842 memorat
1018 3781 1115 3842 Caroli
1128 3780 1238 3860 quarti,
1255 3788 1290 3840 ta
1305 3781 1409 3880 ηιηηηίἶ
1419 3787 1508 3856 taso,
1520 3795 1575 3840 noc
1587 3795 1647 3843 non
1660 3784 1692 3840 et

310 3963 393 3978 σαι-φι-
396 3965 490 3976 *q-

317 4070 354 4144 (t)
372 4071 465 4130 IIonse
476 4070 650 4146 praecedenti
661 4071 733 4147 apud
744 4073 857 4130 Romam
867 4071 940 4132 idem
952 4070 1038 4132 abbas
1049 4071 1084 4130 ad
1101 4070 1260 4146 petitionem
1271 4070 1478 4146 imperatorisei
1489 4072 1605 4132 nomm
1615 4071 1689 4130 Ban-

280 4176 336 4228 nao
348 4169 522 4230 mandaverat
534 4170 639 4230 resdtui
651 4177 679 4228 et
691 4171 809 4254 tanum,
819 4187 889 4246 quae
900 4185 987 4246 usqne
999 4177 1064 4228 mro
1073 4185 1108 4228 ex
1117 4169 1291 4228 mncaasione
1303 4168 1472 4246 imperatoris
1483 4169 1591 4230 Henrici
1602 4167 1688 4244 patris

278 4267 338 4340 ejus
349 4265 461 4325 ecclcsIa
472 4267 638 4326 Cmsinensis
651 4274 784 4326 tenuerat.
796 4269 836 4328 CI.
850 4268 961 4326 ibidem.

316 4363 354 4437 (2)
375 4365 434 4424 «Et
446 4366 474 4423 in
488 4367 532 4424 dIe
543 4365 656 4425 Sanctae
669 4367 767 4425 Luciae
775 4366 819 4440 (43
831 4365 965 4442 decemb.)
975 4365 1049 4424 venit
1061 4364 1132 4440 apud
1144 4365 1272 4424 Sancmm
1285 4365 1452 4424 Germanum
1463 4372 1491 4425 et
1502 4367 1530 4423 in
1539 4365 1584 4424 dio
1598 4365 1691 4426 Sancti

282 4461 443 4521 »Ambrosii
458 4465 486 4538 (7
500 4463 637 4538 decemb.)
647 4465 720 4524 idem
730 4464 855 4524 dominns
869 4465 1015 4540 Imperator
1025 4463 1145 4522 introivit
1154 4463 1290 4523 civitatem
1302 4463 1416 4532 Suessae
1428 4480 1510 4538 quam
1522 4464 1691 4542 recuperarit

281 4577 296 4612 s
308 4557 338 4614 In
348 4559 407 4632 ejus
419 4559 577 4632 domiaium,
592 4567 621 4619 et
633 4561 733 4620 ibidem
746 4564 820 4620 statii
832 4579 881 4636 per
896 4567 952 4620 mos
964 4561 1031 4620 dies.
1043 4579 1058 4614 s
1070 4559 1197 4620 Gbrooic.
1210 4561 1301 4619 Suasa.
1311 4577 1357 4636 ap.
1365 4563 1511 4636 Zscnmn,
1525 4565 1582 4624 Iter
1591 4565 1689 4644 litter,

279 4671 309 4728 p.
325 4657 390 4716 227.
405 4658 468 4716 Dies
480 4665 570 4718 autam
583 4659 613 4718 S.
626 4659 761 4720 Ambrosii
773 4665 1041 4737 mammaeam,
1053 4674 1116 4717 cum
1130 4674 1218 4734 neque
1229 4659 1414 4720 imbumentis
1430 4662 1591 4725 aumonticis
1602 4681 1691 4742 neque

279 4751 383 4814 itineris
396 4755 484 4814 ordini
494 4772 526 4816 se
537 4759 732 4820 accommodat.
