4272 5886
174 607 352 686 lenimus]
624 597 822 662 HISTORIA
843 597 1141 676 blabollstlcs.
1531 594 1592 664 tls

175 743 277 818 cliniis
293 742 379 834 suis,
399 743 612 831 Buostetten,
631 737 832 832 Oettingcn,
851 737 940 826 Ask,
958 737 1110 810 Nonium
1129 759 1209 809 eum
1224 737 1380 828 ecclesia,
1398 736 1541 812 decimis
1555 749 1590 813 et

176 867 392 966 appendiciis
410 866 496 953 suis,
517 864 769 938 Volkmarstori
787 883 868 935 curn
893 862 1006 934 vineis
1024 863 1170 956 stagnis
1197 862 1400 954 vinitorum,
1421 865 1591 959 Herigolt-

177 993 305 1066 ebusan
327 1013 409 1066 cum
431 991 592 1081 ecclesia,
614 987 779 1079 decimis,
799 985 955 1063 terminis
976 987 1251 1083 etnppendiciis
1275 988 1367 1078 suis,
1388 989 1472 1060 Rota
1497 988 1593 1084 quod

177 1117 313 1213 adjacet
328 1115 437 1189 Glone
451 1115 586 1188 ilumini
604 1137 685 1186 cum
699 1113 859 1204 ecclesia,
880 1111 1038 1202 decinis,
1062 1112 1217 1185 terminis
1230 1121 1265 1186 et
1278 1113 1489 1208 appenditiis
1503 1115 1590 1204 suis,

178 1241 316 1332 lierda,
344 1242 507 1333 hontal,
542 1237 795 1334 llelpbendorl,
826 1238 1065 1326 Tocinbnseu‚
1095 1239 1233 1328 Warte,
1263 1239 1486 1330 Veristetlen,
1512 1239 1594 1312 Wa-

178 1367 338 1458 cbrcine,
363 1365 529 1456 Ourbolz,
551 1363 748 1452 Walcbese,
769 1363 938 1452 Cbcletal,
957 1363 1099 1435 Billcrsc
1117 1383 1178 1458 per
1196 1371 1304 1435 totum
1324 1385 1404 1436 cum
1430 1363 1592 1456 ecclesia,

179 1489 340 1580 decimis,
373 1489 550 1579 terminis,
579 1499 614 1561 et
640 1485 856 1584 appendiciis
881 1489 954 1560 suis
980 1487 1015 1558 in
1046 1487 1265 1579 Luicbental,
1294 1490 1439 1582 Stegen,
1467 1488 1597 1560 Wisin·

180 1613 366 1704 schwanlr,
387 1614 643 1702 Criescenowe,
661 1615 864 1700 tirantovve,
885 1613 997 1684 Barna
1015 1621 1054 1684 et
1072 1611 1247 1706 quidquid
1265 1633 1286 1685 a
1303 1613 1466 1686 Soricbsn
1485 1633 1596 1708 usquc

181 1737 229 1812 ad
254 1739 420 1833 lccbberg
447 1740 635 1830 babuerat,
666 1749 778 1834 preter
809 1759 914 1810 unam
948 1736 1162 1810 mansionem
1196 1738 1292 1834 apud
1317 1737 1597 1810 Wisinsobwanlr

181 1864 376 1959 quamlilie
396 1865 443 1938 ad
462 1863 735 1959 pernoctandum
755 1861 944 1936 tradiderat
966 1883 1045 1934 cum
1069 1863 1114 1934 dc
1131 1864 1207 1935 loco
1224 1863 1271 1937 ad
1287 1863 1400 1934 locum
1418 1863 1593 1951 transiret3

182 1989 279 2085 apud
295 1989 569 2085 Hallepatellam
586 1989 668 2060 salis
686 1996 722 2060 et
742 1989 856 2060 locum
879 1989 1019 2083 patella,
1044 1989 1081 2060 in
1100 1988 1255 2060 Sovrbeca
1277 1987 1364 2060 dnos
1384 2005 1540 2078 mansus,
1561 1987 1597 2059 in

182 2113 331 2185 Wibetal
352 2112 561 2192 stabularem
578 2111 729 2204 curiam,
748 2111 796 2183 ad
814 2112 937 2183 Flones
954 2108 1044 2184 duos
1061 2131 1221 2199 mansus,
1240 2109 1287 2183 ad
1301 2111 1411 2183 valles
1427 2110 1464 2183 in
1480 2119 1599 2184 monte

183 2237 243 2330 qui
262 2234 389 2308 dicitur
401 2237 526 2308 Bitimo
540 2236 698 2331 quinque
711 2257 866 2326 mansus,
882 2237 929 2310 ad
943 2237 1051 2309 Sulan
1066 2234 1102 2307 in
1117 2235 1244 2307 Poszeu
1263 2236 1395 2308 curiam
1411 2244 1447 2308 et
1462 2235 1596 2324 vineas,

183 2359 231 2432 ad
245 2359 382 2432 Publice
403 2369 438 2432 et
452 2359 488 2431 in
510 2361 586 2455 ipsa
611 2360 696 2433 villa
714 2360 845 2432 curiam
863 2369 898 2432 ct
919 2359 1061 2451 vineas,
1082 2360 1118 2432 in
1138 2359 1313 2432 Carintbia
1333 2369 1482 2431 castrum
1501 2357 1598 2453 qnod

187 2483 314 2556 dicitur
331 2484 438 2556 Ursen
456 2491 490 2556 ct
511 2483 602 2556 circa
625 2494 775 2556 cestrum
793 2485 975 2579 sexaginte
997 2505 1157 2576 mansus,
1179 2487 1281 2579 juxta
1300 2485 1430 2557 Moram
1452 2484 1601 2556 llnvinm

185 2607 393 2698 Fluobsaba,
414 2608 719 2700 justa=Liesnicbe
741 2609 999 2700 Meizzenstein3
1025 2609 1062 2680 in
1086 2610 1243 2700 marchia,
1257 2611 1360 2702 juxta
1380 2610 1512 2682 Rabam
1537 2611 1603 2681 llu-

185 2731 284 2804 vium
310 2732 529 2826 Cbunibergs
550 2755 639 2806 cnm
654 2733 811 2806 terminis
833 2743 868 2807 et
888 2734 1105 2830 appendiciis
1128 2735 1220 2824 suis3
1246 2734 1282 2805 in
1307 2734 1438 2808 oriente
1460 2734 1604 2808 Breitte·

186 2876 308 2943 nowe,
332 2856 538 2948 Sannaba„
551 2857 845 2952 Luiprandcstori,
866 2859 1089 2949 Snozindorl,
1112 2856 1480 2949 Hedcriscberwsrdc3
1501 2859 1604 2952 juxta

185 2981 384 3054 Danubium
398 2981 741 3078 versusllungariam
753 2982 1368 3077 Vislrahcgemunde,Cbruubiunun,
1382 2981 1602 3056 Bwanccum

187 3105 346 3178 terminis
364 3113 399 3179 et
419 3106 637 3202 appendiciis
653 3109 751 3192 sais,
778 3107 816 3180 iu
837 3109 1036 3202 Trungowe
1059 3107 1209 3199 cunam,
1231 3107 1279 3201 ad
1297 3105 1519 3180 Gruninbach
1541 3127 1605 3182 sex

186 3227 327 3322 vineas,
349 3230 395 3303 ad
418 3231 590 3326 Hnrperih
613 3251 692 3303 cum
716 3231 830 3304 vineis
853 3253 955 3326 agros
980 3232 1189 3322 vinitorum,
1212 3233 1302 3304 ultra
1324 3231 1476 3304 Cbambe
1500 3229 1605 3304 Chos-

188 3353 360 3444 tingensi
380 3355 626 3449 Reswetingen
646 3377 727 3428 cnm
744 3357 907 3449 ecclesia,
930 3357 1178 3446 decimatione,
1198 3356 1374 3448 theloneo,
1397 3355 1553 3428 terminis
1570 3367 1605 3430 et

189 3477 405 3573 appenditiis
418 3479 509 3572 suis}
527 3480 631 3572 juxta
648 3482 778 3554 flumen
797 3482 894 3577 quod
915 3481 1042 3556 dicitur
1057 3482 1152 3554 lioba
1173 3479 1452 3574 Urndrechstori;
1472 3481 1604 3554 curiam

189 3621 290 3674 suam
313 3603 499 3676 Ratisbone
519 3604 622 3696 juxta
650 3608 812 3679 Sanctum
835 3607 1038 3680 Cassianum
1064 3629 1144 3680 cum
1171 3607 1257 3679 atrio
1279 3628 1344 3702 per
1367 3607 1548 3679 circuitum
1571 3617 1606 3681 et

191 3723 357 3818 edificiis3
379 3729 415 3800 in
437 3729 565 3802 Suavis
588 3729 796 3826 villamque
818 3728 945 3803 dicitur
966 3731 1145 3826 Eslingen.
1172 3732 1242 3804 Hec
1267 3733 1383 3806 omnia
1408 3754 1486 3806 cum
1510 3731 1605 3814 omni

187 3849 268 3941 jure
290 3849 434 3923 tradidit
456 3874 536 3924 cum
562 3853 652 3926 areis
672 3862 708 3926 et
728 3853 893 3946 ediliciis,
918 3855 1032 3948 agris,
1056 3855 1205 3950 campis,
1232 3855 1356 3950 pratis,
1381 3855 1602 3948 molendinis,

191 3974 291 4067 aquis
311 3995 525 4069 aquarumve
546 3976 765 4079 decursibus,
787 3979 898 4071 silvis,
919 3979 1183 4071 venationibus,
1202 3979 1371 4068 sectione,
1392 3979 1606 4072 saginatione

191 4106 226 4168 et
244 4119 314 4191 que
336 4097 508 4173 habentur
523 4101 580 4175 vel
600 4076 720 4175 baberi
743 4113 888 4201 possunt
908 4104 943 4175 in
966 4103 1154 4196 legitimam
1177 4105 1428 4202 possessionem
1446 4104 1603 4177 Retensis

190 4223 407 4316 monasterii,
426 4223 616 4321 dequibus
632 4228 739 4322 etiam¹
755 4252 941 4304 nurnssna
961 4229 1135 4304 Elisabeth
1152 4230 1267 4305 statim
1283 4229 1529 4314 monasterium
1553 4229 1604 4305 in·

189 4345 333 4418 vestivit
346 4355 382 4420 et
398 4359 524 4444 pecten
537 4350 796 4426 inbenelleium
813 4355 957 4450 accepit.
982 4353 1044 4426 llis
1059 4373 1141 4448 ergo
1163 4353 1293 4449 prsdiis
1314 4362 1419 4448 atque
1435 4352 1605 4428 reditibus

190 4469 246 4541 vir
273 4467 388 4545 tidelis
415 4473 563 4548 llotense
591 4479 835 4551 monasterinm
861 4476 1022 4568 fundavit
1047 4499 1088 4550 ac
1113 4477 1296 4550 laudatum
1321 4479 1423 4551 beato
1444 4477 1543 4551 Petm
1571 4490 1605 4552 et

191 4591 344 4667 Romane
359 4595 512 4711 Ecclesia
533 4600 676 4676 tradidit
699 4625 761 4700 per
783 4625 924 4676 manum
947 4601 1138 4678 Eberhardi
1162 4601 1470 4696 dellazcnhoven,
1489 4605 1605 4700 quiet

191 4715 326 4812 primus
347 4720 536 4818 bisantium
554 4728 733 4806 annuatim
758 4712 1026 4826 persolvendum
1053 4728 1273 4806 lateranensi
1293 4728 1422 4825 palatio
1439 4729 1604 4823 persolvit

292 4842 333 4904 ΙΙ.
1408 4857 1447 4913 es
