4296 5898
558 544 620 606 mr
1117 553 1278 618 rnnnrcr
1303 556 1478 622 snconnr
1783 567 1864 652 [sss
1885 571 1969 637 rm

522 703 525 710 ·
607 681 733 754 Datum
752 681 940 760 incivitate
955 685 1128 781 comune,
1147 713 1238 766 anno
1256 691 1430 770 dominice
1446 697 1689 776 incarnationis
1706 703 1889 782 millesimo
1906 708 1971 782 du-

559 805 748 881 centesimo
762 807 882 903 XXll⁰,
900 834 1019 888 mense
1043 815 1145 906 maii,
1166 817 1302 892 decime
1323 819 1538 918 indictionis,
1556 825 1691 924 imperii
1712 827 1845 904 domini
1865 835 1970 908 nostri

560 931 724 1006 Friderici
740 934 803 1007 Dei
823 937 933 1031 gratia
950 939 1172 1014 illustrissimi
1188 941 1420 1018 Romanorum
1435 946 1664 1045 imperatoris,
1679 973 1816 1051 snper
1831 959 1969 1054 augusti

560 1061 596 1126 et
613 1054 848 1148 gloriosissimi
866 1060 959 1158 regis
979 1062 1095 1140 Sicilie
1114 1085 1206 1140 anno
1228 1066 1279 1158 11,
1296 1068 1395 1164 regni
1414 1091 1497 1146 vero
1518 1071 1633 1149 Sicilie
1649 1075 1815 1152 uicesimo
1834 1090 1968 1177 quarto,

560 1178 713 1254 feliciter.
735 1179 860 1258 Amen.

465 1936 471 1949 .
609 1832 818 1942 Imperator
834 1831 875 1913 in
893 1830 1020 1915 Sicilia
1041 1833 1090 1917 de
1106 1831 1305 1919 Mirnlretto
1321 1833 1612 1941 [Saracenorum
1630 1836 1743 1943 docel
1760 1837 1969 1948 triumphat

557 1974 594 2050 et
616 1965 664 2049 de
687 1965 770 2075 ipso
793 1973 830 2048 et
851 1965 930 2049 suis
957 1965 1044 2050 lecit
1071 1967 1177 2078 quod
1197 1992 1332 2052 eornm
1358 1977 1549 2053 meruerat
1569 1969 1757 2082 erigentia
1780 1971 1966 2056 commis-

556 2126 702 2186 sorum.
734 2099 834 2182 chc.
869 2125 914 2181 nu
947 2099 988 2183 S.
1019 2101 1158 2210 Genu,
1191 2102 1380 2200 chronic„
1412 2105 1464 2184 ud
1494 2104 1784 2188 unm—Anno
1819 2105 1967 2190 Domini

554 2233 736 2321 MCCXXI
753 2231 911 2346 (1222),
931 2233 1079 2317 decima
1105 2235 1329 2343 indictione,
1348 2234 1527 2320 dominns
1550 2237 1770 2321 Fredericns
1793 2237 1861 2322 ivit
1881 2263 1966 2321 cum

555 2395 697 2480 magno
720 2367 885 2452 exercitu
911 2393 1026 2478 super
1053 2368 1262 2454 Saracenos
1288 2369 1385 2454 lacis
1400 2367 1461 2483 (1)
1481 2378 1519 2454 et
1543 2370 1641 2482 oepit
1662 2369 1856 2456 Beneveth
1880 2397 1965 2455 cum

553 2503 641 2586 filiis
667 2502 745 2587 suis
772 2513 810 2586 et
836 2501 1035 2612 suspendit
1057 2504 1160 2613 opud
1174 2503 1409 2588 Pnnormum
1424 2501 1501 2616 (2).
1517 2509 1681 2616 Append.
1705 2508 1758 2587 ud
1775 2505 1902 2616 Golsr.
1922 2509 1965 2588 de

551 2640 701 2736 Mutat,
725 2664 788 2749 ap.
809 2635 1194 2748 Mumu0n1,Scrr'pt.,
1218 2647 1247 2721 t.
1264 2637 1310 2722 V.

590 2959 626 3034 lt)
644 2959 704 3016 Nou
721 2957 768 3015 hic
779 2957 979 3032 intelligendum
990 2958 1052 3016 Ioci
1064 2957 1137 3016 reule
1149 2973 1234 3034 prope
1248 2957 1389 3032 murm,
1406 2957 1456 3018 sed
1469 2965 1587 3018 omium
1599 2958 1702 3018 domm
1714 2961 1777 3019 Icto
1789 2959 1833 3019 vel
1845 2961 1963 3022 Gtcmin

553 3057 670 3116 dioecesi
689 3055 865 3128 Hammonem
884 3069 965 3130 (prem
982 3053 1071 3114 lucrum
1089 3056 1171 3116 Silius
1194 3062 1224 3115 et
1243 3057 1344 3116 Plinius
1361 3063 1589 3116 memoraverunt.
1610 3059 1747 3132 ltegunnte
1765 3058 1905 3120 Guillelmo
1925 3059 1961 3132 ll,

552 3154 671 3230 episcopi
682 3155 867 3212 llszmrenses
878 3149 923 3227 Ju'e
936 3153 1139 3228 dioecesanum,
1153 3155 1270 3214 decimos
1281 3161 1310 3213 et
1323 3155 1376 3214 elia
1390 3155 1451 3230 juro
1464 3154 1492 3213 iu
1506 3154 1573 3214 locis
1585 3155 1636 3215 lati
1649 3162 1677 3213 et
1687 3155 1815 3214 calatrasi
1834 3157 1888 3216 sibi
1901 3175 1962 3232 per·

552 3253 663 3311 tinentia
682 3251 810 3310 ecclesiae
830 3251 931 3312 ltontis
952 3251 1059 3326 Regalis
1081 3258 1284 3312 concesserunt.
1297 3251 1337 3312 Ci.
1352 3251 1486 3326 Gruorcs,
1500 3253 1538 3310 n¹·
1549 3255 1642 3313 24-29.
1655 3253 1750 3312 l'astro
1770 3260 1862 3314 autem
1883 3253 1962 3313 diua

552 3351 707 3410 Sarracems
720 3355 850 3426 occupato
864 3356 893 3409 et
905 3360 1000 3427 postea
1012 3351 1116 3424 diruto,
1129 3351 1196 3410 nihil
1209 3351 1272 3411 inde
1283 3358 1408 3428 superest
1423 3353 1476 3410 uisi
1487 3351 1599 3427 paruula
1609 3352 1742 3426 quietim
1753 3353 1879 3425 eooleds,
1887 3352 1961 3427 uulgo

551 3449 757 3508 successum
770 3453 874 3507 uocata
887 3449 949 3508 Vid.
966 3449 1061 3520 Puro,
1075 3449 1156 3510 Sioil.
1170 3466 1251 3520 mor„
1266 3448 1291 3521 l,
1306 3451 1369 3508 llil.

591 3549 627 3624 (t)
645 3547 804 3607 ltmnbettus
814 3547 864 3606 iste
876 3545 960 3622 (Emir
967 3547 1120 3624 Bon-Abcd)
1137 3553 1193 3607 tota
1203 3548 1260 3607 lere
1270 3547 1432 3606 llmmrensi
1441 3547 1510 3607 velle
1522 3547 1623 3624 potitus
1636 3546 1750 3612 caeteris
1759 3547 1962 3607 Smrnoenorum

553 3645 653 3721 regulis
667 3645 814 3720 praelu'mse
824 3645 931 3705 videtur
946 3646 994 3722 qui
1005 3647 1135 3722 plurimas
1148 3661 1226 3705 arcae
1240 3647 1269 3704 in
1283 3645 1421 3704 montibus
1438 3645 1542 3706 mediae
1560 3645 1666 3706 Siciliae
1683 3645 1826 3718 tenebant,
1844 3646 1963 3706 uidelicet

551 3744 692 3816 Entellum,
703 3743 849 3819 capicium,
860 3744 1032 3820 Centuripem
1045 3750 1074 3803 et
1086 3743 1221 3802 Trainam.
1234 3741 1304 3800 Huic
1315 3744 1419 3817 piratae
1432 3749 1487 3801 tam
1495 3741 1616 3802 lloslemi
1627 3759 1709 3818 quiam
1721 3740 1865 3801 Christiani
1876 3755 1961 3801 rerum

551 3842 746 3915 hominumque
759 3842 864 3917 copiam
877 3841 1074 3902 ministrabant.
1089 3863 1103 3898 r
1117 3840 1279 3901 llmoawres
1290 3841 1497 3901 Massiliensium
1509 3881 1618 3900 .....
1632 3843 1708 3916 lingo
1721 3841 1836 3900 Ferreus
1846 3847 1877 3900 et
1886 3839 1962 3900 (inil-

552 3961 566 3996 »
579 3941 675 4000 lelmus
691 3940 793 3999 Porcus
811 3938 873 4016 [qui
889 3956 988 4015 pucros
1004 3941 1205 4015 crucesignatos
1218 3955 1290 4000 anno
1304 3943 1375 4000 trts
1389 3940 1542 4000 &moenis
1552 3940 1657 4000 diriore
1668 3939 1862 4005 vendiderant]
1874 3945 1962 4016 poster

551 4058 566 4093 r
580 4045 711 4099 venerumt
722 4038 757 4097 ad
772 4039 921 4115 principem
937 4039 1134 4099 Saracenorum
1147 4037 1252 4097 Siciliae
1267 4037 1436 4098 llirabellnm
1450 4045 1477 4097 et
1493 4054 1555 4097 cum
1568 4055 1602 4100 eo
1615 4038 1787 4097 traditionem
1797 4037 1962 4113 imperatoris

551 4159 566 4194 r
580 4139 714 4197 Fmderici
729 4137 817 4197 locere
828 4137 980 4198 uoluerunt.
996 4138 1049 4196 Sed
1067 4137 1212 4212 imperator
1230 4136 1266 4195 de
1285 4137 1319 4195 iis
1335 4137 1416 4196 dante
1428 4137 1485 4196 Deo
1497 4137 1672 4213 triumphavit
1683 4143 1711 4194 et
1722 4135 1892 4195 tdirabellnm
1902 4149 1959 4194 urm

550 4255 565 4290 s
579 4237 686 4297 duobus
695 4237 757 4296 liliis
767 4244 796 4297 et
802 4237 869 4296 istos
878 4237 948 4296 duos
956 4235 1196 4295 traditoreeinnno
1205 4233 1325 4310 patibulo
1333 4235 1500 4310 suspendit.»
1508 4236 1611 4295 mss.
1622 4237 1814 4306 anmmrm,
1823 4234 1956 4305 Olim,

547 4349 594 4409 op.
608 4335 752 4406 ursum,
762 4336 877 4406 dcccco,
893 4333 927 4405 ll,
941 4336 1004 4393 too.
1015 4332 1060 4392 Nil
1073 4332 1186 4392 dubium
1197 4333 1264 4409 quin
1277 4331 1438 4392 Gnillelmus
1449 4333 1552 4392 Porcus
1563 4333 1635 4392 idem
1645 4333 1696 4392 iste
1709 4332 1791 4392 lucit
1799 4331 1955 4398 admiratum

546 4431 719 4492 tennensium
729 4433 918 4508 amicissimus,
931 4449 1013 4509 quem
1023 4431 1176 4494 Fridericus
1188 4432 1217 4492 in
1229 4431 1340 4492 exilium
1352 4430 1528 4510 compulerat
1542 4431 1604 4494 vid.
1620 4447 1717 4508 snpra,
1734 4448 1764 4508 p.
1778 4433 1846 4502 sto,
1862 4432 1917 4488 not.
1930 4429 1954 4482 t.
