4368 5876
269 552 368 612 lauta.
384 549 427 627 9.]
717 547 914 610 HISTORIA
936 547 1231 608 blrtottertcll.
1625 549 1682 610 145

316 681 510 756 Fridericus
524 681 554 754 ll
570 680 693 754 divina
713 682 852 756 favente
873 683 1054 756 clementia
1075 682 1305 755 Romanorum
1328 681 1523 776 imperator,
1544 703 1680 778 semper

269 816 438 903 augustus
454 817 489 880 et
501 817 570 880 ¹rex
587 805 714 880 Sicilie.
736 806 927 901 Imperialis
944 809 1148 880 excellentie
1170 805 1321 900 dignitas
1339 816 1422 878 tunc
1438 805 1545 901 digne
1568 808 1683 882 laudis

271 931 376 1004 titulis
390 931 510 1004 rutilat
524 953 605 1004 cum
625 951 708 1023 erga
731 928 853 1004 fideles
869 951 952 1004 suos
973 942 1009 1004 et
1025 932 1171 1006 devotos
1192 929 1415 1004 favorabilem
1437 951 1476 1002 se
1490 930 1633 1004 exhibet
1649 943 1684 1004 et

271 1056 456 1150 benignam
470 1066 507 1128 et
521 1076 640 1128 eorum
658 1063 756 1148 grata
771 1055 913 1130 servitia
929 1076 998 1127 uon
1016 1055 1144 1150 petitur
1160 1055 1406 1128 irremunerata
1421 1054 1576 1128 transire.
1599 1055 1684 1130 lude

270 1190 322 1254 est
347 1180 444 1275 quod
473 1201 537 1252 nos
560 1179 776 1254 attendentes
797 1201 919 1275 purum
946 1178 1050 1253 iidem
1074 1188 1109 1253 et
1135 1179 1304 1252 sinceram
1331 1177 1551 1251 devotionem
1576 1200 1683 1273 quam

270 1304 463 1378 Fridericus
474 1303 519 1377 de
536 1302 625 1376 Arcu
641 1303 765 1395 atejus
781 1311 924 1399 nepotes
939 1303 1147 1399 Adelpretus
1164 1311 1199 1374 et
1214 1300 1449 1398 Ripraudiuus
1463 1300 1510 1376 ad
1531 1313 1683 1377 nostram

139 1413 144 1434 '
271 1428 508 1502 excellentiam
524 1427 722 1501 habueruut
739 1425 887 1500 fideliter
903 1435 938 1499 et
961 1425 1103 1515 devote,
1123 1427 1346 1522 respicientes
1368 1427 1471 1500 etiam
1492 1424 1539 1500 ad
1557 1426 1685 1502 devota

271 1552 525 1646 obsequiaque
544 1551 611 1647 ipsi
632 1550 844 1642 Fridericus,
860 1550 1069 1646 Adelpretus
1087 1560 1122 1623 et
1138 1549 1373 1646 Riprandinus
1395 1551 1495 1624 uobis
1512 1552 1684 1626 exbibue-

272 1685 352 1749 runt
367 1686 402 1749 et
416 1685 578 1771 poterunt
593 1684 767 1771 prestante
783 1675 932 1748 Domino
950 1677 985 1747 in
1002 1685 1176 1771 posterum
1194 1674 1378 1765 exhibere,
1402 1675 1494 1771 ipsos
1510 1686 1545 1748 et
1563 1697 1684 1749 eorum

273 1799 417 1872 heredes
433 1822 481 1872 ex
499 1800 550 1872 eis
570 1799 723 1892 legitime
742 1797 990 1872 descendentes
1009 1799 1056 1872 de
1076 1799 1233 1892 largitate
1254 1809 1290 1870 et
1313 1799 1551 1872 benevolentia
1569 1809 1684 1873 nostra

274 1925 403 1998 bonore
419 1932 454 1996 et
471 1923 650 1997 nobilitate
665 1924 848 1996 comitatus
863 1924 1088 1996 nobilitumus
1106 1934 1141 1996 et
1161 1943 1222 1996 eos
1235 1945 1283 1996 ex
1299 1932 1390 1994 certa
1406 1923 1548 1996 scientia
1564 1923 1609 1996 de
1628 1943 1685 1996 oe·

275 2057 346 2122 tero
366 2049 501 2122 nubiles
518 2047 661 2122 comites
681 2047 827 2121 lecimus
845 2056 881 2120 et
897 2048 1138 2122 constituimus
1155 2069 1198 2120 uc
1212 2048 1243 2120 si
1258 2047 1449 2141 antiquitus
1463 2069 1511 2121 ex
1533 2049 1686 2142 antiquis

274 2174 448 2248 nobilibus
467 2183 503 2247 et
522 2173 675 2268 antiquis
693 2173 877 2246 comitibus
901 2173 1070 2266 originem
1088 2172 1353 2268 protraxissent,
1373 2171 1557 2246 liberantes
1571 2195 1632 2246 eos
1651 2182 1687 2246 et

274 2318 392 2370 eorum
412 2297 599 2392 legitimam
615 2296 870 2390 generationem
895 2296 930 2368 in
952 2305 1156 2391 perpetuum
1174 2296 1312 2390 penitus
1327 2296 1519 2370 eximentes
1544 2300 1591 2371 ab
1613 2319 1687 2372 om·

275 2421 378 2493 nibus
393 2421 544 2514 ungariis
562 2430 598 2494 et
616 2419 830 2516 perangariis
849 2430 884 2492 et
898 2421 944 2494 ab
960 2421 1122 2493 omuibus
1138 2421 1303 2494 oneribus
1323 2420 1517 2494 rusticanis.
1543 2423 1689 2518 insuper

275 2546 496 2636 investimus,
514 2545 639 2618 damus
659 2555 765 2640 atque
787 2545 954 2640 largimur
976 2553 1012 2617 et
1031 2542 1201 2639 imperiali
1221 2545 1422 2618 auctoritate
1444 2545 1689 2620 confirmamus

271 2669 447 2763 jamdictis
479 2669 652 2743 Friderico
676 2677 712 2742 et
733 2669 916 2765 nepotibus
942 2668 1020 2760 ejus
1047 2665 1233 2762 Adelpreto
1261 2676 1297 2741 et
1321 2668 1533 2764 hiprandiuo
1559 2678 1596 2741 et
1616 2671 1690 2744 suis

275 2793 461 2867 heredibus
477 2793 682 2888 generaliter
701 2800 737 2865 et
754 2792 963 2886 integraliter
977 2789 1253 2882 jurisdictionem
1272 2801 1307 2865 et
1326 2792 1537 2884 districtum,
1555 2816 1688 2867 merum

276 2920 492 3014 mixtumque
506 2918 709 3015 imperium,
729 2917 909 3006 arimania,
932 2916 1067 3007 bauua,
1092 2916 1232 3006 telonia,
1254 2917 1397 3012 ripatica
1414 2926 1450 2990 et
1468 2939 1604 2991 omnem
1625 2941 1690 3014 pu·

275 3045 400 3118 blicam
414 3045 627 3118 functionem
648 3043 755 3117 totius
771 3043 877 3115 curtis
891 3051 925 3114 et
942 3041 1101 3113 territorii
1120 3041 1222 3114 castri
1235 3041 1358 3132 Archi,
1376 3040 1476 3136 burgi
1494 3053 1530 3115 et
1546 3043 1629 3116 ville
1644 3043 1691 3118 de

276 3169 453 3258 Turbulie,
477 3169 580 3242 castri
599 3171 712 3242 Dreue
735 3176 770 3240 et
793 3166 896 3240 castri
919 3165 1063 3261 Spiuedi
1081 3175 1116 3238 et
1134 3166 1289 3238 omnium
1311 3166 1554 3262 locorumque
1576 3169 1691 3242 dictus

276 3293 469 3366 Fridericus
490 3303 526 3364 et
548 3293 604 3365 sui
624 3300 767 3388 nepotes
790 3290 920 3364 hubent
941 3300 977 3362 et
1001 3298 1118 3362 teuent
1141 3290 1198 3362 vel
1222 3290 1258 3360 iu
1283 3291 1436 3362 futurum
1459 3292 1637 3365 habebunt
1655 3304 1690 3368 et

276 3416 430 3490 omnium
452 3415 680 3489 habitantium
707 3415 744 3486 iu
764 3413 930 3510 predictis
946 3414 1045 3486 terris
1065 3421 1100 3487 et
1115 3413 1199 3486 locis
1222 3436 1316 3486 uunc
1338 3413 1429 3487 etin
1452 3415 1629 3508 loturum,
1657 3428 1691 3491 et

276 3541 488 3634 quicumque
502 3538 752 3614 descendentes
763 3561 811 3612 ex
823 3539 909 3636 ipsis
923 3539 959 3611 iu
974 3539 1151 3612 montibus
1164 3547 1201 3612 et
1213 3540 1339 3635 planis,
1351 3540 1458 3634 agris,
1474 3543 1594 3637 pratis,
1609 3565 1689 3639 pas·

278 3665 364 3754 cuis,
385 3665 494 3754 silvis,
518 3664 776 3752 venationibus,
796 3663 1059 3760 piscationibus,
1083 3663 1309 3752 molendinis,
1330 3665 1482 3760 ripaticis
1497 3688 1577 3740 eum
1594 3670 1689 3742 omni

273 3789 352 3880 jure
366 3796 401 3860 et
415 3788 561 3876 bonore,
580 3788 628 3860 ita
649 3787 746 3882 quod
764 3787 865 3858 liceat
886 3785 1002 3858 eidem
1017 3785 1190 3859 Friderico
1208 3799 1244 3860 et
1264 3790 1340 3880 ejus
1359 3788 1545 3864 heredibus
1562 3800 1596 3865 et
1614 3794 1688 3867 suis

277 3913 461 4006 nepotibus
481 3911 669 4008 Adelpreto
694 3922 728 3985 et
747 3910 959 4007 Riprundino
977 3931 1167 4006 eorumque
1188 3911 1376 3986 heredibus
1401 3923 1437 3986 et
1460 3915 1689 3990 coheredibus

277 4035 437 4128 usquein
453 4033 625 4106 infinitum
639 4035 805 4131 prelatum
817 4034 1090 4128 jurisdictionem
1104 4036 1212 4108 libere
1229 4057 1391 4110 exercere
1405 4038 1441 4108 in
1454 4038 1690 4115 criminalibus

277 4172 312 4231 et
329 4159 537 4254 pecuniariis
551 4180 593 4232 ac
613 4159 814 4233 liberalibus
833 4159 959 4252 causis,
982 4160 1018 4230 in
1036 4159 1161 4232 bannis
1181 4160 1391 4252 auferendis,
1407 4161 1444 4233 in
1461 4163 1612 4237 collectis
1627 4188 1689 4262 po-

278 4282 403 4355 nendis
425 4292 459 4355 et
480 4283 517 4355 iu
535 4283 697 4357 omuibus
721 4283 927 4378 generaliter
944 4283 1089 4377 agendis
1105 4304 1327 4377 quecumque
1347 4283 1393 4356 ad
1410 4284 1686 4376 jurisdictionem

278 4418 312 4481 et
326 4406 517 4481 districtum
531 4409 626 4482 etad
639 4410 706 4483 alia
720 4411 851 4504 prelata
862 4409 1044 4504 pertinent.
1055 4410 1127 4481 Hec
1134 4409 1250 4480 omnia
1262 4409 1495 4506 suprascripta
1505 4416 1687 4489 statuimus

278 4542 312 4604 et
329 4533 472 4604 lecimus
485 4542 590 4628 atque
604 4533 834 4622 deceruimus,
856 4555 900 4605 ex
918 4544 1008 4605 certa
1026 4533 1169 4605 scientia
1184 4540 1219 4606 et
1234 4541 1423 4630 spontaneo
1439 4547 1534 4609 motu
1548 4538 1689 4636 iusuper

279 4657 518 4751 volentesque
536 4658 644 4731 dubia
661 4667 742 4730 suut
760 4659 815 4731 vel
829 4680 934 4753 quea
948 4657 1162 4754 sapientibus
1181 4659 1218 4730 iu
1236 4656 1382 4731 dubium
1399 4670 1544 4756 possunt
1560 4662 1686 4739 deduci

378 4780 416 4840 11.
1496 4795 1532 4847 te
