4436 5870
304 498 402 560 laetor.
417 495 461 576 9.]
749 493 948 556 HISTORIA
972 490 1265 555 ulrnoltarlcn
1673 493 1713 553 45

302 632 503 727 episcopum
519 639 553 704 at
570 629 750 704 eeclesiam
778 631 1015 704 vulterranam
1042 630 1078 702 in
1108 629 1269 701 omnibus
1294 625 1502 722 supradictis
1532 626 1712 719 infestare,

302 755 486 829 disvestire
510 762 571 826 aut
593 754 764 847 aliquovis
784 754 890 827 modo
913 753 1041 826 audeat
1062 753 1275 848 perturbare.
1305 751 1340 823 Si
1366 751 1446 846 quis
1467 760 1600 844 autem,
1620 751 1717 845 quod

302 877 405 969 absit,
420 885 537 950 eontra
550 877 655 970 hujus
671 877 857 973 imperialis
871 877 975 950 edisti
990 885 1155 948 statutum
1169 876 1289 949 venire
1304 874 1530 970 temptaverit,
1547 875 1714 970 imperiali

303 1002 419 1075 hauno
438 1011 554 1074 nostro
573 1010 608 1072 et
632 1002 774 1097 insuper
790 1023 879 1096 pene
896 1009 1033 1073 eentum
1055 1000 1220 1072 librarum
1236 999 1312 1072 auri
1329 997 1504 1094 purissimi
1523 999 1712 1090 subjaceat,

303 1126 484 1199 medietate
507 1147 578 1199 una
592 1147 725 1200 camere
743 1136 870 1215 nostre,
889 1126 955 1198 alia
974 1147 1057 1199 vero
1078 1123 1263 1198 medietate
1282 1125 1485 1198 vulterrano
1506 1122 1669 1219 episeopo
1681 1131 1716 1204 et

302 1250 447 1324 eoelesie
465 1272 528 1323 sue
545 1250 688 1344 suisque
699 1249 957 1332 successoribus
970 1249 1209 1346 persolvenda,
1225 1271 1331 1346 quam
1348 1256 1384 1321 et
1398 1247 1559 1343 episeopo
1577 1247 1677 1320 liceat
1693 1270 1713 1320 a

303 1375 609 1468 transgressoribus
628 1375 770 1469 exigere
783 1384 818 1448 et
831 1396 908 1448 eam
922 1396 990 1468 que
1006 1394 1070 1446 nos
1093 1373 1260 1467 eontingit
1281 1373 1496 1446 medietatem
1516 1370 1618 1445 nobis
1634 1393 1715 1444 oon·

301 1498 502 1570 servarant
515 1495 581 1570 heo
592 1507 628 1570 et
639 1499 756 1570 omnia
769 1497 837 1570 alia
850 1497 1062 1593 supradicta,
1077 1497 1175 1570 salva
1189 1519 1250 1591 per
1265 1497 1381 1570 omnia
1399 1495 1566 1590 imperiali
1580 1496 1713 1586 justitia

303 1628 430 1710 nostra,
451 1621 601 1715 presenti
616 1621 800 1717 privilegio
813 1642 919 1694 aureo
937 1620 1122 1713 majestatis
1141 1632 1256 1694 nostre
1272 1620 1385 1714 sigillo
1405 1620 1567 1712 insignito
1589 1618 1712 1692 oonfir·

301 1765 436 1816 mamus
456 1753 491 1816 et
515 1744 561 1819 de
585 1744 747 1818 omuibus
771 1745 907 1840 plenam
933 1745 1208 1837 jurisdictionem
1230 1745 1262 1817 ei
1286 1754 1322 1818 et
1347 1743 1489 1818 ecclesie
1512 1744 1712 1818 vulterrano

302 1867 536 1941 oonoedimus.
568 1869 640 1941 Hoc
673 1889 814 1963 quoque
845 1869 1067 1942 oonosdimus
1096 1868 1306 1963 firmiterque
1334 1867 1518 1942 statuimus
1545 1876 1585 1939 ut
1612 1889 1711 1964 sepe·

301 1989 413 2062 didus
436 1991 595 2086 Paganus
617 1992 801 2088 episeopus
827 1990 1024 2064 carissimus
1047 1990 1158 2064 fidelis
1184 2000 1298 2064 noster
1322 2001 1357 2067 et
1383 1989 1524 2062 illustris
1550 1989 1709 2087 priuoeps

302 2113 435 2208 imperii
453 2115 574 2186 tamin
594 2113 752 2186 iacienda
769 2114 901 2207 justitia
915 2137 1019 2209 quam
1040 2115 1076 2185 in
1095 2136 1179 2209 paoe
1200 2114 1455 2188 manutenenda
1472 2122 1506 2186 et
1524 2114 1623 2190 fodro
1640 2117 1709 2188 col·

301 2237 441 2331 ligando
465 2237 656 2331 ueterisque
671 2260 741 2334 que
755 2239 802 2312 ad
818 2239 922 2332 hujus
943 2246 978 2310 et
994 2239 1159 2312 honorem
1178 2247 1330 2312 nostrum
1346 2246 1502 2334 spectant
1522 2259 1584 2334 per
1602 2247 1709 2312 totum

300 2361 536 2456 episoopatum
559 2369 594 2434 et
614 2361 813 2434 mmitatum
831 2363 1071 2436 vulterranum
1087 2363 1165 2436 vioe
1186 2370 1300 2436 nostra
1323 2352 1516 2438 ordinetur
1536 2361 1707 2457 disponat.

301 2485 456 2557 Preterea
477 2494 624 2558 casuum
644 2486 771 2558 Suione
788 2506 867 2558 oum
887 2486 1103 2582 pertiuentiis
1118 2485 1209 2576 suis,
1233 2494 1381 2558 castrum
1402 2485 1516 2558 lnsule
1538 2507 1615 2558 cum
1632 2507 1711 2582 per-

302 2607 453 2680 tinentiis
478 2607 551 2678 suis
566 2608 679 2681 eidem
695 2609 856 2705 episeopo
873 2619 907 2683 et
926 2610 1069 2684 eeclesia
1087 2629 1149 2683 sue
1174 2607 1418 2682 confirmamus
1437 2617 1472 2682 et
1487 2610 1560 2682 suis
1574 2631 1711 2684 sucoss-

300 2729 449 2804 sorihus.
470 2731 650 2804 Sancimns
676 2733 779 2804 otiam
804 2743 844 2804 ut
868 2733 898 2806 si
920 2733 1015 2826 quod
1038 2732 1204 2830 seriptum
1226 2741 1278 2805 est
1299 2741 1416 2804 oontra
1435 2733 1494 2824 jus
1508 2735 1709 2808 volterrano

300 2855 442 2928 eoolesie
462 2855 499 2928 in
520 2855 683 2950 predictis
704 2857 780 2930 sive
805 2857 976 2931 indultum
1001 2857 1058 2930 vel
1084 2858 1273 2954 abaliquo
1298 2858 1448 2930 fortassis
1473 2857 1707 2954 inposterum

300 2979 402 3052 luerit
418 2979 649 3074 impetratum,
668 3002 803 3052 cassum
817 2991 852 3054 et
866 2981 987 3054 inutile
1003 2981 1182 3056 habeatur.

348 3104 457 3196 Hujus
474 3102 525 3176 rei
541 3113 644 3176 testes
657 3113 754 3192 sunt,
773 3113 840 3177 eto.

351 3833 578 3941 Fridarious,
592 3834 851 3918 Romanorum
865 3834 1084 3942 imperator,
1099 3835 1149 3916 ad
1161 3833 1381 3941 petitionem
1398 3833 1576 3917 Almerloi
1589 3833 1707 3918 abha-
1728 3878 1802 3933 μω,
1818 3890 1905 3923 mem.

297 3969 348 4052 tis
365 3968 492 4052 Sonoti
506 3967 632 4052 Severi
644 3969 693 4050 de
709 3967 841 4052 Classe
851 3965 963 4076 juxta
980 3969 1218 4072 Ravennam,
1236 3966 1347 4050 illum
1369 3965 1652 4049 cumfratribus
1669 3978 1707 4051 et
1745 3932 1891 3985 asama]

297 4101 598 4212 possessionibus
612 4101 783 4210 ejusdem
801 4101 1018 4183 monasterii
1036 4101 1076 4182 in
1093 4100 1279 4211 imperiali
1301 4125 1371 4182 sua
1388 4101 1619 4207 protectione
1635 4125 1704 4183 re-

297 4235 407 4344 cipit,
423 4234 553 4318 omnia
564 4233 796 4317 oonfirmans
807 4257 907 4343 quae
924 4233 1113 4318 habetvel
1129 4235 1337 4316 decaetero
1349 4231 1486 4341 poterit
1500 4232 1656 4342 adipisoi
1668 4244 1706 4316 et

297 4394 397 4479 quae
412 4394 435 4451 e
453 4366 804 4478 praedmessoribus
818 4366 898 4450 suis
911 4377 978 4450 aut
990 4366 1040 4450 ab
1055 4366 1139 4450 aliie
1152 4391 1220 4476 per
1237 4365 1497 4450 oonoessiones
1509 4375 1622 4450 tenet.

357 4583 483 4658 (Edlder.
500 4583 690 4644 Mirrmnnr
711 4587 742 4642 et
764 4581 954 4655 Coeranum,
968 4578 1079 4642 Amol.
1098 4577 1244 4656 camald„
1259 4581 1397 4659 t.1v,p.
1415 4587 1490 4654 att,
1505 4596 1544 4641 ex
1563 4581 1706 4644 mbularlo
