<?xml version="1.0" encoding="UTF-8"?>
<!DOCTYPE html PUBLIC "-//W3C//DTD XHTML 1.0 Transitional//EN"
    "http://www.w3.org/TR/xhtml1/DTD/xhtml1-transitional.dtd">
<html xmlns="http://www.w3.org/1999/xhtml" xml:lang="en" lang="en">
 <head>
  <title>
</title>
<meta http-equiv="Content-Type" content="text/html;charset=utf-8" />
  <meta name='ocr-system' content='tesseract 3.04.00' />
  <meta name='ocr-capabilities' content='ocr_page ocr_carea ocr_par ocr_line ocrx_word'/>
</head>
<body>
  <div class='ocr_page' id='page_1' title='image "./historiadiploma08fredgoog_0170.png"; bbox 0 0 4368 5876; ppageno 0'>
   <div class='ocr_carea' id='block_1_1' title="bbox 508 556 1919 636">
    <p class='ocr_par' dir='ltr' id='par_1_1' title="bbox 508 556 1919 636">
     <span class='ocr_line' id='line_1_1' title="bbox 508 556 1919 636; baseline -0.004 -14"><span class='ocrx_word' id='word_1_1' title='bbox 508 563 565 622; x_wconf 77' lang='lat'><strong>158</strong></span> <span class='ocrx_word' id='word_1_2' title='bbox 1015 558 1228 621; x_wconf 74' lang='lat' dir='ltr'><strong>rutnuatct</strong></span> <span class='ocrx_word' id='word_1_3' title='bbox 1253 557 1426 618; x_wconf 75' lang='lat' dir='ltr'><strong>secutam</strong></span> <span class='ocrx_word' id='word_1_4' title='bbox 1736 556 1815 636; x_wconf 74' lang='lat' dir='ltr'><strong>[dant.</strong></span> <span class='ocrx_word' id='word_1_5' title='bbox 1835 556 1919 618; x_wconf 79' lang='lat'>1221.</span> 
     </span>
    </p>
   </div>
   <div class='ocr_carea' id='block_1_2' title="bbox 506 691 1925 1546">
    <p class='ocr_par' dir='ltr' id='par_1_2' title="bbox 506 691 1925 1546">
     <span class='ocr_line' id='line_1_2' title="bbox 508 691 1922 791; baseline -0.002 -22"><span class='ocrx_word' id='word_1_6' title='bbox 508 697 664 770; x_wconf 81' lang='lat' dir='ltr'>sentibus</span> <span class='ocrx_word' id='word_1_7' title='bbox 682 717 787 790; x_wconf 91' lang='lat' dir='ltr'><strong>quam</strong></span> <span class='ocrx_word' id='word_1_8' title='bbox 800 695 928 768; x_wconf 85' lang='lat' dir='ltr'><strong>tuturis</strong></span> <span class='ocrx_word' id='word_1_9' title='bbox 944 695 1041 791; x_wconf 87' lang='lat' dir='ltr'><strong>quod</strong></span> <span class='ocrx_word' id='word_1_10' title='bbox 1057 717 1121 768; x_wconf 87' lang='lat' dir='ltr'><strong>nos</strong></span> <span class='ocrx_word' id='word_1_11' title='bbox 1137 694 1361 768; x_wconf 77' lang='lat' dir='ltr'><strong>meditatione</strong></span> <span class='ocrx_word' id='word_1_12' title='bbox 1377 693 1531 789; x_wconf 88' lang='lat' dir='ltr'><strong>piissima</strong></span> <span class='ocrx_word' id='word_1_13' title='bbox 1548 691 1762 766; x_wconf 86' lang='lat' dir='ltr'><strong>attendentes</strong></span> <span class='ocrx_word' id='word_1_14' title='bbox 1778 693 1922 787; x_wconf 78' lang='lat' dir='ltr'><strong>qualiter</strong></span> 
     </span>
     <span class='ocr_line' id='line_1_3' title="bbox 507 816 1923 915; baseline -0.003 -20"><span class='ocrx_word' id='word_1_15' title='bbox 507 843 605 895; x_wconf 85' lang='lat' dir='ltr'><strong>sacra</strong></span> <span class='ocrx_word' id='word_1_16' title='bbox 629 821 754 894; x_wconf 88' lang='lat' dir='ltr'><strong>domus</strong></span> <span class='ocrx_word' id='word_1_17' title='bbox 773 819 954 915; x_wconf 86' lang='lat' dir='ltr'><strong>hospitalis</strong></span> <span class='ocrx_word' id='word_1_18' title='bbox 977 823 1100 894; x_wconf 84' lang='lat' dir='ltr'><strong>Sancte</strong></span> <span class='ocrx_word' id='word_1_19' title='bbox 1119 819 1224 893; x_wconf 89' lang='lat' dir='ltr'><strong>blarie</strong></span> <span class='ocrx_word' id='word_1_20' title='bbox 1245 819 1508 892; x_wconf 84' lang='lat' dir='ltr'><strong>Teutoniccrum</strong></span> <span class='ocrx_word' id='word_1_21' title='bbox 1532 816 1568 888; x_wconf 91' lang='lat' dir='ltr'><strong>in</strong></span> <span class='ocrx_word' id='word_1_22' title='bbox 1588 818 1776 892; x_wconf 87' lang='lat' dir='ltr'><strong>Jerusalem</strong></span> <span class='ocrx_word' id='word_1_23' title='bbox 1798 840 1819 890; x_wconf 92' lang='lat' dir='ltr'><strong>a</strong></span> <span class='ocrx_word' id='word_1_24' title='bbox 1840 818 1923 892; x_wconf 88' lang='lat' dir='ltr'><strong>divo</strong></span> 
     </span>
     <span class='ocr_line' id='line_1_4' title="bbox 506 924 1921 1043; baseline -0.002 -24"><span class='ocrx_word' id='word_1_25' title='bbox 506 947 684 1042; x_wconf 88' lang='lat' dir='ltr'><strong>quondam</strong></span> <span class='ocrx_word' id='word_1_26' title='bbox 704 955 852 1040; x_wconf 78' lang='lat' dir='ltr'><strong>augrusto</strong></span> <span class='ocrx_word' id='word_1_27' title='bbox 869 924 1011 1020; x_wconf 83' lang='lat' dir='ltr'><strong>domino</strong></span> <span class='ocrx_word' id='word_1_28' title='bbox 1025 946 1232 1043; x_wconf 82' lang='lat' dir='ltr'><strong>imperatore</strong></span> <span class='ocrx_word' id='word_1_29' title='bbox 1244 944 1417 1018; x_wconf 84' lang='lat' dir='ltr'><strong>Friderioo</strong></span> <span class='ocrx_word' id='word_1_30' title='bbox 1432 967 1500 1018; x_wconf 89' lang='lat' dir='ltr'><strong>avo</strong></span> <span class='ocrx_word' id='word_1_31' title='bbox 1518 953 1634 1017; x_wconf 89' lang='lat' dir='ltr'><strong>nostro</strong></span> <span class='ocrx_word' id='word_1_32' title='bbox 1648 943 1784 1039; x_wconf 89' lang='lat' dir='ltr'><strong>pietatis</strong></span> <span class='ocrx_word' id='word_1_33' title='bbox 1797 945 1921 1017; x_wconf 89' lang='lat' dir='ltr'><strong>intuitu</strong></span> 
     </span>
     <span class='ocr_line' id='line_1_5' title="bbox 509 1068 1923 1168; baseline -0.004 -23"><span class='ocrx_word' id='word_1_34' title='bbox 509 1082 699 1168; x_wconf 78' lang='lat' dir='ltr'><strong>propagata</strong></span> <span class='ocrx_word' id='word_1_35' title='bbox 721 1071 756 1142; x_wconf 89' lang='lat' dir='ltr'><strong>in</strong></span> <span class='ocrx_word' id='word_1_36' title='bbox 774 1070 979 1168; x_wconf 79' lang='lat' dir='ltr'><strong>multiplices</strong></span> <span class='ocrx_word' id='word_1_37' title='bbox 998 1073 1132 1143; x_wconf 82' lang='lat' dir='ltr'><strong>tructus</strong></span> <span class='ocrx_word' id='word_1_38' title='bbox 1149 1069 1279 1168; x_wconf 88' lang='lat' dir='ltr'><strong>prodiit</strong></span> <span class='ocrx_word' id='word_1_39' title='bbox 1295 1069 1402 1142; x_wconf 91' lang='lat' dir='ltr'><strong>laude</strong></span> <span class='ocrx_word' id='word_1_40' title='bbox 1421 1069 1546 1163; x_wconf 78' lang='lat' dir='ltr'><strong>dignos</strong></span> <span class='ocrx_word' id='word_1_41' title='bbox 1563 1078 1599 1142; x_wconf 89' lang='lat' dir='ltr'><strong>et</strong></span> <span class='ocrx_word' id='word_1_42' title='bbox 1616 1092 1636 1141; x_wconf 89' lang='lat' dir='ltr'><strong>a</strong></span> <span class='ocrx_word' id='word_1_43' title='bbox 1654 1068 1794 1142; x_wconf 88' lang='lat' dir='ltr'><strong>dominc</strong></span> <span class='ocrx_word' id='word_1_44' title='bbox 1813 1090 1923 1163; x_wconf 93' lang='lat' dir='ltr'><strong>quon·</strong></span> 
     </span>
     <span class='ocr_line' id='line_1_6' title="bbox 510 1193 1924 1291; baseline -0.003 -23"><span class='ocrx_word' id='word_1_45' title='bbox 510 1194 590 1268; x_wconf 91' lang='lat' dir='ltr'><strong>dam</strong></span> <span class='ocrx_word' id='word_1_46' title='bbox 611 1195 815 1290; x_wconf 79' lang='lat' dir='ltr'><strong>imperatore</strong></span> <span class='ocrx_word' id='word_1_47' title='bbox 834 1194 981 1268; x_wconf 86' lang='lat' dir='ltr'><strong>ilenrico</strong></span> <span class='ocrx_word' id='word_1_48' title='bbox 999 1195 1117 1267; x_wconf 89' lang='lat' dir='ltr'><strong>inclite</strong></span> <span class='ocrx_word' id='word_1_49' title='bbox 1132 1193 1380 1267; x_wconf 89' lang='lat' dir='ltr'><strong>recordationis</strong></span> <span class='ocrx_word' id='word_1_50' title='bbox 1397 1203 1494 1291; x_wconf 90' lang='lat' dir='ltr'><strong>patre</strong></span> <span class='ocrx_word' id='word_1_51' title='bbox 1508 1203 1623 1267; x_wconf 87' lang='lat' dir='ltr'><strong>nostro</strong></span> <span class='ocrx_word' id='word_1_52' title='bbox 1640 1194 1744 1266; x_wconf 89' lang='lat' dir='ltr'><strong>rebus</strong></span> <span class='ocrx_word' id='word_1_53' title='bbox 1758 1217 1800 1266; x_wconf 88' lang='lat' dir='ltr'><strong>ao</strong></span> <span class='ocrx_word' id='word_1_54' title='bbox 1819 1193 1924 1266; x_wconf 91' lang='lat' dir='ltr'><strong>liber-</strong></span> 
     </span>
     <span class='ocr_line' id='line_1_7' title="bbox 508 1318 1925 1415; baseline 0 -23"><span class='ocrx_word' id='word_1_55' title='bbox 508 1319 637 1392; x_wconf 84' lang='lat' dir='ltr'><strong>tatibus</strong></span> <span class='ocrx_word' id='word_1_56' title='bbox 675 1319 870 1415; x_wconf 91' lang='lat' dir='ltr'><strong>premunita</strong></span> <span class='ocrx_word' id='word_1_57' title='bbox 909 1319 1160 1393; x_wconf 88' lang='lat' dir='ltr'><strong>incrementum</strong></span> <span class='ocrx_word' id='word_1_58' title='bbox 1197 1318 1351 1414; x_wconf 87' lang='lat' dir='ltr'><strong>suscepit</strong></span> <span class='ocrx_word' id='word_1_59' title='bbox 1382 1318 1603 1414; x_wconf 80' lang='lat' dir='ltr'><strong>spiritualiter</strong></span> <span class='ocrx_word' id='word_1_60' title='bbox 1632 1328 1667 1390; x_wconf 90' lang='lat' dir='ltr'><strong>et</strong></span> <span class='ocrx_word' id='word_1_61' title='bbox 1698 1319 1925 1413; x_wconf 89' lang='lat' dir='ltr'><strong>temporaliter</strong></span> 
     </span>
     <span class='ocr_line' id='line_1_8' title="bbox 508 1441 1924 1546; baseline -0.001 -30"><span class='ocrx_word' id='word_1_62' title='bbox 508 1445 654 1517; x_wconf 88' lang='lat' dir='ltr'><strong>Domino</strong></span> <span class='ocrx_word' id='word_1_63' title='bbox 672 1443 874 1518; x_wconf 80' lang='lat' dir='ltr'><strong>famulando</strong></span> <span class='ocrx_word' id='word_1_64' title='bbox 893 1452 928 1518; x_wconf 92' lang='lat' dir='ltr'><strong>et</strong></span> <span class='ocrx_word' id='word_1_65' title='bbox 943 1467 1026 1539; x_wconf 79' lang='lat' dir='ltr'><strong>erga</strong></span> <span class='ocrx_word' id='word_1_66' title='bbox 1045 1454 1196 1516; x_wconf 87' lang='lat' dir='ltr'><strong>nostram</strong></span> <span class='ocrx_word' id='word_1_67' title='bbox 1213 1441 1505 1546; x_wconf 82' lang='lat' dir='ltr'><strong>magnificentiam</strong></span> <span class='ocrx_word' id='word_1_68' title='bbox 1526 1443 1669 1515; x_wconf 77' lang='lat' dir='ltr'><strong>fratrum</strong></span> <span class='ocrx_word' id='word_1_69' title='bbox 1688 1441 1924 1515; x_wconf 88' lang='lat' dir='ltr'><strong>dedicatorum</strong></span> 
     </span>
    </p>
   </div>
   <div class='ocr_carea' id='block_1_3' title="bbox 508 1568 1937 4782">
    <p class='ocr_par' dir='ltr' id='par_1_3' title="bbox 508 1568 1935 4406">
     <span class='ocr_line' id='line_1_9' title="bbox 509 1568 1925 1666; baseline 0 -25"><span class='ocrx_word' id='word_1_70' title='bbox 509 1569 641 1644; x_wconf 89' lang='lat' dir='ltr'><strong>ibidem</strong></span> <span class='ocrx_word' id='word_1_71' title='bbox 660 1569 708 1643; x_wconf 91' lang='lat' dir='ltr'><strong>ad</strong></span> <span class='ocrx_word' id='word_1_72' title='bbox 725 1569 846 1642; x_wconf 82' lang='lat' dir='ltr'><strong>divina</strong></span> <span class='ocrx_word' id='word_1_73' title='bbox 865 1570 1011 1644; x_wconf 86' lang='lat' dir='ltr'><strong>servicia</strong></span> <span class='ocrx_word' id='word_1_74' title='bbox 1030 1591 1111 1642; x_wconf 90' lang='lat' dir='ltr'><strong>cum</strong></span> <span class='ocrx_word' id='word_1_75' title='bbox 1133 1569 1204 1643; x_wconf 89' lang='lat' dir='ltr'><strong>fide</strong></span> <span class='ocrx_word' id='word_1_76' title='bbox 1223 1569 1362 1643; x_wconf 90' lang='lat' dir='ltr'><strong>devotio</strong></span> <span class='ocrx_word' id='word_1_77' title='bbox 1383 1591 1517 1666; x_wconf 84' lang='lat' dir='ltr'><strong>semper</strong></span> <span class='ocrx_word' id='word_1_78' title='bbox 1537 1568 1661 1658; x_wconf 83' lang='lat' dir='ltr'><strong>crevit,</strong></span> <span class='ocrx_word' id='word_1_79' title='bbox 1682 1589 1816 1639; x_wconf 86' lang='lat' dir='ltr'><strong>necnon</strong></span> <span class='ocrx_word' id='word_1_80' title='bbox 1838 1569 1925 1641; x_wconf 85' lang='lat' dir='ltr'><strong>cele·</strong></span> 
     </span>
     <span class='ocr_line' id='line_1_10' title="bbox 508 1691 1925 1790; baseline -0.003 -22"><span class='ocrx_word' id='word_1_81' title='bbox 508 1696 606 1768; x_wconf 92' lang='lat' dir='ltr'><strong>brem</strong></span> <span class='ocrx_word' id='word_1_82' title='bbox 622 1693 729 1767; x_wconf 90' lang='lat' dir='ltr'><strong>vitam</strong></span> <span class='ocrx_word' id='word_1_83' title='bbox 747 1701 782 1766; x_wconf 88' lang='lat' dir='ltr'><strong>et</strong></span> <span class='ocrx_word' id='word_1_84' title='bbox 797 1693 941 1766; x_wconf 81' lang='lat' dir='ltr'><strong>honeste</strong></span> <span class='ocrx_word' id='word_1_85' title='bbox 954 1694 1130 1790; x_wconf 77' lang='lat' dir='ltr'><strong>religionis</strong></span> <span class='ocrx_word' id='word_1_86' title='bbox 1147 1695 1279 1767; x_wconf 91' lang='lat' dir='ltr'><strong>cultum</strong></span> <span class='ocrx_word' id='word_1_87' title='bbox 1300 1694 1428 1790; x_wconf 88' lang='lat' dir='ltr'><strong>quibua</strong></span> <span class='ocrx_word' id='word_1_88' title='bbox 1445 1693 1591 1768; x_wconf 90' lang='lat' dir='ltr'><strong>dilectus</strong></span> <span class='ocrx_word' id='word_1_89' title='bbox 1609 1691 1708 1766; x_wconf 88' lang='lat' dir='ltr'><strong>nobis</strong></span> <span class='ocrx_word' id='word_1_90' title='bbox 1727 1692 1763 1762; x_wconf 91' lang='lat' dir='ltr'><strong>in</strong></span> <span class='ocrx_word' id='word_1_91' title='bbox 1781 1693 1925 1765; x_wconf 90' lang='lat' dir='ltr'><strong>Domino</strong></span> 
     </span>
     <span class='ocr_line' id='line_1_11' title="bbox 510 1817 1924 1915; baseline 0 -25"><span class='ocrx_word' id='word_1_92' title='bbox 510 1819 614 1891; x_wconf 82' lang='lat' dir='ltr'><strong>frater</strong></span> <span class='ocrx_word' id='word_1_93' title='bbox 629 1821 845 1890; x_wconf 84' lang='lat' dir='ltr'><strong>Hermannus</strong></span> <span class='ocrx_word' id='word_1_94' title='bbox 862 1819 1026 1914; x_wconf 84' lang='lat' dir='ltr'><strong>magister</strong></span> <span class='ocrx_word' id='word_1_95' title='bbox 1049 1819 1226 1915; x_wconf 87' lang='lat' dir='ltr'><strong>hospitalis</strong></span> <span class='ocrx_word' id='word_1_96' title='bbox 1244 1819 1399 1913; x_wconf 89' lang='lat' dir='ltr'><strong>ejusdem</strong></span> <span class='ocrx_word' id='word_1_97' title='bbox 1419 1827 1454 1891; x_wconf 90' lang='lat' dir='ltr'><strong>et</strong></span> <span class='ocrx_word' id='word_1_98' title='bbox 1476 1819 1596 1892; x_wconf 82' lang='lat' dir='ltr'><strong>fratres</strong></span> <span class='ocrx_word' id='word_1_99' title='bbox 1614 1817 1669 1890; x_wconf 91' lang='lat' dir='ltr'><strong>sui</strong></span> <span class='ocrx_word' id='word_1_100' title='bbox 1688 1817 1818 1890; x_wconf 90' lang='lat' dir='ltr'><strong>clarere</strong></span> <span class='ocrx_word' id='word_1_101' title='bbox 1839 1839 1924 1890; x_wconf 84' lang='lat' dir='ltr'><strong>uos-</strong></span> 
     </span>
     <span class='ocr_line' id='line_1_12' title="bbox 510 1943 1927 2040; baseline 0 -26"><span class='ocrx_word' id='word_1_102' title='bbox 510 1953 650 2032; x_wconf 92' lang='lat' dir='ltr'><strong>cuntur,</strong></span> <span class='ocrx_word' id='word_1_103' title='bbox 673 1943 808 2016; x_wconf 88' lang='lat' dir='ltr'><strong>labores</strong></span> <span class='ocrx_word' id='word_1_104' title='bbox 825 1943 929 2016; x_wconf 88' lang='lat' dir='ltr'><strong>etiam</strong></span> <span class='ocrx_word' id='word_1_105' title='bbox 949 1953 984 2017; x_wconf 93' lang='lat' dir='ltr'><strong>et</strong></span> <span class='ocrx_word' id='word_1_106' title='bbox 999 1943 1144 2018; x_wconf 89' lang='lat' dir='ltr'><strong>sudores</strong></span> <span class='ocrx_word' id='word_1_107' title='bbox 1162 1944 1321 2018; x_wconf 84' lang='lat' dir='ltr'><strong>assiduos</strong></span> <span class='ocrx_word' id='word_1_108' title='bbox 1341 1965 1430 2040; x_wconf 88' lang='lat' dir='ltr'><strong>quoe</strong></span> <span class='ocrx_word' id='word_1_109' title='bbox 1450 1965 1514 2040; x_wconf 92' lang='lat' dir='ltr'><strong>pro</strong></span> <span class='ocrx_word' id='word_1_110' title='bbox 1529 1943 1599 2018; x_wconf 85' lang='lat' dir='ltr'><strong>fide</strong></span> <span class='ocrx_word' id='word_1_111' title='bbox 1615 1943 1877 2016; x_wconf 88' lang='lat' dir='ltr'><strong>christianorum</strong></span> <span class='ocrx_word' id='word_1_112' title='bbox 1892 1956 1927 2016; x_wconf 90' lang='lat' dir='ltr'><strong>et</strong></span> 
     </span>
     <span class='ocr_line' id='line_1_13' title="bbox 511 2067 1925 2165; baseline 0.003 -28"><span class='ocrx_word' id='word_1_113' title='bbox 511 2067 620 2161; x_wconf 80' lang='lat' dir='ltr'><strong>gloria</strong></span> <span class='ocrx_word' id='word_1_114' title='bbox 634 2067 806 2140; x_wconf 88' lang='lat' dir='ltr'><strong>sustinent</strong></span> <span class='ocrx_word' id='word_1_115' title='bbox 824 2067 1047 2158; x_wconf 86' lang='lat' dir='ltr'><strong>incessanter,</strong></span> <span class='ocrx_word' id='word_1_116' title='bbox 1064 2091 1126 2165; x_wconf 91' lang='lat' dir='ltr'><strong>pro</strong></span> <span class='ocrx_word' id='word_1_117' title='bbox 1143 2069 1296 2143; x_wconf 81' lang='lat' dir='ltr'><strong>remedio</strong></span> <span class='ocrx_word' id='word_1_118' title='bbox 1314 2071 1506 2143; x_wconf 90' lang='lat' dir='ltr'><strong>animarum</strong></span> <span class='ocrx_word' id='word_1_119' title='bbox 1525 2069 1684 2142; x_wconf 88' lang='lat' dir='ltr'><strong>divorum</strong></span> <span class='ocrx_word' id='word_1_120' title='bbox 1703 2078 1925 2163; x_wconf 78' lang='lat' dir='ltr'><strong>angustorum</strong></span> 
     </span>
     <span class='ocr_line' id='line_1_14' title="bbox 510 2191 1926 2288; baseline 0 -24"><span class='ocrx_word' id='word_1_121' title='bbox 510 2191 770 2286; x_wconf 77' lang='lat' dir='ltr'><strong>progenitorum</strong></span> <span class='ocrx_word' id='word_1_122' title='bbox 789 2201 983 2265; x_wconf 87' lang='lat' dir='ltr'><strong>nostrorum</strong></span> <span class='ocrx_word' id='word_1_123' title='bbox 1004 2193 1168 2266; x_wconf 89' lang='lat' dir='ltr'><strong>memorie</strong></span> <span class='ocrx_word' id='word_1_124' title='bbox 1184 2192 1366 2266; x_wconf 89' lang='lat' dir='ltr'><strong>recolende</strong></span> <span class='ocrx_word' id='word_1_125' title='bbox 1379 2201 1414 2265; x_wconf 90' lang='lat' dir='ltr'><strong>et</strong></span> <span class='ocrx_word' id='word_1_126' title='bbox 1430 2201 1622 2288; x_wconf 86' lang='lat' dir='ltr'><strong>prunestre</strong></span> <span class='ocrx_word' id='word_1_127' title='bbox 1637 2192 1758 2264; x_wconf 89' lang='lat' dir='ltr'><strong>salutis</strong></span> <span class='ocrx_word' id='word_1_128' title='bbox 1772 2193 1926 2287; x_wconf 80' lang='lat' dir='ltr'><strong>etgloric</strong></span> 
     </span>
     <span class='ocr_line' id='line_1_15' title="bbox 511 2315 1927 2412; baseline 0.002 -25"><span class='ocrx_word' id='word_1_129' title='bbox 511 2315 723 2389; x_wconf 87' lang='lat' dir='ltr'><strong>incremento</strong></span> <span class='ocrx_word' id='word_1_130' title='bbox 738 2338 780 2389; x_wconf 90' lang='lat' dir='ltr'><strong>ac</strong></span> <span class='ocrx_word' id='word_1_131' title='bbox 798 2316 977 2412; x_wconf 88' lang='lat' dir='ltr'><strong>hospitalis</strong></span> <span class='ocrx_word' id='word_1_132' title='bbox 991 2317 1149 2410; x_wconf 90' lang='lat' dir='ltr'><strong>ejusdem</strong></span> <span class='ocrx_word' id='word_1_133' title='bbox 1169 2327 1356 2412; x_wconf 78' lang='lat' dir='ltr'><strong>augmento</strong></span> <span class='ocrx_word' id='word_1_134' title='bbox 1381 2317 1566 2390; x_wconf 86' lang='lat' dir='ltr'><strong>liberaliter</strong></span> <span class='ocrx_word' id='word_1_135' title='bbox 1583 2315 1823 2406; x_wconf 90' lang='lat' dir='ltr'><strong>intendentes,</strong></span> <span class='ocrx_word' id='word_1_136' title='bbox 1840 2339 1927 2390; x_wconf 92' lang='lat' dir='ltr'><strong>con-</strong></span> 
     </span>
     <span class='ocr_line' id='line_1_16' title="bbox 511 2440 1927 2539; baseline 0.001 -26"><span class='ocrx_word' id='word_1_137' title='bbox 511 2440 681 2530; x_wconf 89' lang='lat' dir='ltr'><strong>cedimus,</strong></span> <span class='ocrx_word' id='word_1_138' title='bbox 702 2440 874 2513; x_wconf 85' lang='lat' dir='ltr'><strong>donamus</strong></span> <span class='ocrx_word' id='word_1_139' title='bbox 888 2450 923 2514; x_wconf 89' lang='lat' dir='ltr'><strong>et</strong></span> <span class='ocrx_word' id='word_1_140' title='bbox 941 2442 1196 2537; x_wconf 91' lang='lat' dir='ltr'><strong>inperpetuum</strong></span> <span class='ocrx_word' id='word_1_141' title='bbox 1214 2440 1458 2514; x_wconf 83' lang='lat' dir='ltr'><strong>confirmamus</strong></span> <span class='ocrx_word' id='word_1_142' title='bbox 1478 2441 1591 2515; x_wconf 89' lang='lat' dir='ltr'><strong>eidem</strong></span> <span class='ocrx_word' id='word_1_143' title='bbox 1617 2441 1736 2514; x_wconf 90' lang='lat' dir='ltr'><strong>domui</strong></span> <span class='ocrx_word' id='word_1_144' title='bbox 1753 2442 1927 2539; x_wconf 87' lang='lat' dir='ltr'><strong>hospitalis</strong></span> 
     </span>
     <span class='ocr_line' id='line_1_17' title="bbox 511 2565 1928 2663; baseline 0.001 -24"><span class='ocrx_word' id='word_1_145' title='bbox 511 2565 655 2639; x_wconf 91' lang='lat' dir='ltr'><strong>domum</strong></span> <span class='ocrx_word' id='word_1_146' title='bbox 672 2565 708 2638; x_wconf 92' lang='lat' dir='ltr'><strong>in</strong></span> <span class='ocrx_word' id='word_1_147' title='bbox 726 2566 969 2640; x_wconf 89' lang='lat' dir='ltr'><strong>Sahsenhusen</strong></span> <span class='ocrx_word' id='word_1_148' title='bbox 986 2590 1067 2639; x_wconf 92' lang='lat' dir='ltr'><strong>cum</strong></span> <span class='ocrx_word' id='word_1_149' title='bbox 1086 2567 1247 2662; x_wconf 88' lang='lat' dir='ltr'><strong>hospitali</strong></span> <span class='ocrx_word' id='word_1_150' title='bbox 1263 2575 1298 2640; x_wconf 91' lang='lat' dir='ltr'><strong>et</strong></span> <span class='ocrx_word' id='word_1_151' title='bbox 1312 2567 1456 2640; x_wconf 88' lang='lat' dir='ltr'><strong>ecclesia</strong></span> <span class='ocrx_word' id='word_1_152' title='bbox 1470 2567 1702 2662; x_wconf 87' lang='lat' dir='ltr'><strong>omnibusque</strong></span> <span class='ocrx_word' id='word_1_153' title='bbox 1716 2567 1928 2663; x_wconf 88' lang='lat' dir='ltr'><strong>pertinentiis</strong></span> 
     </span>
     <span class='ocr_line' id='line_1_18' title="bbox 509 2689 1928 2788; baseline 0 -24"><span class='ocrx_word' id='word_1_154' title='bbox 509 2689 732 2782; x_wconf 91' lang='lat' dir='ltr'><strong>eorumdem,</strong></span> <span class='ocrx_word' id='word_1_155' title='bbox 750 2713 856 2786; x_wconf 89' lang='lat' dir='ltr'><strong>quam</strong></span> <span class='ocrx_word' id='word_1_156' title='bbox 884 2693 1047 2766; x_wconf 90' lang='lat' dir='ltr'><strong>videlicet</strong></span> <span class='ocrx_word' id='word_1_157' title='bbox 1068 2692 1212 2766; x_wconf 89' lang='lat' dir='ltr'><strong>domum</strong></span> <span class='ocrx_word' id='word_1_158' title='bbox 1239 2691 1441 2788; x_wconf 86' lang='lat' dir='ltr'><strong>hospitalem</strong></span> <span class='ocrx_word' id='word_1_159' title='bbox 1465 2703 1500 2765; x_wconf 91' lang='lat' dir='ltr'><strong>et</strong></span> <span class='ocrx_word' id='word_1_160' title='bbox 1525 2692 1704 2764; x_wconf 89' lang='lat' dir='ltr'><strong>ecclesiam</strong></span> <span class='ocrx_word' id='word_1_161' title='bbox 1725 2693 1860 2766; x_wconf 90' lang='lat' dir='ltr'><strong>Ulricus</strong></span> <span class='ocrx_word' id='word_1_162' title='bbox 1885 2691 1928 2765; x_wconf 91' lang='lat' dir='ltr'><strong>de</strong></span> 
     </span>
     <span class='ocr_line' id='line_1_19' title="bbox 510 2813 1928 2913; baseline 0.003 -27"><span class='ocrx_word' id='word_1_163' title='bbox 510 2813 741 2887; x_wconf 88' lang='lat' dir='ltr'><strong>hlincemberc</strong></span> <span class='ocrx_word' id='word_1_164' title='bbox 758 2816 859 2888; x_wconf 88' lang='lat' dir='ltr'><strong>nobis</strong></span> <span class='ocrx_word' id='word_1_165' title='bbox 885 2816 1030 2889; x_wconf 90' lang='lat' dir='ltr'><strong>contulit</strong></span> <span class='ocrx_word' id='word_1_166' title='bbox 1053 2815 1144 2890; x_wconf 90' lang='lat' dir='ltr'><strong>dicte</strong></span> <span class='ocrx_word' id='word_1_167' title='bbox 1165 2817 1285 2890; x_wconf 91' lang='lat' dir='ltr'><strong>domui</strong></span> <span class='ocrx_word' id='word_1_168' title='bbox 1310 2817 1489 2913; x_wconf 88' lang='lat' dir='ltr'><strong>hospitalis</strong></span> <span class='ocrx_word' id='word_1_169' title='bbox 1511 2816 1618 2892; x_wconf 84' lang='lat' dir='ltr'><strong>libere</strong></span> <span class='ocrx_word' id='word_1_170' title='bbox 1639 2818 1861 2891; x_wconf 84' lang='lat' dir='ltr'><strong>conterenda.</strong></span> <span class='ocrx_word' id='word_1_171' title='bbox 1880 2819 1928 2890; x_wconf 88' lang='lat' dir='ltr'><strong>De</strong></span> 
     </span>
     <span class='ocr_line' id='line_1_20' title="bbox 511 2937 1928 3039; baseline 0.004 -30"><span class='ocrx_word' id='word_1_172' title='bbox 511 2937 632 3031; x_wconf 75' lang='lat' dir='ltr'><strong>maiori</strong></span> <span class='ocrx_word' id='word_1_173' title='bbox 655 2959 795 3033; x_wconf 91' lang='lat' dir='ltr'><strong>quoque</strong></span> <span class='ocrx_word' id='word_1_174' title='bbox 814 2940 924 3033; x_wconf 80' lang='lat' dir='ltr'><strong>gratia</strong></span> <span class='ocrx_word' id='word_1_175' title='bbox 947 2950 1062 3014; x_wconf 87' lang='lat' dir='ltr'><strong>nostra</strong></span> <span class='ocrx_word' id='word_1_176' title='bbox 1080 2941 1223 3034; x_wconf 87' lang='lat' dir='ltr'><strong>damus,</strong></span> <span class='ocrx_word' id='word_1_177' title='bbox 1240 2943 1464 3017; x_wconf 87' lang='lat' dir='ltr'><strong>concedimus</strong></span> <span class='ocrx_word' id='word_1_178' title='bbox 1476 2952 1511 3016; x_wconf 90' lang='lat' dir='ltr'><strong>et</strong></span> <span class='ocrx_word' id='word_1_179' title='bbox 1526 2943 1561 3015; x_wconf 91' lang='lat' dir='ltr'><strong>in</strong></span> <span class='ocrx_word' id='word_1_180' title='bbox 1578 2953 1784 3039; x_wconf 88' lang='lat' dir='ltr'><strong>perpetuum</strong></span> <span class='ocrx_word' id='word_1_181' title='bbox 1799 2941 1928 3016; x_wconf 89' lang='lat' dir='ltr'><strong>confir-</strong></span> 
     </span>
     <span class='ocr_line' id='line_1_21' title="bbox 511 3062 1928 3164; baseline 0.007 -32"><span class='ocrx_word' id='word_1_182' title='bbox 511 3083 648 3134; x_wconf 86' lang='lat' dir='ltr'><strong>mamus</strong></span> <span class='ocrx_word' id='word_1_183' title='bbox 665 3062 778 3136; x_wconf 92' lang='lat' dir='ltr'><strong>eidem</strong></span> <span class='ocrx_word' id='word_1_184' title='bbox 799 3063 920 3137; x_wconf 93' lang='lat' dir='ltr'><strong>domui</strong></span> <span class='ocrx_word' id='word_1_185' title='bbox 944 3065 1105 3162; x_wconf 87' lang='lat' dir='ltr'><strong>hospitali</strong></span> <span class='ocrx_word' id='word_1_186' title='bbox 1128 3089 1286 3141; x_wconf 87' lang='lat' dir='ltr'><strong>maneum</strong></span> <span class='ocrx_word' id='word_1_187' title='bbox 1311 3090 1421 3141; x_wconf 91' lang='lat' dir='ltr'><strong>unum</strong></span> <span class='ocrx_word' id='word_1_188' title='bbox 1444 3068 1480 3140; x_wconf 95' lang='lat' dir='ltr'><strong>in</strong></span> <span class='ocrx_word' id='word_1_189' title='bbox 1499 3068 1667 3141; x_wconf 90' lang='lat' dir='ltr'><strong>territorio</strong></span> <span class='ocrx_word' id='word_1_190' title='bbox 1685 3069 1804 3164; x_wconf 91' lang='lat' dir='ltr'><strong>oppidi</strong></span> <span class='ocrx_word' id='word_1_191' title='bbox 1822 3068 1928 3142; x_wconf 83' lang='lat' dir='ltr'><strong>nostri</strong></span> 
     </span>
     <span class='ocr_line' id='line_1_22' title="bbox 510 3187 1926 3290; baseline 0.004 -32"><span class='ocrx_word' id='word_1_192' title='bbox 510 3187 827 3260; x_wconf 85' lang='lat' dir='ltr'><strong>Franhenlortensis</strong></span> <span class='ocrx_word' id='word_1_193' title='bbox 843 3197 878 3260; x_wconf 91' lang='lat' dir='ltr'><strong>et</strong></span> <span class='ocrx_word' id='word_1_194' title='bbox 893 3189 981 3262; x_wconf 88' lang='lat' dir='ltr'><strong>duas</strong></span> <span class='ocrx_word' id='word_1_195' title='bbox 995 3191 1153 3284; x_wconf 89' lang='lat' dir='ltr'><strong>quotidie</strong></span> <span class='ocrx_word' id='word_1_196' title='bbox 1168 3194 1372 3290; x_wconf 87' lang='lat' dir='ltr'><strong>plaustratas</strong></span> <span class='ocrx_word' id='word_1_197' title='bbox 1389 3193 1559 3265; x_wconf 89' lang='lat' dir='ltr'><strong>siccorum</strong></span> <span class='ocrx_word' id='word_1_198' title='bbox 1577 3192 1752 3286; x_wconf 77' lang='lat' dir='ltr'><strong>lignorum</strong></span> <span class='ocrx_word' id='word_1_199' title='bbox 1767 3192 1815 3275; x_wconf 87' lang='lat' dir='ltr'><strong>ad</strong></span> <span class='ocrx_word' id='word_1_200' title='bbox 1832 3215 1926 3266; x_wconf 89' lang='lat' dir='ltr'><strong>com·</strong></span> 
     </span>
     <span class='ocr_line' id='line_1_23' title="bbox 512 3312 1929 3414; baseline 0.004 -30"><span class='ocrx_word' id='word_1_201' title='bbox 512 3312 710 3386; x_wconf 91' lang='lat' dir='ltr'><strong>burendum</strong></span> <span class='ocrx_word' id='word_1_202' title='bbox 732 3322 766 3384; x_wconf 92' lang='lat' dir='ltr'><strong>et</strong></span> <span class='ocrx_word' id='word_1_203' title='bbox 784 3335 914 3408; x_wconf 85' lang='lat' dir='ltr'><strong>pascua</strong></span> <span class='ocrx_word' id='word_1_204' title='bbox 932 3315 1141 3389; x_wconf 86' lang='lat' dir='ltr'><strong>animalibus</strong></span> <span class='ocrx_word' id='word_1_205' title='bbox 1164 3321 1259 3411; x_wconf 88' lang='lat' dir='ltr'><strong>ejus,</strong></span> <span class='ocrx_word' id='word_1_206' title='bbox 1280 3317 1437 3413; x_wconf 83' lang='lat' dir='ltr'><strong>exceptis</strong></span> <span class='ocrx_word' id='word_1_207' title='bbox 1460 3318 1587 3390; x_wconf 85' lang='lat' dir='ltr'><strong>ovibus</strong></span> <span class='ocrx_word' id='word_1_208' title='bbox 1608 3327 1644 3392; x_wconf 92' lang='lat' dir='ltr'><strong>et</strong></span> <span class='ocrx_word' id='word_1_209' title='bbox 1665 3318 1868 3414; x_wconf 85' lang='lat' dir='ltr'><strong>pecoribus,</strong></span> <span class='ocrx_word' id='word_1_210' title='bbox 1894 3318 1929 3389; x_wconf 91' lang='lat' dir='ltr'><strong>in</strong></span> 
     </span>
     <span class='ocr_line' id='line_1_24' title="bbox 512 3435 1930 3535; baseline 0.004 -29"><span class='ocrx_word' id='word_1_211' title='bbox 512 3435 597 3507; x_wconf 90' lang='lat' dir='ltr'><strong>silva</strong></span> <span class='ocrx_word' id='word_1_212' title='bbox 614 3445 731 3508; x_wconf 87' lang='lat' dir='ltr'><strong>nostra</strong></span> <span class='ocrx_word' id='word_1_213' title='bbox 747 3459 818 3530; x_wconf 88' lang='lat' dir='ltr'><strong>que</strong></span> <span class='ocrx_word' id='word_1_214' title='bbox 838 3438 974 3531; x_wconf 90' lang='lat' dir='ltr'><strong>adjacet</strong></span> <span class='ocrx_word' id='word_1_215' title='bbox 990 3439 1057 3535; x_wconf 89' lang='lat' dir='ltr'><strong>ipsi</strong></span> <span class='ocrx_word' id='word_1_216' title='bbox 1079 3440 1155 3513; x_wconf 89' lang='lat' dir='ltr'><strong>looc</strong></span> <span class='ocrx_word' id='word_1_217' title='bbox 1173 3439 1210 3512; x_wconf 95' lang='lat' dir='ltr'><strong>in</strong></span> <span class='ocrx_word' id='word_1_218' title='bbox 1232 3441 1496 3514; x_wconf 89' lang='lat' dir='ltr'><strong>Sanhcnhusen.</strong></span> <span class='ocrx_word' id='word_1_219' title='bbox 1516 3445 1711 3516; x_wconf 80' lang='lat' dir='ltr'><strong>statuentes</strong></span> <span class='ocrx_word' id='word_1_220' title='bbox 1731 3451 1766 3514; x_wconf 89' lang='lat' dir='ltr'><strong>et</strong></span> <span class='ocrx_word' id='word_1_221' title='bbox 1783 3443 1850 3515; x_wconf 87' lang='lat' dir='ltr'><strong>snb</strong></span> <span class='ocrx_word' id='word_1_222' title='bbox 1869 3441 1930 3515; x_wconf 84' lang='lat' dir='ltr'><strong>ob</strong></span> 
     </span>
     <span class='ocr_line' id='line_1_25' title="bbox 514 3561 1932 3664; baseline 0.006 -32"><span class='ocrx_word' id='word_1_223' title='bbox 514 3569 608 3633; x_wconf 86' lang='lat' dir='ltr'><strong>tantu</strong></span> <span class='ocrx_word' id='word_1_224' title='bbox 626 3561 735 3655; x_wconf 83' lang='lat' dir='ltr'><strong>gratie</strong></span> <span class='ocrx_word' id='word_1_225' title='bbox 751 3570 865 3634; x_wconf 90' lang='lat' dir='ltr'><strong>nostre</strong></span> <span class='ocrx_word' id='word_1_226' title='bbox 883 3561 1026 3636; x_wconf 86' lang='lat' dir='ltr'><strong>firmiter</strong></span> <span class='ocrx_word' id='word_1_227' title='bbox 1047 3563 1241 3638; x_wconf 87' lang='lat' dir='ltr'><strong>inhibentes</strong></span> <span class='ocrx_word' id='word_1_228' title='bbox 1256 3567 1395 3660; x_wconf 91' lang='lat' dir='ltr'><strong>nequis</strong></span> <span class='ocrx_word' id='word_1_229' title='bbox 1413 3565 1523 3664; x_wconf 89' lang='lat' dir='ltr'><strong>ipsam</strong></span> <span class='ocrx_word' id='word_1_230' title='bbox 1541 3567 1684 3640; x_wconf 92' lang='lat' dir='ltr'><strong>domum</strong></span> <span class='ocrx_word' id='word_1_231' title='bbox 1701 3567 1882 3663; x_wconf 88' lang='lat' dir='ltr'><strong>hospitalis</strong></span> <span class='ocrx_word' id='word_1_232' title='bbox 1898 3575 1932 3640; x_wconf 81' lang='lat' dir='ltr'><strong>el</strong></span> 
     </span>
     <span class='ocr_line' id='line_1_26' title="bbox 512 3685 1932 3782; baseline 0.006 -26"><span class='ocrx_word' id='word_1_233' title='bbox 512 3685 633 3758; x_wconf 83' lang='lat' dir='ltr'><strong>tratres</strong></span> <span class='ocrx_word' id='word_1_234' title='bbox 645 3708 752 3782; x_wconf 89' lang='lat' dir='ltr'><strong>super</strong></span> <span class='ocrx_word' id='word_1_235' title='bbox 765 3685 832 3758; x_wconf 88' lang='lat' dir='ltr'><strong>hac</strong></span> <span class='ocrx_word' id='word_1_236' title='bbox 847 3697 963 3760; x_wconf 89' lang='lat' dir='ltr'><strong>nostra</strong></span> <span class='ocrx_word' id='word_1_237' title='bbox 977 3691 1212 3780; x_wconf 84' lang='lat' dir='ltr'><strong>concessione,</strong></span> <span class='ocrx_word' id='word_1_238' title='bbox 1231 3690 1418 3765; x_wconf 90' lang='lat' dir='ltr'><strong>donatione</strong></span> <span class='ocrx_word' id='word_1_239' title='bbox 1430 3701 1464 3766; x_wconf 91' lang='lat' dir='ltr'><strong>et</strong></span> <span class='ocrx_word' id='word_1_240' title='bbox 1480 3691 1739 3766; x_wconf 88' lang='lat' dir='ltr'><strong>confirmatione</strong></span> <span class='ocrx_word' id='word_1_241' title='bbox 1752 3693 1932 3766; x_wconf 88' lang='lat' dir='ltr'><strong>molestare</strong></span> 
     </span>
     <span class='ocr_line' id='line_1_27' title="bbox 514 3809 1933 3913; baseline 0.004 -31"><span class='ocrx_word' id='word_1_242' title='bbox 514 3810 570 3882; x_wconf 89' lang='lat' dir='ltr'><strong>vel</strong></span> <span class='ocrx_word' id='word_1_243' title='bbox 595 3809 701 3883; x_wconf 90' lang='lat' dir='ltr'><strong>modo</strong></span> <span class='ocrx_word' id='word_1_244' title='bbox 724 3811 879 3904; x_wconf 91' lang='lat' dir='ltr'><strong>quolibet</strong></span> <span class='ocrx_word' id='word_1_245' title='bbox 896 3815 1099 3906; x_wconf 86' lang='lat' dir='ltr'><strong>perturbare</strong></span> <span class='ocrx_word' id='word_1_246' title='bbox 1118 3825 1304 3910; x_wconf 86' lang='lat' dir='ltr'><strong>presumat.</strong></span> <span class='ocrx_word' id='word_1_247' title='bbox 1327 3816 1430 3902; x_wconf 88' lang='lat' dir='ltr'><strong>Quod</strong></span> <span class='ocrx_word' id='word_1_248' title='bbox 1449 3817 1512 3912; x_wconf 91' lang='lat' dir='ltr'><strong>qui</strong></span> <span class='ocrx_word' id='word_1_249' title='bbox 1534 3819 1796 3913; x_wconf 82' lang='lat' dir='ltr'><strong>presumpserit,</strong></span> <span class='ocrx_word' id='word_1_250' title='bbox 1814 3817 1851 3890; x_wconf 91' lang='lat' dir='ltr'><strong>in</strong></span> <span class='ocrx_word' id='word_1_251' title='bbox 1870 3838 1933 3889; x_wconf 89' lang='lat' dir='ltr'><strong>sue</strong></span> 
     </span>
     <span class='ocr_line' id='line_1_28' title="bbox 515 3933 1934 4037; baseline 0.006 -31"><span class='ocrx_word' id='word_1_252' title='bbox 515 3933 715 4007; x_wconf 88' lang='lat' dir='ltr'><strong>temeritatis</strong></span> <span class='ocrx_word' id='word_1_253' title='bbox 742 3934 934 4008; x_wconf 87' lang='lat' dir='ltr'><strong>vindictam</strong></span> <span class='ocrx_word' id='word_1_254' title='bbox 966 3947 1104 4011; x_wconf 88' lang='lat' dir='ltr'><strong>centum</strong></span> <span class='ocrx_word' id='word_1_255' title='bbox 1130 3939 1236 4012; x_wconf 89' lang='lat' dir='ltr'><strong>libras</strong></span> <span class='ocrx_word' id='word_1_256' title='bbox 1260 3941 1335 4013; x_wconf 89' lang='lat' dir='ltr'><strong>auri</strong></span> <span class='ocrx_word' id='word_1_257' title='bbox 1362 3951 1566 4037; x_wconf 88' lang='lat' dir='ltr'><strong>componat,</strong></span> <span class='ocrx_word' id='word_1_258' title='bbox 1593 3941 1779 4015; x_wconf 90' lang='lat' dir='ltr'><strong>dimidium</strong></span> <span class='ocrx_word' id='word_1_259' title='bbox 1800 3961 1934 4014; x_wconf 88' lang='lat' dir='ltr'><strong>camere</strong></span> 
     </span>
     <span class='ocr_line' id='line_1_29' title="bbox 515 4061 1935 4163; baseline 0.006 -31"><span class='ocrx_word' id='word_1_260' title='bbox 515 4069 629 4133; x_wconf 90' lang='lat' dir='ltr'><strong>nostre</strong></span> <span class='ocrx_word' id='word_1_261' title='bbox 652 4072 688 4135; x_wconf 89' lang='lat' dir='ltr'><strong>et</strong></span> <span class='ocrx_word' id='word_1_262' title='bbox 711 4061 898 4135; x_wconf 91' lang='lat' dir='ltr'><strong>dimidium</strong></span> <span class='ocrx_word' id='word_1_263' title='bbox 923 4063 1092 4160; x_wconf 87' lang='lat' dir='ltr'><strong>prelibato</strong></span> <span class='ocrx_word' id='word_1_264' title='bbox 1117 4065 1277 4162; x_wconf 88' lang='lat' dir='ltr'><strong>hospitali</strong></span> <span class='ocrx_word' id='word_1_265' title='bbox 1302 4089 1404 4163; x_wconf 87' lang='lat' dir='ltr'><strong>passo</strong></span> <span class='ocrx_word' id='word_1_266' title='bbox 1429 4067 1592 4162; x_wconf 91' lang='lat' dir='ltr'><strong>injuriam</strong></span> <span class='ocrx_word' id='word_1_267' title='bbox 1618 4076 1653 4141; x_wconf 93' lang='lat' dir='ltr'><strong>et</strong></span> <span class='ocrx_word' id='word_1_268' title='bbox 1676 4067 1855 4140; x_wconf 86' lang='lat' dir='ltr'><strong>offensam.</strong></span> <span class='ocrx_word' id='word_1_269' title='bbox 1879 4064 1935 4140; x_wconf 79' lang='lat' dir='ltr'><strong>nd</strong></span> 
     </span>
     <span class='ocr_line' id='line_1_30' title="bbox 515 4185 1933 4288; baseline 0.004 -31"><span class='ocrx_word' id='word_1_270' title='bbox 515 4185 616 4278; x_wconf 90' lang='lat' dir='ltr'><strong>cujus</strong></span> <span class='ocrx_word' id='word_1_271' title='bbox 631 4185 681 4258; x_wconf 89' lang='lat' dir='ltr'><strong>rei</strong></span> <span class='ocrx_word' id='word_1_272' title='bbox 700 4195 828 4260; x_wconf 91' lang='lat' dir='ltr'><strong>certam</strong></span> <span class='ocrx_word' id='word_1_273' title='bbox 845 4187 1059 4261; x_wconf 89' lang='lat' dir='ltr'><strong>evidentiam</strong></span> <span class='ocrx_word' id='word_1_274' title='bbox 1076 4199 1111 4262; x_wconf 92' lang='lat' dir='ltr'><strong>et</strong></span> <span class='ocrx_word' id='word_1_275' title='bbox 1126 4201 1328 4286; x_wconf 88' lang='lat' dir='ltr'><strong>perpetuam</strong></span> <span class='ocrx_word' id='word_1_276' title='bbox 1346 4191 1540 4264; x_wconf 85' lang='lat' dir='ltr'><strong>firmitatem</strong></span> <span class='ocrx_word' id='word_1_277' title='bbox 1554 4213 1698 4288; x_wconf 88' lang='lat' dir='ltr'><strong>presens</strong></span> <span class='ocrx_word' id='word_1_278' title='bbox 1712 4190 1933 4288; x_wconf 84' lang='lat' dir='ltr'><strong>privilegium</strong></span> 
     </span>
     <span class='ocr_line' id='line_1_31' title="bbox 516 4309 1550 4406; baseline 0.009 -27"><span class='ocrx_word' id='word_1_279' title='bbox 516 4309 619 4381; x_wconf 88' lang='lat' dir='ltr'><strong>scribi</strong></span> <span class='ocrx_word' id='word_1_280' title='bbox 637 4319 673 4380; x_wconf 85' lang='lat' dir='ltr'><strong>et</strong></span> <span class='ocrx_word' id='word_1_281' title='bbox 686 4311 800 4406; x_wconf 77' lang='lat' dir='ltr'><strong>sigillo</strong></span> <span class='ocrx_word' id='word_1_282' title='bbox 812 4313 999 4405; x_wconf 88' lang='lat' dir='ltr'><strong>majestatis</strong></span> <span class='ocrx_word' id='word_1_283' title='bbox 1018 4323 1132 4386; x_wconf 89' lang='lat' dir='ltr'><strong>nostre</strong></span> <span class='ocrx_word' id='word_1_284' title='bbox 1146 4313 1312 4406; x_wconf 86' lang='lat' dir='ltr'><strong>jussimus</strong></span> <span class='ocrx_word' id='word_1_285' title='bbox 1330 4315 1550 4388; x_wconf 89' lang='lat' dir='ltr'><strong>communiri.</strong></span> 
     </span>
    </p>

    <p class='ocr_par' dir='ltr' id='par_1_4' title="bbox 516 4433 1937 4782">
     <span class='ocr_line' id='line_1_32' title="bbox 564 4433 1934 4537; baseline 0.005 -34"><span class='ocrx_word' id='word_1_286' title='bbox 564 4433 675 4526; x_wconf 84' lang='lat' dir='ltr'><strong>Hujus</strong></span> <span class='ocrx_word' id='word_1_287' title='bbox 687 4435 735 4506; x_wconf 88' lang='lat' dir='ltr'><strong>rei</strong></span> <span class='ocrx_word' id='word_1_288' title='bbox 750 4443 852 4509; x_wconf 81' lang='lat' dir='ltr'><strong>testes</strong></span> <span class='ocrx_word' id='word_1_289' title='bbox 864 4445 946 4508; x_wconf 85' lang='lat' dir='ltr'><strong>eunt</strong></span> <span class='ocrx_word' id='word_1_290' title='bbox 955 4437 1090 4510; x_wconf 88' lang='lat' dir='ltr'><strong>Ulricus</strong></span> <span class='ocrx_word' id='word_1_291' title='bbox 1100 4437 1313 4511; x_wconf 89' lang='lat' dir='ltr'><strong>Pataviensis</strong></span> <span class='ocrx_word' id='word_1_292' title='bbox 1327 4439 1512 4537; x_wconf 87' lang='lat' dir='ltr'><strong>episcopus</strong></span> <span class='ocrx_word' id='word_1_293' title='bbox 1520 4496 1531 4532; x_wconf 92' lang='lat'><strong>,</strong></span> <span class='ocrx_word' id='word_1_294' title='bbox 1543 4437 1934 4514; x_wconf 78' lang='lat' dir='ltr'><strong>AlbertusTridentinus</strong></span> 
     </span>
     <span class='ocr_line' id='line_1_33' title="bbox 516 4555 1934 4656; baseline 0.005 -30"><span class='ocrx_word' id='word_1_295' title='bbox 516 4555 665 4647; x_wconf 89' lang='lat' dir='ltr'><strong>electus,</strong></span> <span class='ocrx_word' id='word_1_296' title='bbox 692 4557 903 4632; x_wconf 87' lang='lat' dir='ltr'><strong>Ludewicus</strong></span> <span class='ocrx_word' id='word_1_297' title='bbox 932 4560 1009 4633; x_wconf 86' lang='lat' dir='ltr'><strong>dux</strong></span> <span class='ocrx_word' id='word_1_298' title='bbox 1036 4561 1183 4634; x_wconf 87' lang='lat' dir='ltr'><strong>Bavarie</strong></span> <span class='ocrx_word' id='word_1_299' title='bbox 1210 4583 1325 4636; x_wconf 89' lang='lat' dir='ltr'><strong>comes</strong></span> <span class='ocrx_word' id='word_1_300' title='bbox 1351 4563 1527 4637; x_wconf 87' lang='lat' dir='ltr'><strong>Palatinus</strong></span> <span class='ocrx_word' id='word_1_301' title='bbox 1554 4564 1686 4656; x_wconf 84' lang='lat' dir='ltr'><strong>Rheni,</strong></span> <span class='ocrx_word' id='word_1_302' title='bbox 1717 4565 1934 4637; x_wconf 79' lang='lat' dir='ltr'><strong>hermannus</strong></span> 
     </span>
     <span class='ocr_line' id='line_1_34' title="bbox 517 4679 1937 4782; baseline 0.008 -32"><span class='ocrx_word' id='word_1_303' title='bbox 517 4679 670 4752; x_wconf 91' lang='lat' dir='ltr'><strong>marchio</strong></span> <span class='ocrx_word' id='word_1_304' title='bbox 688 4680 733 4753; x_wconf 92' lang='lat' dir='ltr'><strong>de</strong></span> <span class='ocrx_word' id='word_1_305' title='bbox 748 4682 884 4776; x_wconf 85' lang='lat' dir='ltr'><strong>Badeo,</strong></span> <span class='ocrx_word' id='word_1_306' title='bbox 908 4685 1103 4760; x_wconf 88' lang='lat' dir='ltr'><strong>Diobnldus</strong></span> <span class='ocrx_word' id='word_1_307' title='bbox 1125 4685 1279 4760; x_wconf 90' lang='lat' dir='ltr'><strong>marchio</strong></span> <span class='ocrx_word' id='word_1_308' title='bbox 1304 4687 1349 4760; x_wconf 92' lang='lat' dir='ltr'><strong>de</strong></span> <span class='ocrx_word' id='word_1_309' title='bbox 1366 4688 1548 4782; x_wconf 85' lang='lat' dir='ltr'><strong>Voburoh,</strong></span> <span class='ocrx_word' id='word_1_310' title='bbox 1571 4709 1687 4762; x_wconf 84' lang='lat' dir='ltr'><strong>comes</strong></span> <span class='ocrx_word' id='word_1_311' title='bbox 1712 4685 1937 4761; x_wconf 83' lang='lat' dir='ltr'><strong>Eberhardus</strong></span> 
     </span>
    </p>
   </div>
   <div class='ocr_carea' id='block_1_4' title="bbox 0 0 2204 5876">
    <p class='ocr_par' dir='ltr' id='par_1_5' title="bbox 0 0 2204 5876">
     <span class='ocr_line' id='line_1_35' title="bbox 0 0 2204 5876; baseline 0 0"><span class='ocrx_word' id='word_1_312' title='bbox 0 0 2204 5876; x_wconf 95' lang='lat' dir='ltr'><strong> </strong></span> 
     </span>
    </p>
   </div>
  </div>
 </body>
</html>
