4368 5876
240 550 337 610 lauret.
352 545 400 626 9.]
694 542 890 604 tttsrottta
915 542 1209 604 ott’toltltllclt.
1597 544 1654 606 lta

240 682 420 758 temmario
434 703 523 755 ausu
538 679 719 770 annuere,
736 679 800 752 scd
815 689 889 754 rata
906 690 1130 776 permaneant
1143 677 1296 774 predicta
1310 677 1425 750 omnia
1438 688 1473 751 et
1488 687 1653 774 perpetuo

241 807 378 903 penitus
401 804 617 878 inconvulsa.
637 802 856 898 Quicumque
877 811 992 876 autem
1010 801 1077 873 hoc
1099 809 1301 896 attemptare
1316 801 1579 897 presumpserit,
1603 802 1655 873 in·

240 930 475 1024 dignationem
503 936 655 999 nostram
676 949 714 999 se
732 927 867 1000 noverit
885 926 1034 1020 graviter
1052 925 1271 998 incursurum
1293 935 1327 998 et
1348 946 1411 1021 pro
1434 947 1497 998 sue
1516 927 1655 998 temeri-

240 1054 318 1126 tatis
339 1073 429 1148 pena
450 1050 658 1146 quingentas
678 1051 783 1125 libras
804 1051 880 1124 auri
902 1049 1021 1146 optimi
1043 1050 1333 1144 compositurum,
1355 1048 1573 1122 medietatem
1598 1073 1654 1124 ca·

240 1197 334 1251 mere
358 1187 491 1264 nostre,
512 1175 683 1270 reliquam
705 1175 894 1248 marchioni
919 1175 1072 1271 predicto
1094 1183 1129 1246 et
1151 1173 1339 1247 heredibus
1363 1174 1448 1247 suis.
1472 1175 1516 1246 Ut
1540 1187 1654 1249 autem

240 1301 305 1374 bec
324 1301 441 1374 omnia
466 1322 550 1373 vera
576 1299 762 1372 credantur
782 1308 818 1373 et
841 1307 1042 1394 perpetuam
1067 1297 1244 1372 obtineant
1267 1297 1484 1389 firmitatem,
1515 1321 1654 1395 presens

240 1425 459 1521 privilegium
488 1425 592 1499 scribi
616 1433 651 1498 et
678 1425 791 1519 sigillo
818 1409 932 1500 nostre
958 1423 1173 1497 celsitudinis
1193 1423 1362 1515 jussimus
1392 1424 1536 1496 interius
1561 1445 1654 1498 com·

241 1551 385 1643 muniri,
404 1570 474 1623 non
500 1549 718 1624 obstantibus
740 1549 916 1644 aliquibus
934 1547 1087 1642 legibus,
1108 1547 1435 1639 consuetudinibus,
1455 1549 1512 1620 vel
1530 1549 1654 1620 consti·

241 1673 432 1745 tutionibus
454 1674 601 1766 alicujus
621 1673 770 1746 civitatis
791 1673 848 1745 vel
871 1671 1126 1744 communitatis
1146 1681 1350 1766 quocontra
1368 1671 1521 1768 predicta
1542 1674 1654 1746 tacere

239 1797 454 1872 viderentur.

287 1923 399 2016 Hujus
414 1921 463 1994 rei
479 1929 583 1994 testes
598 1922 737 1994 inerunt
753 1920 886 1994 Ulriens
903 1921 1103 1994 Patavensis
1118 1922 1316 2018 episcopus,
1333 1921 1494 1994 Albsrtus
1507 1921 1655 1996 Triden-

240 2046 333 2118 tinus
346 2046 490 2136 electus,
508 2045 702 2141 biupoldus
717 2043 869 2118 marchio
883 2044 929 2118 ds
946 2045 1095 2140 Fobnrg,
1114 2045 1319 2119 Bertlroldus
1332 2067 1446 2118 comes
1462 2046 1508 2119 ds
1523 2048 1654 2120 Monte·

238 2191 350 2262 sacro,
366 2169 563 2243 Everardus
575 2191 690 2242 comes
705 2169 750 2243 de
761 2168 961 2242 Hellinstein
977 2169 1040 2266 (a),
1056 2168 1253 2243 Gotilredus
1269 2191 1383 2244 eomes
1397 2169 1442 2243 de
1454 2171 1650 2264 Blandrato,

238 2293 422 2368 Anselmus
451 2293 497 2368 de
524 2294 704 2388 lustingen
730 2294 976 2382 marescalcus,
1004 2293 1183 2367 Comedus
1205 2293 1252 2366 de
1274 2291 1403 2367 Werda
1426 2295 1649 2387 camerarius,

239 2419 435 2493 Fridericus
451 2419 497 2492 de
512 2419 641 2514 Slopho
660 2418 838 2514 pinosma,
855 2427 890 2492 et
901 2417 961 2491 alii
972 2419 1195 2514 quamplures
1210 2417 1342 2490 nobiles
1354 2426 1390 2490 et
1404 2417 1564 2492 barones.

287 2543 432 2638 Signum
454 2542 586 2616 domini
604 2540 767 2615 Friderici
790 2540 1005 2614 invictissimi
1024 2542 1255 2616 Romanorum
1281 2540 1495 2636 imperatoris
1511 2544 1650 2638 angusti

240 2667 384 2761 stragis
403 2665 531 2740 Sicilie.
548 2663 841 2761 (Mortopramme).

285 2789 372 2864 Acta
386 2800 468 2863 sunt
481 2790 546 2865 bec
564 2792 660 2886 apud
676 2789 925 2881 brundusium,
946 2785 1066 2888 [anno]
1091 2789 1271 2862 millesimo
1291 2789 1527 2865 ducentesimo
1549 2794 1647 2884 XXt,

238 2935 357 2988 mense
379 2915 510 3008 martii,
531 2915 720 2988 indictione
738 2915 846 3006 Vllll‚
869 2922 1035 3006 regnante
1057 2913 1200 2987 domino
1224 2913 1397 2988 Friderico
1420 2915 1650 2990 Romanorum

239 3041 459 3134 imperatore,
480 3061 616 3135 semper
634 3046 835 3134 angustast
856 3059 937 3133 rege
955 3037 1070 3110 Sicilie
1092 3037 1253 3132 glorioso,
1278 3059 1370 3110 anno
1391 3040 1488 3133 regni
1512 3045 1588 3133 ejus
1615 3042 1649 3114 in

238 3162 420 3237 Germania
432 3164 534 3256 Vllll,
552 3163 588 3235 in
602 3164 719 3236 Sicilia
732 3163 858 3250 XXlll,
876 3161 1011 3258 imperii
1033 3183 1116 3236 vero
1136 3163 1211 3254 ejus
1229 3183 1322 3236 anno
1340 3163 1469 3258 primo,
1492 3166 1646 3240 feliciter.

236 3287 360 3362 Amen.

288 3930 519 4038 Fridericus‚
537 3931 797 4015 Romanorum
818 3932 1041 4041 imperator,
1060 3934 1258 4044 praelatis,
1284 3917 1505 4042 conutibus,
1524 3938 1647 4022 barc-
1719 3985 1758 4016 mn
1802 3974 1831 4023 ·‚

221 4062 350 4147 'nibus
371 4065 607 4174 caeterisque
620 4065 659 4146 in
678 4089 798 4175 regno
812 4064 960 4147 Siciliae
972 4067 1186 4150 constitutis
1204 4067 1371 4150 notificat
1390 4095 1430 4150 se
1448 4070 1497 4151 ad
1510 4071 1646 4179 requi-
1722 4039 1744 4070 m

234 4197 411 4280 sitionem
425 4197 512 4280 Cari
529 4197 666 4282 Montis
684 4197 839 4308 Regalis
855 4197 1125 4308 archiepiscopi
1143 4199 1334 4309 prioribus
1347 4199 1645 4285 obedientiarum

232 4328 405 4439 ejusdem
427 4330 605 4413 ecclesiae
632 4331 782 4414 dedisse
804 4340 1028 4442 potestatem
1049 4333 1222 4441 capiendi
1251 4331 1400 4416 oblatos
1424 4344 1462 4416 et
1488 4333 1647 4418 villanos

232 4464 302 4574 qui
316 4463 522 4546 adominio
539 4462 718 4548 ecclesiae
734 4463 871 4550 lllontis
885 4463 1036 4576 Regalis
1055 4491 1096 4548 se
1113 4465 1383 4549 subtraxerunt
1398 4476 1435 4549 et
1448 4469 1647 4552 revocandi

275 4659 316 4740 (a)
338 4662 375 4724 ln
387 4663 536 4741 lmprssata
548 4659 709 4726 datam-das
719 4679 810 4724 eones
822 4660 857 4724 de
870 4665 1005 4740 ratane,
1020 4667 1108 4730 male.
