4292 5894
199 559 305 622 Itum.
323 549 385 636 11.]
656 545 855 610 HISTORIA
880 540 1175 607 nllnollllllce.
1566 529 1627 596 tte

203 691 336 790 gimun
362 687 413 761 Eu
438 693 579 784 propter
606 693 728 758 notum
752 682 900 756 lecimus
922 678 1097 754 universis
1115 673 1280 753 fidelibus
1303 669 1429 746 nostris
1452 678 1524 744 tum
1547 689 1625 764 pre·

205 813 363 890 sentibus
375 829 484 906 mam
500 807 627 881 futuris
646 805 744 904 quod
762 808 873 880 Lucus
896 802 1106 880 venerabilis
1125 797 1332 876 cusentinus
1349 793 1629 890 achiepiscopus

207 936 322 1013 fidelis
337 944 455 1010 noster
474 932 719 1028 transcriptum
736 929 917 1028 quoddam
937 928 1198 1028 privilegiorum
1212 921 1350 1019 llogerii
1367 920 1468 996 ducis
1484 919 1625 1015 Apulis,
1760 913 1764 920 ’

205 1061 381 1136 Gnillelmi
402 1057 504 1136 ducis
519 1056 678 1153 ejusdem
695 1056 834 1151 liogerii
854 1054 956 1129 ducis
969 1053 1032 1127 lilii
1046 1063 1083 1127 et
1098 1053 1288 1126 litterarum
1304 1044 1355 1144 (u)
1369 1043 1549 1141 qnondam
1563 1043 1629 1116 im-

205 1183 386 1285 pemtricis
410 1183 607 1257 constantie
631 1181 773 1256 domine
798 1179 920 1255 metris
947 1187 1065 1254 nostre
1092 1175 1256 1250 memorie
1284 1169 1483 1262 recolende,
1508 1169 1631 1266 sigillis

206 1310 247 1385 P.
279 1307 550 1385 blertnrnnensis
573 1307 749 1403 episcopi,
776 1306 816 1381 P.
844 1304 982 1380 abbatis
1009 1303 1156 1394 Curetii,
1180 1299 1267 1375 Boni
1293 1295 1471 1394 quondum
1495 1293 1632 1369 abbatis

206 1434 336 1510 Mutine
355 1441 391 1508 et
408 1433 458 1509 Μ.
475 1431 612 1506 obbatis
630 1432 739 1506 Floris
758 1440 794 1506 et
810 1452 932 1506 eornm
944 1426 1259 1526 subscriptionibus
1277 1425 1495 1515 roboratum,
1516 1429 1632 1496 nostre

206 1557 407 1634 eelsitudini
430 1558 662 1656 presentavit,
689 1557 892 1654 supplicans
916 1555 1094 1629 humiliter
1120 1563 1156 1628 et
1180 1552 1306 1626 devote
1330 1557 1370 1622 ut
1389 1545 1571 1645 privilegia
1590 1555 1632 1628 ¹et

207 1685 338 1759 litteras
356 1683 574 1780 supradictus
591 1682 659 1756 sibi
685 1692 721 1756 et
741 1682 886 1756 ecclesie
905 1702 970 1754 sue
987 1681 1156 1756 innovare
1171 1686 1208 1752 et
1226 1675 1431 1750 confirmare
1450 1672 1496 1748 de
1515 1679 1631 1746 nostre

207 1809 320 1906 gotie
350 1806 588 1904 dignoremur.
620 1809 698 1894 Qua
732 1816 873 1905 propter
899 1806 1171 1905 supplicationes
1199 1803 1310 1899 ipsius
1337 1797 1545 1874 venerabilis
1573 1819 1631 1873 ar·

208 1932 420 2032 cbiepieoopi
436 1933 482 2008 de
495 1934 595 2008 solita
617 1933 800 2008 clementie
817 1933 1006 2030 benignius
1021 1931 1190 2007 duximus
1203 1925 1454 2015 admittendus,
1473 1934 1508 1998 et
1524 1923 1631 2020 privi-

207 2060 300 2152 legia
320 2061 397 2158 ipsu
417 2070 454 2136 et
473 2059 604 2133 litteras
626 2058 833 2132 innovantes
852 2059 975 2134 oedem
991 2056 1038 2132 de
1051 2058 1161 2132 verbo
1179 2057 1227 2131 ud
1243 2055 1392 2131 verbum
1408 2052 1491 2126 buie
1513 2059 1630 2126 nostro

207 2181 392 2282 priuilegio
409 2179 578 2276 jussimus
594 2180 754 2254 ennotmi
769 2205 779 2252 ε
796 2201 947 2276 qnorum
964 2188 1064 2254 tenor
1077 2179 1155 2254 telis
1165 2188 1219 2252 est
1235 2204 1244 2250 ε

257 2307 298 2380 ln
309 2306 450 2381 nomine
458 2311 577 2380 sancte
589 2313 625 2378 et
634 2304 819 2380 individue
829 2304 1017 2379 Trinitatis.
1030 2304 1198 2400 llogeriue
1206 2303 1271 2378 Ilei
1280 2302 1391 2399 gretie
1400 2301 1476 2377 dux
1486 2300 1626 2398 Apulis,

207 2431 366 2506 Celebris
375 2430 545 2521 etSieilie‚
552 2428 719 2504 oonlirmo
728 2439 763 2505 et
770 2429 939 2504 stabiliter
947 2430 1075 2526 largior
1083 2429 1219 2505 etdono
1226 2428 1290 2504 tibi
1299 2424 1630 2523 dominoAmulpho

207 2555 468 2653 archiepiscopo
479 2555 619 2652 tuisque
630 2553 888 2628 successoribus
898 2555 934 2628 in
945 2563 1154 2652 perpetuum
1162 2552 1333 2650 quioquid
1341 2561 1439 2650 paler
1448 2575 1548 2626 mene
1559 2554 1630 2626 tuis

208 2680 385 2778 prioribus
394 2679 665 2777 archiepiscopis
675 2677 857 2754 eeclesiam
868 2688 988 2754 moute
1002 2679 1065 2754 Dei
1079 2679 1257 2778 genitricis
1268 2678 1376 2752 llerle
1388 2678 1549 2752 Cusentie
1562 2701 1628 2774 gu·

207 2803 555 2898 beroentibnsdedit‚
567 2804 845 2880 scilieetomnsm
856 2803 1124 2880 decimationem
1136 2804 1342 2878 victualium
1350 2811 1387 2877 et
1396 2803 1585 2878 bestiarum
1595 2813 1629 2878 et

207 2951 330 3004 omnes
337 2929 499 3004 sedecies
510 2929 616 3004 vestri
629 2930 850 3026 episcopatus
860 2951 941 3002 cnm
952 2928 1163 3028 presbyteris
1175 2937 1246 3002 tum
1257 2928 1374 3004 Grecis
1383 2951 1491 3024 quem
1501 2929 1631 3004 Latinis

207 3053 1629 3153 eteumomnibusrebneeispertiuentibus‚liliisdeniqneetqueberedibueeorum

197 3190 244 3272 ¹et
255 3181 433 3254 metellum
444 3179 561 3254 Sancti
577 3178 699 3252 anidi
716 3201 797 3252 cnm
814 3179 978 3253 omnibns
994 3179 1100 3255 rebus
1116 3181 1184 3254 sibi
1197 3181 1467 3278 pertinentibns3
1484 3182 1567 3257 item
1584 3181 1630 3258 oe

196 3283 449 3402 ¹blinsiunio(lt)
458 3303 542 3378 inde
551 3304 611 3398 [et]
624 3305 700 3400 ejus
711 3303 926 3400 pertinentiis
935 3305 1105 3380 similiter.
1116 3307 1244 3380 lterum
1256 3307 1391 3381 noviter
1400 3307 1553 3382 concedo
1564 3308 1627 3382 tibi

206 3439 244 3506 et
252 3428 494 3506 donodomino
502 3427 685 3526 Amnlpbo
692 3429 953 3528 archiepiscopo
960 3431 1119 3506 eumdem
1130 3433 1289 3508 Sanctum
1298 3431 1442 3508 Marium
1449 3433 1628 3508 ecclesiam

208 3555 342 3650 wenti
355 3553 495 3652 tuisque
503 3553 762 3630 sncoessoribus
772 3565 917 3631 cunctus
925 3557 1020 3654 leges
1032 3557 1255 3653 spiritualiter
1266 3558 1328 3631 tibi
1336 3559 1630 3656 pertinenteejure

207 3679 442 3755 ecclesiastico
468 3689 504 3755 et
529 3679 682 3755 decimes
712 3681 870 3755 omnium
894 3681 1084 3757 solidorum
1110 3681 1321 3778 judiciorum
1343 3683 1626 3768 attributorum.

208 3806 282 3880 lleo
296 3805 415 3880 omnio
429 3804 647 3902 inlroecripte
671 3803 836 3880 confirmo
856 3814 892 3880 et
909 3807 1046 3881 stabilio
1068 3815 1108 3880 nt
1129 3807 1223 3882 omni
1241 3816 1395 3904 tempore
1411 3807 1510 3882 firme
1527 3819 1563 3884 et
1578 3811 1630 3884 in·

207 3951 377 4005 concussu
392 3941 629 4028 permaneant.
648 3930 869 4027 Quicumque
880 3951 964 4006 vero
977 3930 1044 4006 boc
1060 3940 1215 4006 nostrum
1232 3941 1434 4030 preceptum
1451 3935 1630 4010 temerario

207 4075 299 4129 ausu
310 4054 443 4129 uiolare
455 4055 722 4153 presumpserit,
742 4053 906 4147 stratigos
918 4054 1082 4130 videlicet
1097 4077 1139 4131 uc
1152 4055 1363 4148 vicecomes,
1380 4059 1631 4158 tronoerius(l)

207 4179 419 4279 platearum,
433 4193 598 4256 senostre
608 4180 704 4254 curie
715 4179 837 4254 decem
855 4180 960 4256 libres
976 4182 1054 4258 uuri
1067 4182 1244 4279 purissimi
1257 4183 1345 4256 sciet
1358 4184 1629 4280 compositurum

207 4314 314 4401 atque
337 4305 382 4380 sit
404 4306 609 4382 maledictus
625 4315 662 4381 et
678 4307 1001 4382 excommunicatus
1019 4329 1041 4382 a
1058 4309 1130 4381 Deo
1150 4317 1248 4405 patre
1269 4307 1504 4404 omnipotente
1530 4318 1566 4384 et
1583 4313 1629 4386 ab

206 4429 373 4504 omnibus
393 4432 522 4506 soumis
539 4433 633 4526 ejus;
653 4440 689 4506 et
711 4441 751 4506 ut
766 4431 831 4506 bec
847 4441 964 4508 nostre
978 4433 1155 4508 concessio
1168 4441 1379 4531 permaneat,
1396 4435 1496 4508 Petro
1512 4445 1630 4512 nostro

250 4585 295 4670 (a)
317 4592 375 4670 Ap.
390 4591 559 4671 Ugbelllum
570 4597 599 4654 et
608 4587 776 4674 llberonrm,
791 4591 892 4655 adulto
905 4589 1139 4675 mpredstomm
1153 4600 1192 4673 et,
1207 4595 1289 4675 quod
1301 4611 1390 4659 sensu
1402 4599 1524 4660 omnluo
1535 4605 1626 4661 earet.

248 4693 288 4777 (bl
308 4696 390 4760 lulrn
402 4705 503 4760 notem
521 4699 689 4761 licentiae
