4292 5894
526 541 587 604 aad
1029 542 1244 605 talbssblcl
1270 541 1440 606 secubet
1750 541 1832 627 [nnn.
1852 541 1931 606 latr.

528 677 613 755 dicti
632 677 751 750 villani
769 678 939 771 majestati
959 688 1074 754 nostre
1095 679 1180 754 falsa
1203 689 1238 754 et
1262 680 1386 755 frivola
1406 679 1544 776 penitus
1562 677 1829 773 subgemerunt3
1848 699 1934 752 asse-

527 811 642 876 rentes
657 824 718 876 eos
739 803 888 877 villanos
906 804 1062 901 ipsarum
1083 805 1319 896 ecclesiarum,
1339 804 1622 878 monasteriorum
1639 812 1673 875 et
1689 803 1840 875 militum
1854 805 1935 876 Sur-

529 928 617 1000 renti
636 949 656 1000 a
674 937 828 1024 tempore
844 931 945 1022 cujus
965 951 1035 1002 non
1058 930 1177 1002 existit
1200 931 1366 1004 memoria
1381 929 1537 1004 extitisse
1554 939 1589 1002 et
1609 928 1693 1022 quia
1708 949 1771 1002 eos
1788 938 1936 1025 tompore

529 1075 652 1148 regum
675 1052 957 1149 predecessorum
974 1063 1168 1128 nostrerum
1188 1065 1224 1128 et
1239 1055 1392 1130 maxime
1409 1055 1501 1148 regis
1517 1053 1700 1146 Guglielmi
1717 1050 1862 1128 secundi
1882 1073 1937 1125 re-

529 1178 674 1252 colende
688 1179 852 1254 memorie
860 1180 954 1273 juste
968 1190 1004 1252 et
1020 1178 1165 1275 pacifice
1181 1187 1376 1266 tenuerunt,
1394 1201 1459 1252 neu
1473 1179 1589 1274 aliqua
1602 1177 1686 1273 ipsis
1700 1177 1838 1250 villanis
1855 1199 1937 1272 gra·

530 1303 670 1376 vamina
693 1303 871 1399 irrogasse
887 1304 1017 1399 quibus
1040 1305 1086 1376 ab
1111 1325 1231 1377 eorum
1256 1303 1411 1378 dominio
1433 1325 1472 1377 se
1488 1302 1688 1376 subtrahero
1702 1309 1765 1376 aut
1788 1301 1937 1375 eximere

530 1427 676 1524 possint,
692 1438 727 1501 et
740 1429 905 1502 attentius
918 1430 1160 1525 supplicarunt
1176 1437 1216 1502 ut
1231 1428 1343 1504 dictos
1359 1429 1507 1503 villanos
1521 1429 1606 1525 ipsis
1622 1429 1800 1502 restituere
1814 1427 1939 1522 digna·

531 1573 661 1628 remur.
686 1552 773 1626 Cum
799 1553 906 1648 igitur
933 1553 1046 1628 neutri
1071 1553 1222 1650 partium
1247 1554 1395 1628 velimus
1413 1552 1640 1650 prejudicium
1659 1554 1836 1648 inrogare,
1855 1575 1937 1648 pru-

532 1675 651 1750 dentie
669 1685 728 1748 tue
744 1675 951 1750 mandamns
970 1677 1110 1750 firmiter
1128 1677 1355 1774 precipientes
1371 1688 1543 1774 quatems
1561 1677 1715 1774 partibus
1732 1677 1769 1748 in
1786 1685 1843 1748 tua
1864 1697 1936 1771 pre·

532 1801 643 1876 sentia
657 1801 874 1889 convocetis,
893 1800 1016 1874 audias
1039 1801 1261 1898 allegationes
1276 1823 1364 1897 quas
1388 1812 1457 1876 tam
1481 1803 1625 1876 ecclesie
1646 1806 1717 1892 [et]
1736 1799 1937 1874 monasteria

533 1947 640 2021 quam
656 1924 740 1998 dicti
758 1926 882 1998 milites
898 1935 1015 1998 contra
1028 1927 1176 2000 villanos
1190 1947 1381 2022 proponere
1396 1926 1580 2018 voluerint,
1599 1925 1764 2020 quodque
1778 1924 1937 1996 militibus

535 2059 653 2124 oontra
668 2071 728 2124 eas
744 2050 811 2145 ipsi
829 2050 948 2124 villani
960 2051 1132 2125 voluerint
1144 2051 1366 2148 respondere,
1381 2062 1417 2126 et
1431 2073 1536 2125 cause
1546 2051 1676 2124 meritis
1687 2050 1870 2145 diligenter
1882 2072 1937 2122 au-

536 2174 633 2266 ditis,
646 2174 761 2248 omnia
776 2175 812 2247 in
828 2175 964 2271 scriptis
975 2175 1088 2268 redigi
1100 2175 1206 2250 lanias
1218 2186 1253 2250 et
1262 2177 1330 2250 sub
1344 2177 1458 2270 sigillo
1467 2176 1632 2250 tuonuris
1644 2185 1757 2248 nostre
1769 2174 1937 2248 transmit-

535 2309 601 2392 tas,
609 2298 780 2396 prefigens
794 2300 950 2395 partibus
965 2300 1149 2373 terminum
1165 2310 1413 2394 competentem
1427 2322 1498 2396 quo
1514 2311 1629 2374 nostro
1641 2322 1679 2373 se
1691 2299 1839 2373 debeant
1847 2320 1938 2372 cons

536 2425 652 2522 pectui
669 2431 877 2520 presentare.
894 2426 1019 2496 Datum
1038 2423 1133 2520 apud
1145 2425 1370 2498 Paternonem
1386 2424 1451 2524 ll),
1463 2426 1539 2498 Xlll
1552 2425 1655 2518 junii,
1667 2424 1712 2496 Xl
1729 2422 1934 2497 indictionis.

584 2549 743 2622 Partibus
758 2549 864 2644 igitur
882 2550 1101 2645 presentibus
1117 2571 1233 2624 coram
1249 2571 1311 2640 eo,
1332 2573 1411 2647 pars
1427 2551 1588 2643 ecclesie,
1608 2549 1888 2624 monasteriorum
1907 2555 1939 2620 et

536 2675 1084 2770 militumproposueruntcontra
1087 2727 1462 2750 ..........
1479 2675 1939 2770 villanosqueinbuncmo·

537 2799 622 2873 dum
642 2825 650 2869 :
669 2798 826 2872 Petentes
840 2799 961 2872 Petrus
977 2809 1013 2872 et
1028 2800 1186 2894 Ligerius
1202 2800 1326 2874 milites
1340 2801 1493 2874 Surrenti
1512 2800 1684 2874 constituti
1688 2849 1935 2871 .......

537 2923 583 2997 ab
607 2922 865 3018 archiepiscopo
888 2932 922 2996 et
945 2925 1097 3020 capitulo
1117 2925 1338 3016 Surrentino,
1363 2925 1578 3000 monasteriis
1600 2925 1749 2998 civitatis
1771 2923 1936 3017 ejusdem,

538 3046 669 3120 scilicet
691 3047 875 3120 abbatibus
897 3047 947 3144 (o)
972 3049 1007 3121 in
1030 3059 1204 3122 conventu
1224 3051 1339 3124 Sancti
1358 3049 1448 3123 Petri
1471 3049 1528 3122 ad.
1561 3101 1570 3120 .
1600 3047 1703 3145 ‚(2),
1719 3047 1833 3120 Sancti
1853 3047 1938 3119 Petri

539 3169 585 3244 de
609 3169 786 3267 Caprolla‚
812 3173 928 3245 Sancti
953 3172 1160 3266 Archangeli
1185 3183 1221 3247 et
1248 3175 1363 3246 Sancti
1389 3173 1596 3266 Salvatoris,
1624 3171 1738 3246 Sancti
1760 3170 1936 3258 lobannis,

538 3294 653 3368 Sancti
677 3294 795 3388 Pauli,
823 3306 857 3368 et
874 3297 920 3370 ab
945 3297 1108 3392 episcopo
1134 3307 1168 3370 et
1188 3297 1340 3393 capitulo
1357 3299 1481 3372 Sancte
1498 3297 1605 3370 ldarie
1627 3295 1673 3370 de
1688 3297 1785 3391 Eque
1801 3293 1873 3391 (3),
1897 3293 1939 3365 ab

579 3471 620 3552 (a)
642 3472 700 3550 Ap.
715 3473 840 3534 Arcuoel
848 3471 880 3534 S.
892 3469 1000 3553 Abdus,
1013 3473 1101 3535 mele.

574 3711 610 3788 (t)
630 3711 734 3770 Sicilim
745 3711 834 3784 locus,
845 3729 930 3789 prope
941 3713 1089 3772 flamniam.

574 3810 610 3886 (θ)
629 3809 719 3868 Facile
726 3811 866 3886 suppletur
879 3812 1047 3884 Geminum,
1058 3817 1089 3870 ut
1103 3819 1194 3872 mouet
1210 3813 1336 3886 brcnoci,
1350 3813 1430 3872 bodie
1442 3813 1502 3872 sm
1515 3813 1606 3871 Pistre
1619 3829 1638 3870 u
1649 3812 1807 3883 denegas·
1819 3807 1898 3881 igilur
1907 3821 1940 3863 0¹

536 3909 717 3968 instrumento
735 3908 818 3984 liquet
834 3908 906 3966 banc
925 3910 1067 3970 ecclesiam
1085 3917 1114 3970 et
1130 3911 1381 3986 Sanctumll’etnrm
1393 3912 1428 3970 de
1440 3911 1563 3986 Caprolla
1576 3909 1699 3984 (bodies
1717 3905 1843 3982 drupollu
1858 3919 1940 3962 nous

539 4005 682 4081 Coppelle,
697 4013 727 4063 ut
749 4005 776 4063 in
794 4007 957 4080 qmbusdam
977 4009 1107 4067 mendose
1126 4011 1228 4084 legitur)
1241 4027 1292 4068 nec
1304 4027 1358 4069 non
1371 4016 1400 4068 et
1409 4009 1475 4068 alies
1485 4016 1551 4082 tres,
1565 4007 1646 4066 luisse
1660 4013 1701 4066 tot
1714 4003 1873 4064 monasteria
1884 4001 1940 4059 reli·

537 4103 624 4178 giouis
640 4103 827 4162 benedictinae
841 4111 907 4162 tuno
919 4107 1048 4180 temporis
1061 4107 1218 4165 universalis
1225 4109 1253 4165 iu
1262 4124 1354 4183 regno.

576 4201 612 4276 (3)
632 4201 769 4276 Ugbellius
782 4201 881 4276 (ltclr'u
893 4219 987 4276 moro,
1001 4210 1022 4261 t.
1034 4205 1083 4275 Vl,
1096 4223 1124 4280 p.
1138 4206 1205 4280 686)
1218 4207 1252 4264 de
1265 4207 1398 4281 episeopis
1410 4203 1614 4280 viel-tqueusts
1623 4201 1771 4270 disserens,
1788 4199 1824 4255 ita
1835 4195 1938 4256 scribit:

541 4301 610 4358 «bn
623 4316 687 4358 vern
706 4301 852 4376 AEquensis
864 4308 970 4362 vetusta
992 4303 1087 4362 civitas
1106 4305 1251 4380 episcopali
1268 4305 1348 4366 luerit
1360 4305 1490 4380 dignitate
1507 4308 1636 4364 exornata
1652 4317 1707 4360 nou
1720 4299 1787 4358 satis
1804 4301 1941 4356 mactat»

539 4397 581 4456 nx
594 4403 685 4456 nostra
702 4405 793 4456 autern
809 4399 901 4458 charta
914 4400 1061 4458 clarissime
1075 4407 1150 4475 patet
1163 4403 1277 4476 AEquam
1291 4379 1426 4461 civitatem
1438 4403 1466 4459 in
1479 4418 1550 4460 anno
1568 4401 1636 4459 libi
1656 4399 1781 4474 episcopo
1791 4401 1819 4454 et
1832 4391 1941 4468 capitulo

540 4493 667 4568 gaudere.
682 4495 734 4554 Sed
756 4495 924 4571 Neapolitani
943 4498 1088 4572 scriptores
1106 4499 1165 4556 sine
1179 4500 1300 4576 ampliori
1311 4499 1496 4574 disquisitione
1509 4498 1620 4556 dubium
1636 4493 1750 4570 Ugbellii
1768 4492 1852 4550 secuti
1871 4494 1941 4547 snut

542 4591 634 4664 Usque
645 4591 679 4650 ad
691 4592 772 4652 finem
785 4595 868 4653 seculi
880 4595 977 4654 decimi
1003 4595 1074 4653 tertii
1090 4596 1176 4654 extitit
1194 4598 1281 4670 AEqua
1298 4597 1407 4668 civitas,
1419 4601 1447 4655 et
1460 4596 1570 4653 ineunte
1580 4599 1683 4652 tantvm
1700 4589 1804 4648 decimo
1815 4584 1944 4661 quartoin

544 4685 641 4746 vinum
654 4696 796 4766 propterea
809 4692 911 4752 dictum
923 4693 1072 4769 Aquenem
1084 4693 1219 4752 transbrlit
1230 4695 1408 4770 episocpalem
1419 4695 1513 4754 sedem
1525 4691 1633 4753 Gmelut
1648 4689 1673 4750 ll
1691 4683 1896 4762 moravensis.
