4436 5870
306 549 403 609 166161.
420 547 467 626 9.]
758 545 955 608 HISTORIA
979 548 1272 610 blrtottnmcu

359 1111 585 1218 FridericuS,
601 1115 861 1198 Romanorum
883 1115 1103 1225 imperator,
1119 1115 1451 1225 congregationem
1469 1117 1716 1202 lntrinsecam
1747 1129 1916 1236 ,52⁶3ng

307 1243 560 1328 Veronensem
578 1247 649 1329 sub
663 1249 892 1358 protectione
907 1274 977 1330 sua
995 1249 1151 1358 suscipit
1168 1249 1278 1358 eique
1292 1249 1376 1356 dat,
1396 1251 1511 1332 tradit
1526 1260 1564 1333 et
1578 1253 1719 1334 confir·
1741 1235 1925 1340 3011116111·

307 1388 387 1460 mat
404 1403 537 1462 omnes
554 1381 811 1488 possessiones
824 1381 966 1464 ibidem
979 1381 1206 1465 nominatim
1219 1408 1429 1491 expressae.

1746 1342 1773 1383 29
1784 1341 1916 1384 novembris.

388 1593 500 1670 (Edldlt
511 1595 710 1667 ancomru,
727 1595 840 1657 Notirr'r
851 1593 971 1656 ator-icta
984 1591 1056 1656 delle
1068 1592 1157 1655 611616
1170 1591 1203 1654 di
1218 1594 1342 1670 Verona,
1357 1595 1410 1657 llb.
1423 1595 1476 1670 IV,
1491 1595 1617 1675 16151.)

360 1784 397 1855 ln
416 1782 556 1854 nomine
569 1791 687 1854 666616
700 1789 735 1854 61
749 1781 933 1856 individue
946 1783 1130 1856 Trinitatis.
1148 1781 1342 1855 Fridericus
1364 1781 1485 1855 divina
1499 1784 1636 1858 favente
1649 1787 1718 1858 cle·

308 1906 436 1979 mentia
449 1907 680 1978 Romanorum
698 1904 893 1999 imperator,
910 1927 1046 2001 semper
1060 1916 1230 1998 augustus
1244 1914 1279 1978 61
1297 1927 1360 1978 rex
1373 1907 1499 1978 Sicilie.
1516 1908 1673 2001 Dignilas
1687 1921 1723 1982 61

309 2029 459 2102 officium
475 2029 691 2124 imperatorie
704 2029 889 2122 maiestatis
905 2038 1020 2103 nostre
1035 2031 1114 2102 licet
1126 2030 1287 2102 omnibus
1300 2030 1422 2102 adesse
1433 2039 1589 2104 teneatur
1597 2043 1630 2105 61
1644 2055 1723 2128 pro·

308 2153 421 2246 desse,
432 2163 544 2226 1611666
559 2153 799 2226 ecclesiasticis
810 2155 965 2248 personis
975 2155 1129 2248 virisque
1141 2155 1310 2248 religiosis
1324 2166 1359 2226 et
1370 2155 1454 2227 locis
1466 2157 1539 2228 Deo
1551 2156 1723 2251 deputatis

309 2279 488 2352 clementie
500 2288 613 2350 nostre
627 2277 765 2371 signum
778 2279 934 2372 prontius
950 2279 1083 2374 aperire
1096 2278 1264 2352 debemus
1276 2287 1310 2350 et
1324 2301 1443 2350 eorum
1456 2278 1533 2373 paci
1544 2281 1657 2352 solerti
1673 2281 1724 2353 di-

308 2403 449 2498 ligentia
461 2402 643 2497 providere
653 2412 825 2496 quatenus
836 2402 1030 2474 orationum
1044 2425 1186 2474 suarum
1200 2402 1630 2496 suffragiisbeatitudinem
1645 2425 1724 2476 con·

310 2547 496 2620 sequamur
518 2535 634 2598 eterne
654 2525 899 2598 retributionis.
921 2526 1108 2620 Eapmpter
1131 2535 1249 2599 noscet
1271 2535 1341 2598 tam
1361 2548 1504 2620 presens
1523 2537 1596 2598 etas
1618 2551 1722 2622 quam

310 2672 510 2724 successura
525 2650 706 2745 posteritas
719 2648 815 2743 quod
832 2671 895 2722 nos
913 2650 1127 2722 attendentes
1144 2650 1364 2722 devotionem
1380 2661 1415 2722 61
1430 2651 1625 2744 religiosam
1640 2675 1723 2726 con-

309 2775 536 2848 versationem
548 2773 731 2846 lntrinsece
742 2773 1020 2868 congregationis
1028 2775 1235 2847 Veronensis
1246 2771 1276 2870 (l
1285 2772 1311 2868 l,
1326 2773 1460 2846 invitali
1472 2776 1632 2870 precibus
1643 2775 1724 2850 fide-

310 2900 395 2971 lium
407 2908 599 2972 nostmrum
615 2898 747 2972 scilicet
757 2898 1042 2994 archipresbyteri
1061 2899 1241 2972 Lalranchi
1260 2899 1415 2991 ejusdcm
1433 2901 1720 2994 congregationis

309 3022 472 3096 iohannis
492 3023 683 3117 presbyteri
707 3025 908 3094 Sanctorum
930 3025 1191 3118 Apostolorum,
1216 3024 1371 3117 magistri
1389 3024 1544 3118 Magnini
1567 3027 1723 3098 canonici

309 3146 705 3241 Gardensis,presbyteri
720 3147 887 3240 Pelegrini
897 3147 1169 3242 primiceriorum
1184 3158 1217 3220 61
1228 3146 1274 3218 ad
1287 3147 1484 3218 instantiam
1495 3149 1649 3243 ipsorum
1661 3170 1724 3244 pro

309 3272 464 3368 predicta
477 3271 754 3364 congregatione,
771 3271 967 3366 omniaque
980 3272 1025 3343 ab
1038 3293 1105 3343 avo
1120 3269 1426 3343 nostroFrederico
1437 3272 1545 3344 lelicis
1558 3257 1724 3346 memorie

309 3397 436 3470 tributa
453 3405 534 3468 6661
548 3395 700 3490 predicte
718 3396 975 3489 congregationi
989 3395 1158 3491 imperiali
1172 3395 1374 3468 auctoritate
1388 3393 1642 3488 confirmamus,
1660 3421 1722 3492 pro

310 3520 463 3592 remedio
480 3519 595 3591 anime
614 3528 728 3592 nostre
742 3529 776 3591 61
790 3529 981 3592 nostmrum
996 3539 1234 3592 successorum
1249 3517 1341 3614 ipsos
1359 3526 1394 3590 61
1410 3519 1525 3590 omnia
1538 3520 1630 3592 bona
1643 3542 1722 3616 pre-

311 3644 402 3718 dicte
419 3643 693 3737 congregationis
711 3642 1442 3737 661111661166661111166666666661661
1462 3652 1523 3717 661
1543 3644 1588 3717 de
1611 3655 1723 3718 cetero

306 3771 399 3861 justo
412 3767 607 3864 adeptionis
625 3767 723 3838 111616
740 3776 899 3862 poterunt
916 3768 1071 3840 obtinere
1085 3769 1151 3840 sub
1170 3768 1380 3862 protectione
1401 3768 1588 3859 majestatis
1608 3780 1722 3842 nostre

309 3891 533 3986 suscipimus,
552 3901 587 3962 et
603 3890 804 3963 nominatim
818 3891 936 3964 villam
951 3890 1149 3963 Maraticam
1169 3892 1204 3962 in
1223 3893 1409 3963 Veronensi
1432 3893 1596 3965 comitatu
1619 3894 1720 3966 sitam

308 4038 389 4088 cum
405 4015 478 4088 6616
492 4014 654 4087 omnibus
670 4015 896 4110 pertinentiis,
915 4015 1073 4110 capellis,
1092 4015 1210 4112 pratis,
1229 4017 1380 4110 paeonia,
1400 4015 1602 4110 paludibus,
1620 4017 1720 4112 aquis

309 4159 548 4234 aquarumque
576 4139 805 4230 decursibus,
841 4139 1073 4230 molendinis,
1108 4140 1370 4229 venationibuS,
1398 4140 1544 4226 bannis,
1573 4141 1717 4212 distric-

310 4273 365 4335 166
379 4261 464 4360 (sir),
485 4262 634 4356 placitis,
651 4263 826 4352 ammonis,
847 4262 1047 4357 albergariis
1065 4271 1193 4335 etcum
1213 4261 1306 4332 omni
1322 4260 1562 4352 jurisdictione
1582 4273 1616 4335 61
1638 4285 1718 4336 6616

311 4405 405 4456 mero
419 4385 576 4480 imperio,
595 4393 630 4456 et
651 4395 775 4458 terram
795 4408 900 4480 quam
925 4385 1056 4458 habent
1078 4385 1113 4456 in
1138 4393 1249 4456 castro
1271 4383 1405 4456 Rotaris
1425 4393 1459 4456 et
1480 4385 1515 4456 in
1536 4387 1718 4484 Vallepul·

345 4657 381 4730 (tt
400 4656 509 4715 Scilicet
523 4657 549 4713 in
563 4657 652 4716 italico
663 4672 788 4716 sermone
798 4637 1015 4732 'emorraeum
1024 4658 1066 4716 del
1078 4657 1147 4718 clero
1159 4661 1306 4718 intrinseco
1315 4659 1346 4718 dr·
1355 4661 1465 4720 161666.

411 4757 451 4818 11.
1546 4774 1563 4826 9
