4272 5886
546 501 608 562 518
1049 499 1263 560 thbtttttct
1288 499 1462 562 sttctlrtol
1786 497 1871 584 [An.
1890 499 1967 559 1225

547 633 644 728 quod
667 631 851 706 lnndatum
869 641 921 705 est
942 633 978 706 in
997 643 1088 707 terra
1105 637 1229 708 Sancte
1248 635 1355 707 llarie
1372 635 1511 728 hlajoris
1533 634 1579 707 do
1594 634 1745 708 Nuceria
1767 657 1839 729 pro
1857 635 1968 706 archi-

546 760 736 854 presbitero
761 757 906 830 ecclesie
931 759 1125 852 nominate,
1147 769 1260 834 vestre
1278 759 1453 832 dilectioni
1477 759 1684 832 mandamns
1709 781 1764 830 ex
1789 768 1893 855 parte
1912 759 1968 830 im·

547 883 686 978 perialis
708 883 921 954 auctoritatis
954 905 1024 980 qua
1052 882 1229 978 fungimur
1262 883 1482 978 injungentes
1510 883 1675 977 quatinus
1709 883 1968 978 pooeaeionem

544 1007 734 1081 molendini
760 1007 871 1101 ipsius
899 1008 1044 1082 ecclesie
1069 1006 1354 1104 archipresbitero
1381 1029 1444 1104 pro
1471 1017 1567 1104 parte
1592 1007 1684 1080 dicte
1702 1007 1865 1080 ecclesie
1890 1008 1968 1078 assi-
2093 1039 2094 1056 π

544 1133 671 1225 gnetis,
692 1132 782 1203 sicut
800 1131 836 1202 in
856 1131 984 1228 scripto
1002 1133 1114 1226 ipsius
1133 1133 1302 1206 sententie
1316 1132 1483 1206 videbitis
1502 1133 1681 1204 contineri.
1698 1134 1839 1204 Datum
1861 1133 1966 1218 Sarni,

544 1267 670 1328 octavo
689 1255 855 1346 octubris,
876 1257 1134 1351 quartodecime
1152 1254 1362 1328 indictionis.

593 1380 729 1466 Quibus
747 1379 868 1452 litteris
893 1403 1030 1453 summa
1048 1403 1127 1453 cum
1154 1381 1347 1454 devocione
1364 1379 1529 1476 receptis,
1553 1380 1682 1453 auditis
1694 1391 1730 1453 et
1746 1380 1897 1478 plenius
1912 1381 1968 1450 in·
2091 1364 2093 1449 l

545 1505 707 1598 tellectis,
731 1504 909 1600 predictus
927 1507 1125 1602 stratigotus
1150 1506 1241 1579 dixit
1257 1507 1330 1599 jam
1349 1505 1480 1578 dictum
1501 1505 1769 1577 instrumentum
1792 1505 1967 1578 sentencie

542 1631 634 1704 velle
662 1629 795 1702 videre.
823 1629 955 1702 idcirco
976 1632 1048 1724 jam
1078 1631 1193 1704 dictus
1217 1631 1480 1726 archipresbiter
1504 1630 1618 1703 eidem
1640 1629 1832 1723 stratigoto
1856 1631 1966 1724 ipsum

545 1756 812 1828 instrumentum
832 1757 1008 1828 sentencie
1025 1757 1233 1848 assignavit3
1251 1757 1351 1848 cnjus
1367 1756 1575 1830 continentia
1594 1756 1672 1828 talis
1684 1765 1790 1828 erat:

593 1881 632 1949 ln
657 1879 796 1951 nomine
817 1881 955 1952 Domini
977 1883 1039 1954 llei
1064 1882 1173 1954 eterni
1192 1891 1226 1954 et
1245 1883 1432 1954 Salvatoris
1451 1881 1557 1954 nostri
1573 1881 1679 1954 lhesu
1703 1879 1860 1966 Christi,
1878 1898 1964 1950 anno

543 2002 716 2076 dominice
738 2003 982 2076 incarnationis
999 2005 1180 2078 millesimo
1195 2005 1431 2079 ducentesimo
1449 2005 1615 2077 vicesimo
1636 2005 1780 2098 quinto,
1798 2011 1963 2097 regnante

543 2128 685 2202 domino
703 2136 819 2200 nostro
836 2127 1016 2202 Frederico
1032 2131 1094 2202 Dei
1111 2131 1221 2224 gratia
1238 2130 1465 2203 invictissimo
1483 2131 1713 2204 Romanorum
1731 2127 1957 2224 imperatore,

543 2274 678 2348 semper
696 2259 845 2345 augusto
860 2261 895 2324 et
912 2253 1156 2346 gloriosissimo
1181 2275 1264 2348 rege
1289 2255 1424 2345 Sicilie,
1446 2253 1579 2349 imperii
1605 2255 1682 2344 ejus
1702 2275 1799 2325 anno
1820 2251 1957 2346 quinto,

542 2376 641 2470 regni
662 2396 745 2448 vero
763 2374 840 2467 ejus
862 2375 1029 2450 vicesimo
1047 2377 1212 2472 septimo,
1232 2398 1353 2449 mense
1370 2376 1544 2464 octubris,
1559 2373 1823 2469 quartedecime
1845 2372 1958 2445 indic-

543 2499 657 2572 tionis.
677 2501 768 2570 Dum
785 2521 849 2571 nos
867 2499 1016 2574 lacobus
1032 2499 1227 2572 Francisius
1251 2501 1439 2596 imperialis
1457 2499 1672 2593 justiciarius
1688 2499 1787 2594 apud
1814 2501 1956 2571 Samum

541 2625 674 2697 curiam
697 2645 916 2718 regeremus,
933 2624 1100 2697 habentes
1115 2625 1295 2698 nobiscum
1312 2627 1450 2698 Petrum
1464 2625 1509 2698 de
1524 2627 1723 2697 Benevento
1738 2624 1854 2719 ipsius
1869 2620 1957 2694 curie

537 2749 710 2842 judicem,
736 2749 929 2822 astantibus
948 2750 1051 2822 etiarn
1075 2750 1124 2821 ibi
1145 2749 1410 2847 quamplurimis
1433 2750 1518 2822 viris
1541 2749 1676 2844 probis,
1703 2748 1874 2822 ldartinus
1900 2767 1954 2818 ar-

540 2873 763 2967 chipresbiter
779 2876 902 2946 Sancte
917 2874 1024 2946 lilarie
1039 2875 1177 2967 Majoris
1190 2875 1236 2946 de
1252 2876 1397 2948 Nuceria
1415 2876 1516 2948 nobis
1531 2873 1743 2970 presentavit
1761 2871 1951 2970 imperiale

540 2999 670 3070 litteras
694 3019 756 3092 per
781 2997 897 3070 omnia
923 2998 1034 3070 taliter
1055 2998 1293 3072 continentes:
1312 2998 1583 3073 -Fredericns
1605 2999 1668 3070 Dei
1693 2997 1808 3092 gratia
1831 2999 1952 3070 Roma-

542 3143 666 3196 norum
683 3120 880 3217 imperator,
901 3145 1037 3218 semper
1052 3132 1223 3216 augustus
1238 3133 1273 3196 et
1288 3145 1353 3196 rex
1370 3125 1498 3216 Sicilie,
1514 3123 1642 3198 Iacobo
1656 3121 1833 3196 Francisio
1849 3117 1950 3214 Justi-

542 3246 647 3319 ciario
664 3255 699 3318 et
722 3245 817 3318 fideli
839 3267 903 3318 suo
920 3248 1065 3340 gratiam
1083 3269 1183 3318 suam
1204 3261 1240 3320 et
1258 3248 1385 3322 bonam
1403 3249 1629 3322 voluntatem.
1649 3247 1820 3319 Martinus
1838 3241 1949 3319 archi-

541 3372 709 3468 presbiter
724 3373 847 3442 Sancte
862 3372 967 3443 hlarie
980 3371 1119 3465 Majoris
1135 3371 1180 3444 de
1193 3373 1339 3446 Nuceria
1356 3372 1469 3446 tidelis
1486 3381 1602 3446 noster
1616 3371 1831 3466 significavit
1845 3377 1949 3443 nostro

539 3496 736 3572 celsitudini
761 3495 1006 3590 conquerendo
1027 3497 1123 3591 quod
1147 3520 1228 3570 cum
1251 3497 1490 3572 molendinum
1511 3497 1691 3592 quoddam
1714 3491 1946 3570 lundotumin

539 3623 728 3696 tenimento
745 3621 902 3714 ejusdem
924 3621 1070 3694 ecclesie
1093 3622 1169 3694 sine
1183 3623 1263 3716 jure
1281 3622 1424 3694 alterins
1442 3621 1587 3718 pacifice
1609 3621 1822 3717 possideret,
1844 3616 1946 3712 Judcx

536 3747 691 3822 Marinus
724 3746 784 3841 qui
813 3746 940 3819 dicitnr
963 3745 1009 3820 de
1037 3747 1150 3819 Rocoa
1175 3747 1304 3821 dictam
1330 3747 1512 3820 ecclesiam
1537 3746 1695 3820 destituit
1723 3746 1844 3818 minus
1863 3745 1945 3838 juste

536 3875 734 3948 molendino
752 3874 896 3968 prelato,
916 3873 954 3944 in
972 3873 1039 3944 hoc
1054 3875 1170 3968 potius
1186 3895 1249 3946 sne
1265 3873 1454 3946 voluntatis
1472 3872 1655 3945 arbitrium
1675 3892 1784 3966 quam
1805 3871 1944 3964 rigorem

532 3999 672 4091 justicie
691 3997 921 4070 immutando.
942 3997 1104 4070 Volentss
1129 3997 1235 4092 igitur
1254 4007 1294 4068 nt
1310 3997 1535 4070 ecclesiarum
1554 3997 1634 4089 J’ma
1659 3995 1793 4068 illibata
1814 4009 1944 4066 serven·

536 4134 605 4215 tur,
625 4122 782 4196 fidelitati
800 4131 859 4194 tue
878 4121 1102 4217 precipiendo
1119 4120 1328 4195 mandamus
1344 4122 1512 4218 quatinus
1531 4120 1697 4215 inquisita
1715 4117 1762 4208 de
1779 4111 1943 4214 premissis

537 4247 736 4341 diligentius
759 4249 920 4337 veritate,
947 4246 977 4316 si
992 4267 1065 4318 rem
1092 4247 1268 4318 inveneris
1287 4247 1335 4319 ita
1354 4267 1431 4319 esse
1451 4246 1543 4318 sicut
1564 4245 1725 4341 superius
1742 4243 1938 4321 continetur,

535 4371 730 4466 predictum
745 4370 900 4464 judicem
917 4370 964 4442 ad
982 4370 1234 4443 restituendum
1260 4369 1501 4444 molendinum
1525 4372 1640 4465 ipsum
1659 4369 1807 4442 ecclesie
1823 4382 1941 4438 memo

536 4502 608 4564 rate
629 4494 766 4583 jnsticia
793 4493 967 4567 mediante
988 4495 1191 4590 compellas,
1217 4505 1256 4567 ut
1278 4495 1401 4570 iterato
1423 4516 1486 4590 pro
1513 4493 1650 4568 delectu
1675 4491 1818 4584 justicie
1840 4490 1941 4564 dietus

537 4616 800 4712 archipresbiter
827 4640 896 4691 non
917 4630 1059 4713 cogatur
1085 4619 1259 4693 veniendo
1286 4619 1333 4694 ad
1358 4621 1491 4692 cumam
1516 4618 1684 4692 laborare.
1711 4619 1841 4690 ilatum
1862 4613 1940 4686 Neo·
