4298 5898
169 561 345 640 herculii]
626 564 821 629 HISTORIA
847 565 1138 629 bletottartctt.
1525 565 1585 630 423

167 705 271 788 rent,
294 718 367 792 quo
385 718 454 772 nou
477 707 529 772 eat
546 702 678 775 veritus
696 713 816 778 contra
837 703 1105 779 ecclesiasticam
1130 703 1236 778 fidem
1259 701 1378 780 inuehi
1401 713 1435 778 et
1459 724 1586 776 nomen

166 821 304 894 Domini
330 821 582 918 blasphemare.
607 826 652 900 Ut
677 838 792 902 autem
817 851 959 926 presens
983 830 1048 902 heo
1070 828 1227 903 edictalis
1250 827 1448 902 constitutio
1470 838 1586 903 nostra

166 945 293 1020 debeat
315 947 351 1020 in
370 946 599 1024 hereticorum
624 953 870 1028 exterminium
894 953 1037 1028 firmiter
1064 954 1264 1046 observari,
1286 953 1584 1048 circumspectioni

166 1081 226 1146 tue
241 1072 487 1147 committimus
507 1085 680 1170 qnatenus
699 1076 790 1151 hanc
811 1079 1090 1152 constitutionem
1106 1088 1257 1153 nochum
1275 1101 1338 1176 per
1353 1087 1459 1154 mlum
1477 1079 1586 1150 Lom-

166 1194 326 1271 bardiam
350 1197 456 1272 lacius
473 1200 662 1294 publicari,
684 1202 811 1278 amodo
834 1226 895 1300 per
914 1204 1102 1300 imperialis
1120 1205 1228 1278 bonni
1245 1225 1425 1278 censuram
1443 1204 1491 1278 ab
1509 1223 1584 1276 om·

166 1322 273 1397 nibus
290 1323 531 1398 universaliter
544 1327 811 1402 observandam.

215 1449 340 1522 Datum
362 1448 545 1544 Cathanie,
573 1473 665 1526 anno
679 1453 851 1527 dominice
864 1453 1110 1529 incarnationis
1123 1454 1333 1547 hiCCXXlll,
1353 1474 1472 1528 mense
1489 1475 1580 1528 mar·

168 1573 221 1666 tii,
243 1573 450 1648 duodecime
466 1575 677 1651 indictionis.

393 1857 402 1864 ι
420 1859 427 1864 -
437 1855 1364 1868 nnn-m-—mo--u-—u——n--n--o-—sunufflffl

219 2106 449 2210 Fridcricus,
472 2106 734 2190 Romanorum
764 2106 983 2214 imperator,
1005 2105 1045 2186 in
1076 2106 1309 2215 protectione
1336 2131 1407 2188 sua
1427 2101 1585 2213 suscipit
1638 2137 1755 2240 ciffi·

164 2251 298 2352 gentes
312 2239 507 2346 Limnias,
523 2239 748 2344 Euhodiae,
766 2239 1027 2340 Samlundiac‚
1049 2239 1243 2344 Prussiae,
1270 2239 1511 2350 Semigalliae
1534 2241 1583 2324 ad

163 2376 350 2459 unitatem
364 2373 592 2458 catholicam
609 2373 777 2458 conrerd
792 2373 974 2457 uolentes.

249 2564 338 2646 (edit.
352 2582 403 2644 ap.
422 2565 505 2626 Patr.
519 2563 554 2624 dc
578 2563 644 2626 Vm.
658 2567 754 2646 spot,
771 2563 822 2626 llb.
839 2563 977 2644 V1,cap.
996 2573 1052 2638 8⁰3
1068 2563 1135 2626 coll.
1150 2579 1221 2626 cum
1242 2563 1310 2626 cod.
1323 2563 1580 2639 nullathenus,
1636 2616 1639 2622 .

284 2669 382 2734 Fundi
401 2667 670 2745 scaminus,
689 2685 724 2732 n⁰
743 2679 815 2746 455,
835 2670 887 2732 iol.
911 2680 987 2746 ²11,
1006 2671 1085 2732 unde
1106 2677 1193 2734 notas
1210 2671 1431 2751 chronologicus
1453 2677 1582 2736 ammos

285 2797 362 2860 quac
376 2783 498 2842 omnino
515 2782 547 2840 ln
562 2781 714 2857 impressis
726 2795 822 2858 usque
835 2795 916 2839 nunc
929 2778 1109 2852 defuerant.)

213 2950 425 3039 Fridcricus,
451 2958 539 3040 atc.,
565 2948 727 3044 regibus,
752 2947 904 3022 ducibus
929 2957 964 3021 et
990 2947 1228 3046 principibus,
1258 2949 1516 3024 marchionibus
1546 2963 1581 3028 et

164 3076 338 3150 universis
364 3075 487 3150 Christi
516 3074 679 3150 fidelibus
705 3073 851 3171 imperio
874 3075 1027 3148 llomanc
1053 3074 1218 3168 subjectis
1245 3075 1391 3169 gratiam
1416 3099 1516 3150 snam
1547 3087 1582 3152 et

162 3223 266 3276 omns
295 3202 440 3275 bonurn.
469 3200 525 3274 Ad
552 3201 619 3306 hoc
648 3199 775 3274 summi
804 3199 1062 3296 dispensatione
1091 3200 1225 3274 consilii
1253 3222 1314 3298 pre
1347 3201 1424 3276 aliis
1447 3203 1581 3299 princi·-

162 3328 269 3425 pibus
291 3326 505 3401 obtinuimus
528 3324 766 3399 monarchiam
789 3323 967 3419 dignitatis
987 3335 1022 3398 et
1038 3325 1176 3421 imperii
1199 3325 1344 3399 Romani
1365 3327 1581 3422 suscepimus

162 3452 327 3527 madenia
339 3462 391 3545 ut,
408 3451 473 3526 etsi
491 3450 538 3525 ad
556 3451 624 3525 alia
645 3450 841 3524 motusue
856 3448 972 3523 debita
986 3448 1182 3524 sollicitudo
1201 3471 1266 3524 nos
1282 3460 1459 3548 provocet,
1475 3452 1522 3526 ad
1537 3474 1579 3526 ea

162 3590 280 3654 umen
298 3600 369 3674 qne
388 3577 555 3652 libertatis
576 3575 728 3650 Ecclesie
746 3585 874 3648 statum
896 3583 929 3648 ct
947 3575 1197 3648 incrementum
1218 3575 1386 3650 catholice
1400 3575 1483 3653 lidei
1500 3599 1581 3673 pro-

163 3713 342 3779 moverent
358 3712 454 3777 tanto
478 3701 663 3799 specialius
686 3699 925 3788 intendamus,
946 3707 1078 3795 quanto
1103 3699 1236 3794 gratius
1255 3699 1340 3774 inde
1361 3700 1494 3774 Christo
1509 3701 1581 3774 im-

163 3830 311 3926 pertitur
334 3827 559 3922 obsequium,
578 3848 600 3900 a
618 3846 690 3922 quo
707 3823 795 3899 lidos
819 3825 912 3920 cepit
931 3823 1114 3897 exordium
1132 3832 1168 3896 ct
1187 3845 1250 3920 per
1264 3845 1369 3922 quem
1393 3826 1579 3924 imperialis

162 3955 310 4052 gratiam
325 3953 604 4048 recognoscimus
620 3950 804 4024 unctionis.
825 3949 915 4021 ilinc
928 3957 980 4021 cst
997 3949 1104 4043 igitur
1116 3949 1213 4044 quod
1227 3971 1290 4046 per
1309 3972 1451 4046 presens
1470 3952 1579 4047 scrip-

163 4090 237 4153 turn
267 4089 386 4154 notum
410 4077 484 4153 lieri
506 4078 669 4150 volumus
692 4074 864 4148 universis
890 4081 1083 4170 presentem
1108 4073 1273 4169 paginam
1299 4075 1507 4172 inspecturis
1531 4074 1578 4148 ad

162 4215 316 4280 nostram
348 4225 458 4299 nuper
490 4224 537 4276 cx
562 4201 717 4276 veridica
747 4197 905 4273 fidelium
931 4197 1162 4271 insinuatione
1188 4198 1351 4271 noticiam
1381 4198 1579 4295 pervenisse

162 4331 260 4428 quod
276 4331 427 4427 quedam
443 4338 564 4427 gentes
579 4329 616 4400 in
630 4325 954 4423 septentrionalibus
970 4324 1127 4421 partibus
1144 4323 1345 4417 constitute,
1364 4323 1527 4400 videlicet
1542 4324 1578 4398 in

163 4457 325 4547 livonia,
344 4456 503 4544 Estcnia,
526 4452 748 4528 Samhlendia
768 4449 835 4548 (t),
854 4451 1008 4538 Prussia,
1027 4449 1224 4544 Semigallia
1245 4457 1279 4522 et
1294 4448 1331 4520 in
1345 4448 1423 4522 aliis
1438 4449 1580 4546 provin-

165 4633 305 4647 —ss
1515 4627 1576 4637 ⁸-

200 4717 235 4788 (t)
255 4713 362 4772 Scilicet
373 4711 521 4782 Sumhud,
535 4701 673 4785 provincia
686 4724 786 4784 parrae
797 4707 969 4767 Pomeraniae
979 4705 1077 4786 urina.
