4368 5876
217 531 372 618 lanima]
667 529 866 592 lllS'l'Othl
891 530 1185 594 blptottttutctt.
1573 533 1628 594 151

216 672 344 746 luerint
359 669 519 744 destinati
534 669 686 764 aliquem
701 668 747 741 de
763 667 886 741 oblatis
901 667 974 740 suis
988 669 1034 740 ab
1051 668 1162 764 ipsius
1178 666 1321 741 ecclesie
1335 665 1569 740 dominatione
1583 667 1631 762 (a)

217 797 430 871 subtractum
448 795 503 868 vel
523 816 762 890 quoscumque
779 792 824 867 de
843 795 967 867 oblatis
988 795 1072 889 ipsis
1091 793 1300 886 invenerint,
1319 793 1450 868 eisdem
1471 793 1631 888 capiendi

218 920 380 996 dedimus
401 928 624 1017 potestatem,
645 918 791 1013 qualiter
811 918 857 992 ad
874 915 1151 1010 jurisdictionem
1174 917 1349 1014 sepedicte
1369 917 1512 991 ecclesie
1537 918 1631 1012 ipsos

217 1067 298 1118 cum
324 1045 487 1118 omuibus
512 1045 612 1118 bonis
633 1053 668 1116 et
687 1044 964 1137 possessionibus
985 1044 1151 1117 reducere
1164 1045 1313 1139 possint,
1337 1044 1434 1116 etad
1457 1042 1524 1114 boc
1544 1063 1633 1116 ene-

217 1169 397 1264 quendum
416 1179 570 1240 vestrum
590 1167 642 1239 eis
662 1167 708 1240 cb
727 1167 954 1242 reverentiam
970 1168 1077 1240 nostri
1096 1168 1256 1240 culminis
1277 1167 1447 1240 auxilium
1467 1176 1501 1238 et
1521 1167 1632 1239 cousi·

217 1294 301 1364 lium
327 1292 545 1388 impendatis.
564 1291 715 1365 Villauos
737 1313 821 1365 vero
841 1292 994 1389 predicte
1017 1292 1143 1365 llloutis
1163 1292 1300 1387 Regalis
1319 1290 1462 1363 ecclesie
1485 1299 1520 1362 et
1542 1291 1632 1364 obe-

218 1415 426 1490 dientiarum
456 1437 576 1490 earum
601 1416 814 1510 ubicumque
835 1435 894 1487 eos
919 1413 1115 1488 invenerint
1138 1415 1269 1488 eisdem
1295 1413 1457 1509 capiendi
1478 1412 1633 1487 similiter

219 1539 381 1614 dedimus
397 1549 597 1635 potestatem
611 1548 739 1612 etcum
753 1538 891 1612 familiis
908 1547 943 1610 et
954 1538 1116 1612 omuibus
1130 1540 1235 1611 rebus
1250 1537 1323 1610 suis
1340 1536 1387 1609 ad
1405 1537 1479 1610 loca
1494 1538 1632 1634 propria

218 1665 421 1738 reducendi.
439 1665 572 1760 Siquis
592 1673 709 1738 antem
724 1665 768 1738 de
785 1663 994 1761 supradictis
1010 1664 1134 1737 oblatis
1152 1663 1309 1736 debitum
1334 1662 1496 1736 universe
1521 1664 1634 1736 carnis

218 1789 438 1884 persolverit,
459 1791 670 1884 precipimus
689 1798 799 1861 utres
816 1790 892 1883 ejus
911 1797 980 1860 tam
1001 1788 1142 1862 stabiles
1156 1810 1261 1882 quam
1286 1787 1431 1860 mobiles
1452 1787 1499 1860 ad
1515 1787 1635 1860 domi-

218 1913 315 1986 nium
335 1913 445 2009 ipsius
457 1914 600 1987 ecclesie
616 1912 740 1987 Montis
754 1913 890 2007 Regalis
907 1913 982 1986 siue
996 1913 1134 1988 delectu
1152 1914 1308 2008 quolibet
1321 1911 1535 2006 redigantur,
1553 1921 1588 1984 et
1604 1913 1634 1985 si

218 2037 371 2132 quidde
394 2038 667 2132 possessionibus
695 2038 767 2111 suis
793 2037 1032 2112 distraxerunt
1052 2039 1109 2112 vel
1133 2037 1238 2111 modo
1264 2038 1421 2133 quolibet
1444 2037 1636 2110 alienarunt

218 2171 296 2258 post
312 2162 518 2235 oblationem
539 2165 661 2236 laetam
678 2162 821 2236 ecclesie
838 2163 884 2236 ab
904 2161 1053 2254 eisdem,
1068 2165 1232 2236 volumus
1248 2162 1344 2258 quod
1360 2164 1397 2233 in
1415 2162 1549 2234 irritum
1572 2183 1637 2256 pe-

220 2285 314 2359 nitus
337 2295 517 2360 revocetur
540 2297 576 2360 et
599 2286 646 2361 ad
673 2310 754 2361 eum
782 2295 910 2361 statum
936 2287 1124 2362 reducatur
1149 2310 1220 2382 quo
1246 2288 1312 2359 fuit
1335 2285 1477 2381 quando
1505 2286 1572 2381 ipsi
1597 2307 1635 2358 ee

219 2421 406 2485 memorate
430 2412 576 2485 ecclesie
607 2413 820 2485 obtulerunt.
849 2412 1063 2507 Precipimus
1092 2433 1233 2506 quoque
1264 2420 1299 2484 et
1322 2409 1491 2505 presentis
1517 2408 1634 2505 scripti

219 2536 421 2609 auctoritate
448 2535 654 2610 mandamus
681 2535 777 2631 quod
802 2536 919 2607 nullus
946 2535 1116 2607 baronum
1147 2535 1203 2607 vel
1231 2534 1358 2627 aliquis
1385 2533 1473 2605 alius
1503 2533 1634 2605 curiam

220 2659 346 2733 habeat
373 2660 410 2732 iu
438 2661 634 2733 tenimentis
655 2660 781 2734 Montis
805 2659 943 2754 Regalis
968 2659 1128 2750 ecclesie,
1152 2658 1215 2732 sed
1243 2657 1393 2731 ordinati
1420 2657 1474 2728 sui
1503 2656 1635 2729 curiam

220 2786 370 2858 babeant
386 2785 431 2858 de
448 2785 647 2858 bominibus
664 2794 700 2856 et
715 2785 838 2857 oblatis
857 2785 930 2856 suis
945 2783 1159 2877 ubicumque
1173 2790 1361 2874 morentur,
1380 2782 1470 2853 sicut
1483 2791 1636 2875 tempore

219 2910 310 3004 regis
328 2909 500 2983 Guillelmi
519 2919 774 2982 consueverunt
798 2908 946 3000 babere,
973 2909 1117 3005 ipseque
1134 2907 1332 2980 obedientie
1351 2916 1387 2979 et
1401 2906 1558 2978 homiues
1580 2905 1635 2978 eui

220 3036 275 3105 vel
296 3055 417 3106 eorum
442 3033 604 3105 animalia
622 3054 683 3127 pro
707 3031 920 3105 attrabendis
942 3031 1188 3127 lignaminibus
1212 3032 1388 3122 galearum
1409 3052 1471 3101 seu
1495 3051 1558 3126 pro
1577 3051 1636 3102 re·

220 3160 395 3254 paratione
424 3158 642 3232 castellorum
674 3166 868 3231 nostrorum
901 3157 947 3230 ad
976 3157 1153 3251 angariam
1182 3177 1251 3228 non
1284 3165 1473 3249 cogantur,
1503 3154 1566 3227 sed
1596 3177 1637 3228 ea

220 3281 375 3355 libertate
393 3304 498 3377 quam
515 3281 712 3355 babuerunt
736 3291 889 3378 tempore
912 3281 995 3354 dicti
1018 3281 1111 3375 regis
1129 3280 1195 3352 sub
1213 3287 1330 3353 nostro
1350 3288 1503 3374 tempore
1520 3289 1638 3374 gratu·

220 3406 347 3480 lentur.
364 3407 407 3478 Et
422 3417 461 3478 ut
480 3407 555 3502 ipsa
569 3407 714 3480 ecelesia
728 3405 855 3478 Montis
868 3405 1004 3499 Regalis
1018 3403 1226 3478 benelicium
1247 3414 1400 3478 nostrum
1421 3403 1458 3474 in
1478 3404 1639 3478 omnibus

220 3531 451 3604 favorabiliter
476 3538 679 3624 eognoscat,
707 3551 827 3603 omnes
850 3529 960 3601 bonos
988 3551 1091 3619 usus,
1114 3527 1404 3618 eonsuetudines,
1432 3527 1634 3621 dignitates,

220 3655 400 3749 privilegia
429 3662 464 3728 et
483 3658 563 3749 Jura
593 3653 704 3750 ipsius
732 3653 828 3726 illesa
854 3653 899 3726 de
923 3662 1036 3727 cetero
1063 3653 1273 3750 precipimus
1298 3651 1493 3741 observari3
1520 3652 1638 3724 scituri

220 3779 316 3874 quod
337 3779 398 3874 qui
421 3779 504 3852 huic
528 3777 692 3851 mandato
719 3787 836 3850 nostro
860 3785 988 3850 temere
1011 3775 1258 3871 presumpserit
1278 3774 1422 3848 obviare
1442 3796 1522 3847 eum
1545 3775 1639 3869 peri-

220 3903 300 3976 culo
324 3924 439 3976 rerum
463 3913 498 3976 et
518 3923 666 3998 persone
690 3901 964 3995 indignationem
983 3901 1091 3973 nostri
1115 3899 1276 3973 culminis
1298 3920 1336 3972 se
1358 3899 1492 3972 noverit
1516 3899 1638 3971 incur-

223 4047 358 4099 surum.

269 4151 357 4223 Data
380 4149 588 4242 brundusii,
614 4168 705 4221 auno
731 4144 905 4219 dominice
930 4145 1175 4219 iucarnationis
1197 4145 1379 4217 millesimo
1404 4143 1639 4218 ducentesimo

223 4273 390 4370 vigesimo
409 4274 521 4370 primo
533 4329 544 4365 ,
566 4293 685 4346 mense
709 4271 842 4360 martii,
867 4268 1055 4343 indictione
1079 4291 1189 4360 noua,
1214 4269 1349 4364 imperii
1373 4268 1504 4340 domini
1532 4267 1638 4340 nostri

222 4399 386 4471 Friderici
403 4399 467 4471 Dei
486 4399 597 4493 gratia
614 4394 835 4468 illustrissimi
853 4394 1084 4468 Romanorum
1102 4391 1328 4488 imperatoris,
1348 4414 1484 4487 semper
1499 4393 1639 4486 augusti

264 4665 303 4747 (a)
322 4667 359 4728 lu
371 4669 515 4744 impresso
528 4662 693 4734 domtoae,
702 4662 792 4723 male.
