4296 5898
213 637 310 698 lunser.
326 633 370 720 9.]
660 631 859 695 HISTORIA
883 627 1181 694 utauomarlca
1575 633 1633 698 193

213 770 302 846 leui
328 769 374 844 de
391 772 538 843 laureto
563 789 643 841 curn
667 769 822 843 ecclesiis
846 780 881 844 et
904 768 1181 866 possessionibus
1208 765 1295 859 suis,
1321 767 1501 842 ecelesiam
1516 769 1633 846 Sancti

213 894 373 984 Serotini,
389 892 567 968 ecclesiam
582 892 698 965 Sancti
711 892 921 986 paterniani,
939 892 1121 968 eeclesiam
1136 893 1262 965 Sancte
1274 891 1436 984 Barbare,
1449 894 1631 970 eeclesiam

213 1019 328 1093 Sancti
344 1016 482 1114 Angeli,
502 1017 683 1092 ecclesium
700 1019 816 1094 Sancti
834 1018 986 1112 Andree,
999 1017 1180 1092 aeclesiam
1198 1016 1313 1090 Sancti
1329 1017 1460 1091 Antimi
1481 1017 1526 1093 de
1545 1020 1633 1094 eivi-

214 1153 283 1217 tate
295 1143 412 1216 Sancti
425 1141 566 1238 Angeli,
588 1141 767 1216 ecclesiam
788 1145 912 1217 Sancte
929 1143 1036 1218 llario
1054 1141 1100 1216 dc
1122 1141 1291 1230 bloscuio,
1309 1141 1489 1215 ecclesiam
1509 1143 1634 1218 sancto

212 1269 322 1342 blarie
334 1267 381 1342 de
393 1267 558 1360 Planclla,
575 1268 738 1341 Sanctum
753 1267 892 1342 Petrum
905 1268 951 1343 de
963 1265 1154 1355 Asmarico,
1171 1266 1334 1339 Sanctum
1346 1266 1571 1340 Laurentium
1587 1265 1634 1341 do

212 1390 368 1483 Fabrica,
388 1391 549 1465 Sanctam
565 1389 708 1464 Mariam
726 1390 773 1465 de
784 1390 1024 1487 Civitaquana,
1036 1393 1198 1463 Sanctam
1212 1387 1354 1463 Mariam
1368 1388 1413 1462 de
1427 1389 1629 1481 Cateniano,

212 1519 371 1590 Sanctam
400 1515 544 1589 Marium
566 1515 611 1590 dc
632 1515 754 1607 Rivic,
778 1516 939 1592 Sanctam
966 1515 1111 1590 Mariam
1136 1512 1181 1588 de
1208 1514 1344 1588 Olmetc
1371 1512 1439 1610 (a),
1471 1516 1632 1590 Sanctam

211 1641 356 1714 Mariam
373 1639 418 1714 de
436 1637 531 1714 Adra
548 1637 613 1738 (b),
633 1642 793 1714 Sanctam
808 1641 953 1715 Mariam
971 1639 1017 1714 de
1030 1638 1161 1730 Jrivio,
1179 1639 1345 1710 Sanctum
1360 1638 1569 1713 Clementem
1587 1640 1633 1716 de

211 1763 379 1837 Balbiano
395 1763 453 1862 (c),
464 1766 629 1840 Sanctum
641 1765 780 1838 Petrum
790 1764 837 1839 ad
847 1765 1073 1854 leonensem,
1088 1764 1249 1838 &neam
1262 1762 1405 1837 Mariam
1419 1763 1464 1838 dc
1478 1765 1630 1856 llubilia,

214 1889 378 1962 Sanctum
396 1889 582 1984 Georgium
603 1888 649 1963 de
662 1889 815 1983 Ornan0,
835 1892 995 1964 Sanctam
1009 1887 1170 1962 Rufinam
1188 1887 1234 1962 de
1254 1887 1439 1983 Aquilano,
1467 1889 1631 1964 Sanctum

212 2012 384 2108 Angelum
399 2013 445 2088 da
460 2015 569 2088 Puteo
590 2035 672 2088 curn
690 2035 810 2088 earum
827 2015 932 2109 justis
945 2013 1238 2110 possessionibus,
1259 2022 1294 2086 et
1309 2013 1483 2110 quidquid
1501 2015 1631 2088 libera-

214 2138 307 2212 litate
322 2138 531 2236 principum,
551 2139 774 2214 concessione
790 2139 1010 2236 pontificum,
1031 2139 1202 2214 oblatione
1218 2136 1375 2212 fidelium
1389 2161 1452 2213 scu
1474 2140 1629 2235 quolibet

213 2263 282 2337 alio
304 2262 409 2339 modo
428 2267 522 2358 juste
539 2274 574 2338 et
588 2265 836 2340 rationabiliter
849 2266 922 2338 Deo
940 2264 1089 2360 pmpitio
1110 2263 1289 2358 acquirere
1309 2263 1444 2359 poterit.
1467 2266 1519 2338 De
1536 2286 1628 2340 novo

211 2388 355 2483 quidem
380 2390 614 2462 concessimus
637 2400 673 2463 et
698 2391 868 2487 presentis
889 2389 1018 2486 pagina
1046 2388 1164 2484 scripti
1186 2386 1430 2461 confirmamus
1457 2390 1628 2466 Pennenei

212 2513 356 2588 ecclesie
372 2513 444 2588 duo
459 2514 610 2606 castella,
632 2514 798 2589 videlicet
809 2515 903 2588 Colle
925 2515 1032 2597 altum
1052 2523 1087 2586 et
1101 2513 1283 2586 Pulianum
1300 2511 1365 2610 (d),
1383 2514 1451 2588 boc
1467 2514 1573 2590 modo
1590 2526 1629 2589 ut

213 2636 345 2710 domini
360 2637 406 2712 de
423 2638 509 2736 ipsis
524 2639 672 2713 castellis
697 2638 904 2736 supradictis
930 2649 965 2713 et
990 2659 1112 2712 omnes
1135 2659 1255 2710 eorum
1281 2639 1439 2712 bomines
1462 2651 1628 2736 perpetuo

212 2763 382 2838 civitatem
398 2765 613 2839 Pcnnensem
626 2765 831 2857 inhabitent,
848 2766 957 2839 salvis
972 2763 1099 2839 debitis
1112 2761 1319 2837 rusticorum
1335 2786 1404 2860 que
1418 2764 1503 2860 ipsis
1516 2765 1629 2838 domi·

212 2888 269 2960 uis
288 2887 473 2981 debentur,
492 2899 528 2963 et
542 2889 743 2986 supradicto
765 2890 954 2965 venerabili
977 2889 1140 2988 episeopo
1165 2887 1291 2962 Othoni
1312 2897 1347 2962 et
1370 2889 1628 2963 successoribus

212 3013 286 3086 suis
302 3015 468 3089 catholice
489 3015 683 3088 substitutis
707 3015 831 3111 ligium
849 3015 1043 3089 hominium
1066 3023 1103 3088 et
1128 3012 1329 3088 fidelitatem
1350 3013 1541 3088 exhibeant
1560 3015 1629 3088 sibi

212 3147 247 3212 et
267 3139 411 3234 posteris
427 3139 501 3212 suis
516 3139 553 3212 in
570 3141 732 3214 omnibus
752 3141 1016 3238 respondentes,
1033 3139 1123 3213 sicut
1141 3138 1200 3212 alii
1217 3138 1375 3214 homines
1390 3138 1454 3235 qui
1467 3139 1626 3214 eamdem

213 3264 388 3338 civitatem
402 3264 612 3358 inhabitant,
624 3265 779 3340 volentes
792 3276 827 3339 ct
840 3265 1016 3362 perpetuis
1027 3263 1155 3338 futuris
1163 3264 1376 3360 temporibus
1385 3263 1626 3340 confirmantes

213 3398 252 3460 nt
264 3389 453 3463 Pennensis
464 3388 608 3463 ecclesia
624 3413 704 3463 cum
718 3391 873 3486 predicta
884 3391 1023 3465 civitate
1037 3389 1075 3461 iu
1088 3389 1252 3462 omnibus
1268 3389 1341 3463 suis
1350 3390 1627 3486 possessionibus

212 3512 258 3585 ad
276 3513 411 3585 nullum
425 3513 533 3586 alium
547 3513 615 3587 nisi
632 3513 679 3588 ad
691 3535 755 3590 nes
771 3526 974 3610 nostrosque
993 3513 1138 3588 heredes
1160 3516 1218 3587 vel
1236 3535 1452 3589 successores
1470 3524 1628 3590 teneatur

212 3637 340 3710 babere
355 3649 562 3735 respectum.
578 3641 772 3714 Statuentcs
787 3648 823 3713 et
834 3639 1002 3736 imperiali
1017 3638 1246 3735 precipientes
1261 3638 1376 3714 edicto
1391 3649 1432 3713 ut
1444 3639 1571 3715 amodo
1590 3641 1626 3712 in

211 3771 313 3836 antea
326 3764 422 3837 nulla
437 3765 580 3838 humilis
593 3765 650 3838 vel
666 3765 737 3839 alta
754 3786 920 3862 persona,
943 3763 1175 3839 ecelesiastica
1192 3765 1249 3838 vel
1266 3765 1449 3859 secularis,
1472 3765 1628 3863 predicte

211 3886 355 3962 ecclesie
371 3897 406 3963 et
421 3889 665 3972 canonicorum
685 3911 741 3963 res
757 3899 792 3965 et
808 3889 1044 3988 possessiones
1069 3889 1106 3962 in
1127 3889 1244 3984 aliquo
1269 3891 1451 3964 molestare
1468 3892 1524 3964 vel
1543 3912 1625 3963 con·

211 4013 352 4088 turbare
370 4024 558 4110 presumat.
582 4016 618 4088 Si
641 4014 721 4110 quis
738 4015 845 4112 igitur
858 4013 1147 4104 confirmationis,
1172 4017 1343 4111 precepti,
1368 4016 1563 4090 donationis
1591 4029 1626 4090 et

209 4139 442 4214 concessionis
461 4137 670 4241 uostri[que]
693 4141 908 4216 mundbordi
929 4143 1075 4218 violator
1097 4140 1249 4215 extiterit
1272 4142 1471 4239 culpabilis,
1491 4144 1625 4216 solvere

208 4272 352 4356 cogatur
369 4263 463 4340 mille
476 4265 582 4341 libras
594 4267 672 4342 auri
687 4267 823 4365 optimi,
840 4267 1057 4344 medietatem
1074 4285 1209 4340 camere
1223 4275 1387 4340 nostrast
1402 4266 1621 4341 medictatem

251 4457 293 4537 (a)
315 4459 351 4520 ln
363 4458 456 4521 altera
469 4459 538 4522 odlt
558 4457 673 4525 Ulmeto.

251 4563 291 4645 (l)
313 4565 428 4628 Ibidem
435 4564 536 4628 ildico.

251 4671 289 4750 (c)
307 4672 423 4735 Ibidem
440 4670 585 4736 Valviaao.

250 4776 294 4860 (a)
316 4779 430 4843 Ibidem
442 4777 625 4844 Plocium

308 4887 351 4949 ll.
