4298 5898
1070 565 1284 630 sutusutct
1309 567 1482 630 sucurtut
1794 571 1873 652 [Au.
1892 574 1984 638 1225.

407 1171 455 1258 p.
475 1107 516 1258 „J
624 1127 860 1240 fridericus,
890 1136 1151 1221 Romanorum
1181 1137 1407 1248 imperator,
1428 1139 1599 1223 concedit
1625 1151 1669 1224 ut
1695 1141 1848 1225 cuilibet
1874 1143 1984 1224 liceat

569 1265 673 1352 bona
687 1271 799 1377 dare,
819 1271 964 1354 donare
985 1280 1023 1354 et
1040 1271 1080 1354 in
1099 1273 1235 1356 ultima
1254 1273 1449 1358 voluntate
1471 1274 1685 1385 relinquere
1703 1275 1982 1386 archiepiscopo

452 1509 454 1514 Ι
568 1412 606 1486 et
620 1404 799 1488 ecclesiae
817 1404 1043 1488 Arelatensi.

640 1621 763 1702 (laedit.
779 1639 824 1702 ap.
847 1622 1218 1696 hermammonem
1229 1623 1297 1685 Alta.
1313 1641 1366 1683 rac·
1379 1620 1486 1705 stylite
1499 1621 1626 1696 dArlca,
1643 1627 1738 1704 pieres
1753 1623 1874 1702 Juque
1894 1631 1920 1685 t.
1936 1625 1979 1696 ll,

689 1729 712 1790 l.
726 1738 796 1802 tao,
809 1732 840 1790 tn
850 1729 927 1790 urat.
938 1731 1062 1804 Arctet..
1073 1747 1141 1792 cnm
1154 1729 1210 1791 hec
1220 1729 1410 1792 uotaGatllce
1422 1735 1549 1810 scripta:
1564 1733 1650 1812 Cepit
1660 1739 1746 1810 prout
1753 1728 1981 1810 iterasses-

689 1833 773 1918 pinel
785 1833 852 1896 dod
866 1833 892 1896 le
904 1853 988 1898 um
999 1855 1020 1898 a
1032 1839 1076 1898 aa
1088 1835 1229 1899 emelii:
1244 1835 1329 1900 Arcti.
1344 1835 1386 1899 du
1397 1837 1482 1920 chop.
1497 1835 1622 1916 dilala,
1632 1838 1759 1902 elatior
1770 1838 1980 1920 demina,

681 1945 830 2023 purten,
843 1945 911 2006 titre
921 1942 1006 2025 atr.)
1853 1991 1860 2002 .

615 2129 810 2204 fridericus
830 2131 892 2204 Dei
909 2133 1019 2227 gratia
1042 2133 1493 2230 Romanorumimperator,
1513 2157 1649 2228 semper
1666 2143 1836 2229 augustus
1861 2144 1898 2207 et
1916 2156 1977 2206 rex

566 2255 693 2329 Sicilie.
715 2256 886 2329 Preseutis
907 2257 1024 2353 scripti
1049 2257 1139 2330 serie
1162 2257 1335 2330 universis
1357 2257 1493 2354 imperii
1513 2255 1676 2331 fidelibus
1700 2259 1918 2355 presentibus
1942 2267 1976 2330 et

566 2382 692 2454 futuris
714 2383 877 2454 volumus
899 2403 975 2454 esse
1002 2391 1122 2455 notum
1147 2382 1243 2478 quod
1273 2405 1336 2455 nos
1359 2381 1592 2456 Arelatensem
1616 2384 1796 2456 ecclesiam
1823 2385 1977 2456 volentes

565 2508 667 2580 oculo
684 2507 836 2600 benigno
855 2507 1025 2604 respicere
1046 2517 1081 2580 et
1097 2508 1174 2602 ejus
1193 2507 1404 2605 profectibus
1420 2507 1621 2605 providere,
1645 2508 1692 2581 ad
1713 2507 1975 2604 supplicationes

564 2653 705 2728 quoque
724 2633 879 2728 Hugonis
900 2632 1108 2707 venerahilis
1129 2633 1286 2726 ejusdem
1310 2634 1454 2707 ecclesie
1473 2631 1722 2729 archiepiscopi
1746 2632 1861 2706 dilecti
1884 2633 1973 2728 priu-

565 2758 652 2855 cipis
668 2758 786 2848 nostri,
804 2759 1008 2851 generaliter
1023 2759 1247 2854 indulgemus
1260 2769 1299 2831 ut
1314 2758 1415 2832 liceat
1435 2758 1576 2830 cuilibet
1589 2758 1634 2831 de
1653 2758 1800 2854 imperio
1814 2757 1859 2830 de
1878 2756 1972 2829 bouis

564 2891 600 2957 et
620 2883 896 2980 possessionibus
916 2883 990 2955 suis
1008 2882 1142 2978 absque
1160 2882 1353 2979 prejudicio
1370 2891 1405 2954 et
1426 2883 1630 2977 gravamine
1644 2889 1760 2954 nostro
1783 2890 1818 2954 et
1841 2877 1971 2976 imperii

507 3009 509 3014 '
565 3007 672 3081 nostri
690 3007 773 3080 dare
787 3007 850 3105 (o),
872 3008 1001 3082 donare
1017 3017 1053 3082 et
1068 3009 1106 3080 in
1122 3009 1242 3081 ultima
1260 3009 1437 3080 voluntate
1456 3007 1650 3102 relinquere
1668 3005 1763 3080 dicto
1784 3003 1967 3079 venarabili

391 4386 505 4440 senemr,

382 4442 411 4486 ⁸1
428 4441 510 4485 mestit.

565 3132 846 3230 archiepiscopo,
876 3134 1133 3206 successoribus
1160 3133 1233 3206 suis
1258 3142 1293 3206 et
1318 3132 1508 3207 Arelatensi
1533 3132 1694 3224 ecclesie,
1724 3153 1794 3206 nou
1820 3131 1970 3204 obsone

565 3257 797 3356 prohibitione
814 3279 878 3332 seu
896 3266 1022 3331 statuto
1042 3257 1191 3352 alicujus
1212 3258 1362 3332 civitotis
1379 3257 1435 3331 vel
1458 3259 1606 3350 alicujus
1627 3277 1774 3353 persone
1793 3246 1969 3328 ecclesiae

566 3385 634 3458 tice
646 3405 708 3457 seu
727 3383 852 3456 civilis.
871 3382 927 3457 Ad
944 3384 1049 3477 hujus
1067 3393 1181 3456 nutem
1200 3383 1249 3455 rei
1269 3381 1480 3455 evidentiam
1499 3391 1534 3454 et
1557 3390 1758 3478 perpetuam
1780 3377 1966 3452 firmitatem

565 3532 709 3610 presens
724 3511 890 3607 scriptum
910 3508 983 3582 lieri
1004 3517 1039 3581 et
1058 3507 1170 3604 sigillo
1189 3507 1377 3600 majestatis
1394 3515 1509 3580 nostre
1522 3505 1689 3599 jussimus
1705 3503 1922 3579 communiri.

613 3638 740 3709 Datum
761 3635 938 3726 Panormi,
966 3656 1058 3709 auno
1083 3633 1256 3706 dominice
1280 3631 1525 3706 iucarnationis
1541 3630 1722 3704 millesimo
1740 3629 1966 3705 ducentesimo

564 3759 878 3855 vicesimoquinto,
895 3733 1162 3850 meueemartii,
1183 3757 1286 3830 tercie
1306 3753 1442 3830 decime
1459 3754 1670 3829 indictionis.
2118 3749 2120 3794 l

793 4062 1715 4081 *um-mu

619 4366 853 4472 Fridericus,
869 4363 1129 4447 Romanorum
1148 4361 1369 4471 imperator,
1385 4357 1516 4442 scribit
1529 4356 1681 4468 liugoni
1696 4355 1963 4466 archiepiscopo
2035 4343 2037 4350 ’

566 4498 795 4602 Arelatensi,
816 4494 993 4579 inhibens
1015 4520 1064 4577 ne
1089 4493 1170 4576 sine
1187 4493 1338 4577 licentia
1360 4517 1431 4575 sua
1448 4500 1617 4574 castrum
1634 4487 1785 4572 Salonis
1803 4487 1903 4598 quod
1919 4480 1962 4565 ab

606 4717 648 4801 (a)
670 4719 706 4782 In
719 4717 810 4780 altero
822 4715 978 4796 privilegio
990 4731 1045 4794 pro
1057 4713 1178 4776 ccclesia
1189 4711 1376 4776 Auractseusl
1386 4707 1517 4788 mdes,
1531 4710 1612 4790 quod
1624 4710 1733 4771 tectim
1744 4705 1925 4770 abluamur·
