4296 5898
213 583 388 663 lnnrcr.10.]
668 581 863 644 HISTORIA
887 577 1178 644 nlnnonsntctt.
1567 581 1627 642 2¹7

214 730 369 794 mentum
393 727 427 791 et
452 716 498 792 ad
522 716 741 790 securitatem
758 718 937 792 memorati
959 714 1157 789 monasterii
1178 714 1293 786 Sancti
1312 714 1476 810 Stephani
1498 715 1543 789 de
1558 717 1627 790 Ne·

214 867 309 917 more
336 843 403 916 hoc
432 863 573 938 presens
597 841 762 934 judiciale
787 843 1054 914 instrumentum
1081 861 1143 935 per
1175 859 1299 910 manus
1331 837 1476 934 predicti
1503 841 1628 914 notarii

214 969 362 1064 Philippi
374 967 568 1040 deSalemo
581 965 684 1038 scribi
697 967 855 1058 fecimus,
868 967 993 1040 nostris
1004 964 1161 1056 sigilloet
1172 963 1424 1060 subscriptione
1435 973 1469 1037 et
1481 963 1626 1038 aliorum

214 1093 486 1188 subscriptorum
519 1092 655 1164 testium
685 1091 795 1184 signis
829 1101 864 1164 et
891 1071 1200 1186 subscriptionibus
1230 1088 1375 1160 fecimus
1403 1096 1438 1161 et
1460 1090 1629 1182 jussimus

215 1215 436 1303 communiri,
461 1236 572 1303 anno,
593 1236 712 1288 mense
731 1224 765 1287 et
787 1214 973 1288 indictione
996 1213 1181 1309 premissis.
1203 1212 1277 1306 Ego
1295 1212 1461 1304 Rogcrins
1482 1211 1627 1285 Attavus

214 1341 401 1437 imperialis
417 1340 622 1432 justitiarius
645 1339 800 1413 Calabria
819 1339 974 1435 predicta
993 1339 1168 1412 confirmo.
1189 1337 1263 1429 Ego
1284 1337 1444 1410 Nicotaus
1462 1337 1507 1410 de
1523 1340 1626 1433 Syra·

214 1465 318 1537 cusiis
335 1464 448 1558 judex
470 1473 504 1537 et
527 1485 689 1537 assessor.
718 1465 792 1558 Ego
815 1464 976 1536 Nicotaus
1000 1463 1044 1536 de
1068 1463 1228 1536 Flumaro
1247 1459 1299 1558 (a)
1322 1463 1417 1535 testis
1436 1485 1527 1534 sum.
1553 1463 1625 1558 Ego

213 1589 419 1685 Aymericns
434 1589 585 1662 interfui.
601 1589 675 1682 Ego
694 1590 841 1662 loannes
860 1589 1049 1660 Camertius
1065 1587 1111 1684 (b)
1130 1588 1224 1660 testis
1242 1609 1332 1660 sum.
1354 1589 1428 1679 Ego
1445 1585 1626 1660 Goffredus

216 1713 261 1785 de
278 1713 452 1788 Bisiniano
473 1723 589 1787 testor.
611 1715 684 1804 Ego
705 1715 774 1787 Leo
796 1715 841 1788 de
861 1714 1053 1810 Protopapa
1079 1713 1217 1805 bajulus
1238 1712 1393 1784 Nicotere
1417 1721 1531 1786 testor.
1553 1713 1626 1806 Ego

214 1837 388 1910 Iohannes
408 1839 518 1911 Rufus
543 1839 638 1911 testis
661 1862 751 1911 sum.
774 1839 847 1933 Ego
864 1837 1047 1911 Convitalis
1064 1836 1109 1934 (c)
1127 1837 1219 1910 lilius
1242 1837 1418 1931 quondam
1440 1837 1625 1910 Convitalis

215 1963 311 2034 testis
334 1985 424 2034 snm.
451 1963 595 2057 Signum
618 1985 741 2036 manns
762 1963 901 2037 Matthei
922 1962 1058 2035 notarii.
1085 1962 1158 2056 Ego
1180 1962 1345 2056 Rogerius
1366 1963 1503 2056 bajulus
1520 1963 1625 2036 Nico-

214 2095 285 2159 tere
304 2095 418 2160 testor.

268 2701 498 2808 Fridericus,
526 2701 787 2786 Romanorum
807 2700 1031 2810 imperator,
1060 2700 1340 2784 Rauennatibus
1372 2700 1559 2812 significat
1585 2729 1625 2788 se

216 2835 409 2920 Goteirido
421 2835 683 2918 blandratensi
692 2835 825 2942 ,comiti
838 2835 1083 2920 Romeniolee
1097 2835 1195 2918 inter
1207 2844 1353 2918 caetera
1365 2859 1522 2919 causam
1535 2863 1627 2948 oeg-

214 2970 446 3052 noscendam
459 2970 508 3051 de
520 2995 611 3051 nece
623 2967 771 3080 Ugolini
784 2969 833 3051 de
851 2968 999 3052 tuliano
1012 2969 1208 3078 quondam
1221 2968 1369 3051 comitis
1383 2969 1626 3054 Remaniolae

215 3112 253 3186 et
266 3106 476 3187 secundum
489 3104 661 3186 ordmem
671 3102 918 3213 judicandam
937 3103 1172 3186 commisisse
1187 3101 1263 3214 (l).

257 3323 299 3394 (u)
317 3320 373 3398 Ap
388 3319 519 3399 Tromby
529 3315 564 3380 da
575 3319 718 3381 Homero.

254 3425 295 3502 (b)
317 3428 430 3490 Ibidem
441 3429 598 3490 Camena.

258 3532 294 3612 (c)
313 3533 427 3595 lbldem
443 3531 609 3595 emeretis.

1444 3718 1623 3732 -υ--ι-σ

253 3825 292 3899 (t)
310 3823 406 3882 Comes
422 3825 635 3898 blandratensis,
650 3823 805 3900 quaestione
825 3824 877 3882 hac
889 3823 924 3881 da
943 3841 973 3882 ra
986 3824 1092 3896 habita,
1108 3840 1170 3882 cnm
1189 3825 1324 3883 nemiuem
1344 3827 1391 3900 qui
1414 3828 1517 3886 diceret
1531 3839 1626 3891 contra

214 3923 409 3998 rempublicam
428 3926 610 3983 Ravennatem
630 3925 790 3996 invenisset,
811 3930 891 3998 atque
912 3925 1052 3982 Ravennae
1074 3925 1202 3999 syndicus
1225 3925 1397 3998 jurisjurandi
1414 3926 1542 4000 religione
1563 3945 1625 3987 cum

214 4021 309 4096 viginti
323 4023 558 4081 sementalibus
575 4039 606 4081 so
621 4027 771 4097 purgasset,
785 4021 919 4080 Gallinam
933 4021 1055 4080 Alliatenr
1072 4021 1296 4081 Mediolanensem
1311 4023 1452 4080 Ravennae
1466 4031 1624 4097 potestatem

214 4119 291 4176 libris
303 4121 504 4178 Rauennatibus
517 4121 622 4192 MDCL,
638 4120 830 4194 rempublicam
849 4125 939 4178 autern
958 4121 1138 4179 Ravennatem
1156 4121 1254 4178 marcis
1270 4119 1371 4194 argenti
1384 4122 1511 4178 trecentis
1523 4125 1622 4196 prirno,

214 4231 278 4274 mox
291 4219 464 4292 qrndmpma
479 4224 598 4289 nutum,
611 4219 757 4276 mulctarit.
772 4219 951 4288 Quamobrem
963 4219 1061 4277 Paulus
1072 4219 1256 4291 Traversaria,
1274 4233 1337 4275 cum
1350 4222 1422 4275 esset
1434 4224 1542 4292 postero
1553 4237 1623 4280 auno

213 4315 336 4373 kalendis
352 4316 440 4374 martii
453 4317 569 4387 Pisauri,
587 4317 708 4375 decrevit
724 4323 755 4374 ut
775 4317 897 4375 Gallinas
916 4323 944 4375 et
961 4317 1112 4392 respublica
1130 4317 1270 4374 Ravennae
1291 4315 1413 4374 Gottrido
1433 4317 1524 4374 comiti
1541 4317 1625 4378 libras

213 4413 380 4472 Ravennates
393 4413 465 4472 mille
474 4415 635 4489 quingentas
645 4415 836 4490 quinquaginta
849 4415 983 4474 solverent
993 4422 1022 4474 et
1033 4415 1093 4489 ipse
1104 4413 1242 4473 Gollridns
1252 4413 1363 4488 pignora
1375 4415 1539 4474 restitueret.
1547 4419 1624 4478 Unde

214 4509 367 4582 Gotlridns,
384 4511 437 4570 lala
449 4513 485 4570 Vl
499 4528 584 4570 nouas
604 4513 693 4570 martii
713 4529 798 4589 prope
819 4512 983 4586 llospilalern
1001 4513 1111 4570 domum
1129 4511 1298 4571 Carcdouam
1319 4513 1467 4586 sententia,
1491 4515 1624 4576 Canusino

214 4606 348 4682 Gotaraga
368 4608 514 4684 multisque
535 4617 676 4685 praeterea
696 4611 823 4670 adhibitis
842 4610 973 4683 testibus,
993 4613 1161 4670 Ravennates
1180 4609 1305 4668 absolvit.
1322 4610 1362 4668 ct.
1381 4610 1500 4686 Russus,
1521 4616 1623 4674 Hister.

215 4705 350 4778 Rauen,
362 4707 411 4765 lib.
426 4709 478 4778 VI,
492 4709 525 4766 ad
539 4725 602 4766 anu.
616 4713 696 4770 last.
710 4709 803 4768 Differt
815 4715 922 4782 nmen,
935 4710 1079 4784 praecipue
1093 4709 1127 4768 de
1140 4724 1251 4766 numero
1263 4708 1404 4782 librarum,
1418 4710 1625 4771 instrumentum

311 4808 337 4868 Ι.
1429 4820 1466 4871 28
