4368 5876
220 663 316 722 isurun.
334 660 378 737 9.]
666 657 864 720 HISTORIA
891 653 1182 720 nlllollllllcrl.
1573 649 1629 710 177

221 797 422 891 ibidemque
440 793 632 868 conveniri.
654 794 812 871 Preterea
832 795 1076 870 confirmamus
1097 802 1131 866 et
1147 800 1312 890 perpetuo
1329 788 1504 862 sancimus
1516 785 1631 860 edicio

221 932 260 994 ut
277 924 398 995 fratres
414 920 524 1018 ipsius
541 921 740 994 monasterii
759 922 902 995 inomni
919 921 1074 994 libertate
1088 917 1220 993 ordinis
1233 914 1464 989 cisterciensis
1475 923 1510 988 el
1524 910 1630 1008 privi-

221 1047 310 1142 legio
324 1067 457 1138 eorum,
473 1067 553 1118 cnm
564 1045 726 1119 omnibus
740 1046 1022 1121 concessionibus
1031 1046 1088 1118 vel
1098 1041 1417 1118 confirmationibus
1430 1036 1630 1136 pontificum

222 1180 283 1244 aut
297 1193 420 1266 regum
441 1171 618 1265 quondam
641 1171 896 1266 progenitorum
915 1181 1107 1244 nostrornm
1129 1167 1239 1242 lelicis
1256 1166 1421 1241 memorie
1438 1185 1499 1238 seu
1516 1171 1632 1235 nostra

179 1295 183 1308 '
223 1295 407 1369 donatione
424 1296 480 1368 vel
500 1296 594 1388 justa
611 1296 784 1369 oblatione
798 1317 1099 1391 quorumcumque
1124 1293 1364 1388 fideliumque
1384 1289 1488 1364 modo
1504 1288 1633 1361 habent

222 1421 279 1494 vel
297 1420 447 1494 inantea
464 1429 626 1516 poterunt
643 1421 804 1518 adipisci,
823 1421 954 1517 quiete,
978 1419 1118 1516 pacifice
1134 1429 1168 1492 el
1186 1418 1318 1513 absque
1331 1416 1486 1511 qualibet
1499 1423 1632 1487 contra·

221 1546 342 1620 rietate
360 1555 526 1643 perpetuo
546 1557 810 1637 conserventur3
830 1547 1051 1645 prohibentes
1070 1545 1294 1618 nihilominus
1310 1554 1344 1617 el
1357 1561 1520 1639 expresse
1534 1559 1632 1611 man·

224 1671 345 1744 dantes
361 1683 400 1744 ul
421 1674 538 1744 nullus
556 1674 808 1768 cujuscumque
826 1672 974 1768 gradus,
998 1670 1219 1762 conditionis,
1239 1668 1450 1743 auctoritatis
1473 1675 1534 1740 aut
1555 1665 1632 1759 dig·

224 1797 342 1870 nitatis
364 1800 420 1872 vel
446 1798 694 1893 preeminentie
717 1799 806 1871 inira
829 1799 953 1870 curtim
981 1797 1092 1893 ipsius
1116 1795 1312 1869 monasterii
1334 1795 1391 1868 vel
1416 1792 1634 1887 granciarum

223 1922 300 2014 eins
320 1923 476 2018 quelibet
501 1923 682 1997 occasione
709 1924 874 1995 insultum
902 1925 1013 1996 iacere
1040 1934 1100 1996 aut
1118 1922 1276 1995 homines
1299 1941 1421 2016 capere
1441 1920 1498 1992 vel
1519 1918 1633 2014 ipsum

222 2048 467 2120 monasterium
482 2049 517 2119 in
535 2048 705 2145 personis,
721 2050 838 2141 rebus,
860 2048 973 2137 bouis,
989 2069 1123 2121 necnon
1138 2048 1173 2120 in
1188 2047 1337 2121 subditis
1356 2047 1448 2118 intus
1464 2044 1522 2116 vel
1536 2052 1634 2116 extra

225 2179 352 2243 temere
380 2172 582 2266 perturbere
608 2181 669 2246 aut
694 2172 730 2245 in
762 2173 879 2267 aliquo
910 2170 1132 2256 damnificare
1163 2179 1349 2267 presumat.
1386 2169 1634 2243 Confirmamus

223 2317 364 2390 quoque
382 2305 417 2368 et
438 2297 483 2369 de
509 2319 601 2371 nove
625 2299 847 2400 concedimus
867 2298 932 2393 ipsi
959 2296 1166 2370 monasterio
1183 2318 1245 2392 pro
1268 2295 1420 2368 remedio
1440 2295 1633 2368 animarum

224 2418 335 2490 felicis
362 2421 524 2493 memorie
553 2422 809 2518 progenitorum
837 2432 1029 2496 nostrorum
1061 2431 1101 2492 ul
1129 2421 1273 2516 repetito
1301 2441 1468 2493 annorum
1501 2419 1633 2492 calculo

224 2543 459 2618 anniversaria
478 2558 670 2620 conventus
684 2548 840 2641 ejusdem
859 2546 1055 2620 monasterii
1081 2547 1201 2638 saciat,
1222 2545 1378 2616 similiter
1399 2554 1433 2616 et
1456 2542 1634 2638 pronubis

225 2677 260 2740 et
284 2671 540 2744 successoribus
564 2673 689 2746 nostris
705 2696 785 2747 cum
807 2695 871 2745 nos
886 2675 979 2746 Deus
1008 2671 1155 2744 uoluerit
1180 2669 1224 2744 de
1243 2671 1309 2743 hoc
1333 2671 1449 2743 seculo
1472 2669 1634 2742 transmi-

224 2813 344 2887 grare,
366 2790 427 2892 [el]
456 2817 516 2890 per
540 2793 696 2891 singulas
721 2797 957 2871 hebdomadas
987 2797 1164 2892 recipiata
1187 2795 1297 2869 salina
1322 2795 1468 2890 Bragalli
1492 2795 1633 2867 salmam

226 2940 330 2992 unam
349 2919 443 2991 salis.
461 2921 650 2994 Statuimus
667 2945 807 3017 quoque
823 2924 1025 2996 auctoritate
1041 2932 1156 2995 nostra
1170 2931 1205 2994 el
1219 2921 1387 3016 imperiali
1402 2920 1543 2994 firmiter
1556 2941 1634 2993 san·

226 3043 337 3115 cimus
353 3043 467 3117 edicto
485 3055 525 3116 ul
543 3047 637 3118 nulla
654 3069 818 3142 persona,
842 3048 977 3143 publica
997 3048 1050 3118 vel
1073 3048 1223 3142 privata,
1243 3047 1382 3118 humilis
1396 3047 1451 3118 vel
1471 3047 1557 3137 alta,
1577 3068 1633 3118 se·

227 3167 352 3239 cularis
368 3168 424 3240 vel
441 3170 670 3244 ecclesiastica
684 3182 719 3244 el
735 3182 851 3245 nostra
868 3173 1036 3268 dignitate
1050 3173 1202 3263 inferior,
1218 3171 1307 3244 banc
1327 3181 1439 3244 nostre
1457 3171 1635 3267 protectio-

228 3292 295 3383 nie,
313 3293 508 3367 donationis
525 3304 565 3406 et¹
577 3296 846 3372 confirmationis
861 3300 1022 3395 paginam
1040 3297 1168 3370 audeat
1181 3296 1368 3387 infringere
1382 3297 1437 3369 vel
1456 3306 1636 3369 retractare

227 3427 287 3488 aut
313 3439 388 3491 eam
417 3441 505 3493 ausu
532 3422 711 3495 temerario
737 3424 996 3518 quomodolibet
1021 3421 1189 3495 contraire
1198 3449 1208 3514 ;
1241 3421 1337 3516 quod
1364 3422 1393 3493 si
1416 3420 1495 3514 quis
1518 3431 1635 3493 contra

226 3541 339 3614 laoere
361 3546 622 3640 presumpserit,
648 3546 678 3618 si
698 3558 831 3620 reatum
853 3570 955 3620 suum
977 3547 1063 3621 inira
1085 3545 1315 3641 quadraginta
1332 3546 1408 3619 dies
1426 3568 1493 3619 non
1516 3545 1635 3619 condi-

227 3685 297 3756 gna
314 3665 545 3741 satisfactione
561 3671 749 3744 eorrexerit
767 3679 801 3744 et
820 3670 932 3744 eidem
960 3671 1165 3744 monasterio
1187 3671 1396 3766 integraliter
1414 3671 1633 3761 satisfecerit,

227 3790 381 3863 bannum
395 3803 551 3866 nostrum
570 3817 608 3866 se
625 3797 758 3869 noverit
776 3798 993 3868 incursurum
1012 3806 1047 3870 el
1059 3817 1121 3892 pro
1138 3817 1226 3892 pena
1245 3797 1441 3869 temeritatis
1459 3817 1522 3868 sue
1535 3797 1635 3890 quin·

227 3916 393 4009 quaginta
412 3917 517 3991 libras
545 3920 620 3992 auri
641 3921 816 4017 purissimi
836 3931 1037 4019 componat,
1057 3921 1275 3994 medietatem
1294 3922 1389 3994 curie
1405 3931 1539 4011 nostre,
1556 3920 1636 3991 reli-

226 4062 334 4134 quam
351 4062 435 4114 vero
451 4045 594 4117 ecclesie
612 4045 670 4118 cui
690 4046 855 4120 damnum
871 4047 1036 4120 intulerit.
1057 4047 1113 4119 Ad
1130 4047 1231 4139 cujus
1248 4046 1296 4118 rei
1316 4046 1350 4117 in
1368 4055 1543 4142 posterum
1561 4045 1635 4117 cvi·

228 4164 381 4237 dentiam
408 4178 602 4263 presentem
628 4169 710 4244 inde
732 4173 895 4267 paginam
920 4170 1088 4245 conscribi
1113 4181 1147 4243 et
1172 4169 1359 4264 majestatis
1384 4178 1498 4242 nostre
1522 4169 1635 4263 sigillo

224 4289 393 4381 jussimus
411 4295 627 4366 communiri.

276 4413 401 4487 Actum
415 4417 551 4491 Tarenti
569 4428 645 4514 post
660 4422 790 4494 curiam
808 4421 924 4519 Capue
942 4421 1160 4512 celebratum,
1181 4442 1272 4493 anno
1290 4419 1463 4493 dominice
1479 4419 1637 4493 incarna-

229 4539 331 4612 tionis
359 4541 540 4616 millesimo
563 4545 800 4620 ducentesimo
823 4547 991 4642 vigesimo
1017 4545 1150 4642 primo,
1175 4545 1344 4640 vigesimo
1362 4555 1484 4639 quarto
1509 4546 1638 4618 mensis

228 4664 366 4759 aprilis,
393 4666 528 4742 decime
558 4669 776 4763 indictionis,
809 4673 945 4769 imperii
975 4693 1058 4746 vero
1087 4670 1217 4744 domini
1248 4670 1352 4744 nostri
1383 4669 1545 4745 Friderici
1575 4674 1637 4745 Dei

229 4791 339 4884 gratia
369 4791 588 4867 invictissimi
613 4797 843 4871 Romanorum
874 4797 1109 4894 imperatoris,
1139 4818 1273 4895 semper
1300 4797 1460 4892 atrgusti,
1488 4807 1523 4870 et
1547 4799 1638 4892 regis

310 4915 351 4978 11.
1428 4919 1480 4984 re*
