4436 5870
292 578 391 638 litum
406 576 449 660 9.]
745 573 942 636 HISTORIA
967 572 1258 636 ntrnonllutcn.
1666 578 1706 638 55

291 712 419 786 niolam
437 719 472 784 et
483 709 665 788 Thusoiem
679 729 740 782 seu
753 719 858 782 totam
870 710 1002 783 ltaliam
1021 709 1163 782 firmiter
1177 709 1354 782 babentes,
1364 710 1579 782 Remittimus
1593 718 1707 783 autem

291 857 314 908 a
335 836 441 909 latere
464 843 581 907 nosue
601 835 751 926 legatum
769 832 896 906 advos
917 835 1131 908 canssimum
1144 834 1336 930 principem
1354 843 1388 906 et
1411 835 1612 907 familiarem
1628 855 1710 907 nos·

291 970 383 1031 trum
398 959 595 1032 Conradum
612 959 798 1030 Metensem
813 957 1014 1054 episcopum
1032 959 1218 1053 imperialis
1234 958 1313 1030 aule
1328 957 1587 1050 cancellarium,
1605 979 1710 1051 quem

292 1081 381 1153 inter
409 1091 540 1155 ceteros
569 1080 704 1176 imperii
735 1081 908 1176 principes
940 1081 1138 1154 invenimus
1170 1081 1358 1154 fideliorem
1381 1091 1415 1154 et
1441 1103 1509 1154 non
1540 1083 1709 1154 immerito

292 1203 461 1278 babemus
473 1204 653 1294 aeriorem,
667 1213 786 1278 utnon
798 1204 1015 1278 solummodo
1028 1203 1210 1278 fidelitates
1225 1213 1259 1278 et
1272 1207 1338 1278 alia
1349 1208 1428 1298 jura
1446 1215 1560 1278 nostra
1574 1228 1595 1278 a
1610 1205 1710 1280 vobis

294 1328 447 1422 requiret
460 1328 536 1400 vice
550 1327 720 1423 imperiali
737 1337 772 1399 et
790 1327 945 1425 recipiet,
967 1329 1072 1401 immo
1086 1329 1191 1400 etiam
1209 1327 1400 1403 discordias
1420 1350 1540 1402 omnes
1558 1329 1593 1401 in
1614 1329 1709 1403 ltalia

293 1461 329 1525 el
344 1451 490 1544 singulis
506 1452 661 1548 partibus
678 1451 774 1524 ltalia
792 1450 840 1524 ad
862 1472 982 1547 pacem
1001 1459 1036 1524 et
1056 1452 1275 1526 concordiam
1295 1454 1490 1525 revocando
1511 1454 1606 1526 vices
1622 1476 1709 1525 nos-

294 1587 363 1648 tras
386 1577 594 1672 suppleatin
610 1576 768 1670 siugulis,
786 1575 891 1648 immo
915 1577 1087 1648 universis
1113 1599 1183 1670 qne
1207 1576 1253 1648 ad
1277 1577 1443 1648 bonorem
1467 1587 1503 1649 et
1528 1577 1707 1650 utilitatem

295 1709 444 1772 nostram
472 1709 507 1772 et
529 1699 665 1794 imperii
689 1697 919 1794 spectaverint
935 1699 1178 1794 adimplendis.
1200 1701 1293 1772 Scire
1317 1700 1421 1793 igilur
1444 1700 1605 1772 volumus
1626 1703 1708 1773 uni·

295 1823 490 1895 versitatem
513 1833 662 1895 vestram
676 1822 772 1917 quod
786 1843 850 1894 uos
863 1822 1030 1915 jamdicto
1048 1824 1251 1896 cancellario
1267 1833 1303 1896 et
1318 1825 1431 1918 legato
1443 1833 1558 1896 nostro
1572 1825 1709 1920 plenam

295 1945 456 2021 dedimus
474 1947 712 2020 anctoritatem
729 1947 909 2039 legationis
924 1957 960 2020 et
976 1957 1177 2042 potestatem
1198 1948 1415 2043 supponendi
1433 1948 1601 2035 civitates,
1621 1949 1710 2021 bur-

293 2091 373 2165 gos,
394 2081 505 2144 cestra
530 2093 592 2145 seu
610 2070 729 2164 villas,
745 2071 979 2162 marchiones,
997 2073 1158 2164 comites,
1174 2073 1390 2168 capitaneos,
1412 2075 1627 2146 valvassores
1646 2095 1707 2146 seu

293 2195 464 2291 quoslibet
485 2217 547 2292 per
566 2195 764 2269 universum
784 2194 916 2268 ltaliam
942 2205 977 2268 et
1000 2203 1114 2292 parles
1138 2199 1213 2289 ejus
1232 2197 1432 2270 constitutos
1455 2198 1570 2270 banno
1594 2208 1709 2272 nostro

294 2330 328 2393 et
345 2319 582 2409 concubendi,
596 2319 746 2394 faciendi
760 2341 901 2415 quoque
916 2320 1165 2413 concessiones,
1182 2340 1289 2417 penus
1307 2321 1408 2393 etiam
1426 2320 1603 2416 exigendi,
1621 2343 1711 2393 con-

294 2440 433 2515 liciendi
447 2442 661 2533 tabelliones,
682 2440 790 2514 dandi
804 2441 1036 2536 possessiones
1053 2450 1088 2514 et
1104 2441 1325 2528 restituendi,
1349 2440 1500 2513 habendi
1526 2441 1629 2514 etiam
1651 2443 1709 2535 jus

294 2563 593 2638 animadvertendi
612 2563 648 2636 in
667 2563 889 2648 leoinomsos,
906 2584 1040 2636 necnon
1059 2563 1095 2634 in
1109 2563 1271 2636 omnibus
1284 2563 1430 2659 agendis
1447 2565 1570 2635 nostris
1591 2573 1624 2636 et
1644 2566 1710 2637 im-

296 2689 380 2786 perii
409 2711 471 2786 per
498 2699 604 2763 totam
624 2689 755 2763 ltaliam
783 2698 818 2761 ot
844 2697 958 2784 partes
980 2692 1055 2782 ejus
1081 2686 1328 2784 pertractandis
1353 2687 1389 2759 in
1419 2687 1518 2760 dictis
1537 2699 1571 2760 et
1590 2689 1708 2782 sactis,

295 2813 439 2908 agendis
456 2823 491 2886 et
507 2811 694 2903 faciendis,
709 2821 812 2907 prout
827 2810 953 2885 viderit
975 2821 1010 2884 et
1024 2811 1246 2884 commodum
1266 2820 1301 2884 et
1319 2811 1484 2884 honorem
1503 2821 1656 2885 nostrum
1675 2825 1711 2887 et

296 2937 430 3034 imperii
445 2937 626 3033 expedire,
645 2947 757 3009 ratum
770 2936 937 3009 habentos
961 2945 996 3008 et
1017 2935 1298 3008 incommutabile
1315 2934 1490 3034 quidquid
1512 2937 1638 3033 ipsein
1656 2938 1710 3010 his

295 3058 487 3132 statuendis
503 3058 694 3132 decreverit
704 3080 780 3130 esse
790 3057 986 3132 laciendum
1001 3067 1164 3152 unquam
1178 3057 1223 3130 ab
1236 3080 1297 3131 ore
1311 3057 1513 3154 processerit
1526 3059 1712 3155 imperialis

295 3184 499 3275 maiestatis.
516 3182 741 3256 Decemimus
767 3202 870 3276 super
897 3181 1071 3255 omniane
1096 3180 1236 3277 abipso
1257 3181 1370 3274 legato
1394 3191 1509 3254 nostro
1535 3182 1571 3253 in
1594 3182 1711 3276 aliquo

296 3327 376 3380 cusu
391 3307 437 3382 ad
459 3317 609 3382 nostmm
627 3306 840 3380 audientiam
860 3303 919 3378 fiat
936 3304 1134 3401 appellatio,
1152 3303 1214 3377 sed
1231 3304 1406 3400 quidquid
1424 3304 1501 3378 vioe
1517 3314 1632 3379 nostre
1652 3328 1714 3403 per

295 3441 400 3505 totam
418 3432 550 3506 ltaliam
566 3440 601 3505 et
623 3441 737 3527 parles
754 3432 830 3524 ejus
849 3427 978 3502 dixerit
996 3430 1053 3501 vel
1075 3429 1192 3502 lecerit
1209 3438 1322 3502 ratum
1341 3429 1386 3502 ab
1410 3427 1572 3503 omnibus
1590 3430 1713 3503 obser-

296 3566 395 3630 vetur
410 3565 446 3630 et
459 3556 759 3647 incommutabile3
784 3555 881 3651 quod
901 3564 936 3628 et
953 3575 1018 3628 nos
1041 3553 1133 3628 sicut
1150 3554 1297 3650 dignum
1320 3562 1373 3628 cst
1394 3555 1625 3649 promittimus
1643 3556 1714 3628 im-

296 3683 417 3778 periali
441 3680 655 3754 firmitudine
678 3680 884 3776 approbare,
912 3688 947 3751 et
968 3678 1142 3774 quidquid
1170 3687 1250 3752 ante
1277 3678 1466 3752 adventum
1495 3689 1649 3752 nostrum
1678 3681 1712 3751 in

295 3805 427 3880 ltaliam
443 3805 614 3900 nobisque
628 3805 664 3877 in
680 3805 777 3878 ltalia
794 3803 987 3877 constitutis
1002 3803 1214 3897 iamdudum
1229 3803 1356 3876 recitet
1372 3803 1489 3876 adhuc
1506 3804 1585 3875 vioe
1600 3813 1715 3878 nostre

296 3930 416 4004 lecerit
445 3929 632 4023 majestatis
664 3929 896 4025 approbamus
925 3939 960 4002 et
986 3949 1122 4023 semper
1145 3935 1256 4001 ratum
1286 3927 1408 4000 haberi
1440 3927 1609 4023 imperiali
1635 3949 1714 4000 sen-

297 4052 407 4126 cimus
426 4053 639 4127 auctoritate.
659 4052 866 4125 Mandamus
893 4051 1043 4146 ideoque
1068 4050 1284 4124 universitati
1310 4057 1424 4123 vestre
1443 4048 1585 4120 tirmiter
1599 4049 1715 4144 preoi-

296 4177 430 4273 pientes
443 4179 607 4272 quatinus
624 4174 739 4250 eidem
757 4175 905 4272 principi
925 4183 960 4248 et
975 4177 1088 4268 legato
1105 4183 1222 4246 nostro
1242 4173 1278 4244 in
1297 4172 1457 4245 omnibus
1472 4181 1507 4244 et
1522 4171 1714 4268 peremnia

298 4305 460 4395 unquam
487 4301 589 4375 nobis
610 4299 823 4391 intendatis,
844 4300 991 4372 scientes
1014 4297 1064 4395 (o)
1086 4296 1322 4371 indubitanter
1344 4295 1440 4391 quod
1463 4295 1493 4367 si
1517 4295 1597 4392 quis
1622 4295 1653 4368 ei
1678 4293 1715 4368 in

299 4425 417 4520 aliquo
441 4423 583 4500 obviare
606 4422 870 4522 presumpserit,
888 4423 1004 4496 banno
1024 4422 1070 4495 ab
1092 4421 1168 4518 ipso
1183 4430 1346 4515 tanquam
1365 4441 1386 4492 a
1406 4418 1505 4492 nobis
1528 4419 1719 4515 specialiter

339 4687 381 4770 (a)
405 4692 440 4752 ln
452 4691 602 4768 lmpressls
612 4688 780 4762 nucleolos,
792 4687 878 4748 mula.
