4436 5870
542 591 584 652 28
998 613 1002 622 ’
1042 593 1260 658 salutante!
1286 597 1459 659 saeuum
1764 589 1844 676 [llus.
1865 587 1949 650 122⁰.
2073 683 2076 690 ι

544 726 580 796 ἰιι
610 734 827 822 perpetuum.
858 727 1047 822 Imperialis
1073 729 1260 820 mejestatis
1291 730 1392 805 decet
1422 727 1643 802 eminentium
1667 725 1770 819 justis
1799 721 1953 796 lldelium

544 869 721 921 servorum
738 848 921 924 desideriis
938 851 1126 945 benignam
1144 873 1182 924 se
1195 853 1339 950 prebere
1355 863 1391 926 et
1406 851 1635 941 commodam,
1654 849 1790 922 illorum
1803 865 1954 943 propen-

546 971 619 1044 sius
635 972 782 1046 vocibus
799 995 901 1046 aures
922 974 1113 1048 serenitatis
1130 997 1193 1048 sue
1211 975 1475 1050 accommodans
1495 995 1643 1069 quornm
1663 969 1881 1047 devotionem
1901 969 1954 1040 ln·

546 1094 659 1168 cidam
677 1105 712 1168 et
729 1093 834 1170 fidem
853 1099 1042 1194 preclaram
1066 1098 1101 1170 in
1125 1098 1201 1171 dies
1221 1099 1462 1174 commendant
1483 1096 1662 1190 obsequia.
1683 1095 1774 1168 Inter
1789 1113 1878 1186 qnos
1897 1090 1956 1164 di-

546 1218 671 1290 lectum
692 1218 830 1294 fidelem
850 1221 1041 1316 principem
1067 1231 1222 1296 nostrum
1246 1223 1432 1296 Henricum
1452 1219 1684 1294 venerabilem
1703 1216 1857 1291 Bononie
1875 1214 1956 1310 epi-

546 1362 690 1438 scopum
709 1343 912 1440 precipuum
930 1351 1133 1439 reputamus
1147 1366 1227 1416 cum
1239 1367 1303 1418 sue
1320 1345 1508 1418 honestatis
1518 1352 1554 1418 et
1566 1342 1751 1437 conspicue
1766 1337 1956 1413 devotionis

547 1475 639 1538 certa
653 1467 753 1539 nobis
767 1467 957 1540 clarescant
970 1466 1111 1540 indicia.
1128 1467 1411 1564 ldeoproptcrea
1423 1468 1575 1564 preclara
1586 1464 1803 1556 servitiaque
1815 1461 1957 1534 nobiset

548 1589 693 1684 imperio
714 1589 886 1684 intrepide
903 1590 1065 1664 exhibuit
1081 1601 1114 1664 et
1131 1591 1165 1662 in
1181 1600 1355 1686 postemm
1369 1593 1521 1666 creditur
1538 1589 1769 1679 exhibiturus,
1790 1585 1955 1682 imperiali

548 1711 804 1806 magnificentia
816 1711 1040 1786 concedimus
1051 1722 1087 1785 ct
1095 1714 1339 1789 confirmamus
1350 1715 1464 1788 eidem
1477 1715 1640 1810 episcopo
1652 1721 1687 1784 et
1701 1711 1844 1784 ecclesie
1852 1709 1959 1782 Bono-

550 1835 661 1906 uiensi
684 1835 826 1928 suisque
847 1837 1105 1910 successoribus
1131 1837 1166 1908 in
1189 1848 1395 1934 perpetuum
1411 1839 1520 1912 bonos
1539 1859 1625 1909 usus
1641 1845 1677 1909 et
1693 1831 1957 1907 consuetudines

549 1977 638 2051 quos
649 1965 684 2029 et
693 1957 932 2048 quasecclesia
939 1958 1165 2030 Bononiensis
1174 1959 1305 2032 habuit.
1315 1957 1833 2053 Concedimusquoque,damus
1841 1964 1959 2029 etcon·

552 2078 730 2151 firmamus
742 2079 856 2152 eidem
873 2080 1036 2174 episcopo
1050 2089 1085 2152 et
1097 2082 1239 2154 ecclesie
1250 2082 1456 2155 Bononiensi
1470 2083 1613 2176 suisque
1623 2078 1880 2152 successoribus
1892 2076 1960 2171 pls

551 2221 632 2273 nom
647 2200 922 2293 jurisdictionem
935 2201 1092 2274 omnium
1108 2211 1294 2276 castrorum
1304 2213 1339 2276 et
1350 2205 1500 2276 locorum
1514 2201 1669 2296 ejusdem
1685 2199 1851 2296 episcopii
1862 2207 1897 2271 st
1909 2219 1960 2270 cc

551 2324 654 2398 clesie
668 2324 907 2416 Bononiensis,
917 2335 953 2397 et
965 2327 1166 2398 nominatim
1181 2327 1282 2400 castri
1297 2328 1412 2400 Sancti
1426 2327 1591 2401 Iohannis
1605 2326 1640 2398 in
1653 2324 1824 2398 Persiceto
1837 2333 1874 2395 et
1887 2323 1960 2414 ejus

550 2447 658 2518 curtis
670 2455 705 2520 et
716 2446 938 2542 pertinentis,
956 2447 1057 2520 castri
1068 2449 1221 2543 episcopi
1235 2456 1269 2520 ot
1282 2449 1358 2542 ejus
1370 2451 1489 2538 curtis,
1501 2448 1627 2521 montis
1643 2445 1824 2520 Caballorii
1840 2447 1961 2538 atejus

551 2571 671 2658 curtis,
683 2569 786 2641 castri
794 2569 936 2643 Unciole
948 2579 983 2641 et
990 2571 1066 2663 ejus
1075 2572 1183 2642 curtis
1190 2581 1226 2644 et
1236 2572 1452 2664 pertinentic,
1462 2571 1573 2644 Bocco
1585 2569 1704 2642 Badali
1711 2578 1747 2642 et
1754 2570 1831 2661 ejus
1841 2567 1959 2657 curtis,

552 2691 690 2784 Argillis
703 2701 738 2764 et
753 2695 828 2784 ejus
844 2692 1067 2786 pertinentis,
1088 2695 1191 2766 castri
1214 2695 1438 2768 Maxumatici
1464 2703 1500 2768 et
1521 2696 1597 2788 ejus
1621 2693 1728 2765 curtis
1744 2700 1780 2765 ct
1796 2691 1893 2786 podii
1917 2689 1961 2763 de

551 2813 798 2901 Maxumatico,
814 2815 916 2886 castri
928 2814 1073 2907 Puglioli
1084 2824 1119 2886 et
1134 2816 1210 2908 eius
1225 2818 1348 2909 curtis,
1364 2819 1464 2890 castri
1483 2818 1580 2890 Flexi
1591 2827 1626 2890 et
1638 2819 1715 2910 ejus
1728 2815 1850 2906 curtis,
1863 2813 1962 2886 castri

556 2935 762 3029 Ungiaui(a)
772 2944 806 3006 et
816 2937 892 3028 ejus
904 2935 1022 3007 curtis.
1037 2936 1120 3008 ltem
1133 2938 1353 3013 concedimus
1366 2951 1400 3012 et
1413 2940 1656 3013 confirmamus
1670 2940 1767 3034 quod
1779 2938 1874 3012 idem
1887 2935 1964 3032 epi-

556 3077 682 3150 scopus
691 3057 916 3129 Bononiensis
929 3065 964 3129 et
972 3079 1185 3133 successores
1198 3062 1252 3133 sui
1269 3071 1391 3134 terram
1401 3061 1496 3134 Genti
1505 3085 1585 3135 cnm
1597 3069 1694 3135 curte
1703 3071 1739 3134 et
1751 3056 1964 3156 pertinentiis

558 3179 632 3249 suis
641 3179 784 3250 liheram
796 3188 831 3250 ct
839 3188 1036 3274 exemptam
1050 3181 1216 3275 integram
1229 3183 1273 3256 dc
1282 3194 1395 3257 cetero
1404 3184 1566 3268 hahennt,
1582 3192 1760 3258 tensantet
1769 3181 1967 3278 possideant

559 3321 639 3371 cum
660 3300 754 3372 omni
773 3301 1013 3392 jurisdictione
1027 3303 1121 3374 civili
1141 3314 1176 3376 et
1196 3306 1362 3379 criminali
1377 3308 1551 3380 districtus
1564 3318 1599 3381 et
1615 3307 1764 3396 honore,
1782 3305 1874 3376 sicut
1890 3323 1966 3376 eam

560 3444 654 3495 nunc
670 3423 792 3511 habet,
812 3433 902 3496 tenet
925 3434 958 3496 et
975 3427 1128 3520 possidet
1146 3429 1286 3501 liheram
1305 3439 1339 3502 et
1360 3439 1557 3527 exemptam
1578 3441 1613 3504 et
1634 3429 1896 3528 predecessores
1914 3425 1967 3498 sui

559 3547 688 3619 habere
700 3554 735 3619 ct
750 3555 865 3619 tenere
878 3558 1149 3641 consueverunt,
1162 3553 1209 3624 ita
1224 3554 1320 3646 quod
1336 3556 1430 3626 nulla
1447 3577 1592 3650 persona
1608 3555 1665 3627 vel
1676 3553 1801 3626 civitas
1816 3549 1968 3624 Bononio

560 3689 624 3739 ssu
640 3690 860 3761 quecumque
881 3671 948 3744 alia
969 3673 1092 3744 civitas
1108 3674 1165 3745 vel
1185 3697 1365 3748 commune
1381 3677 1517 3750 iodrum
1544 3679 1600 3750 vel
1619 3677 1795 3750 collectam
1818 3676 1877 3747 vel
1901 3672 1970 3746 ali-

561 3809 668 3880 quam
686 3789 900 3862 exactionem
922 3792 971 3862 ihi
994 3795 1106 3865 lacere
1126 3796 1181 3866 vel
1201 3795 1375 3891 imponere
1395 3809 1594 3892 presumant
1618 3799 1654 3870 in
1672 3820 1726 3870 ea.
1747 3799 1785 3870 ln
1810 3795 1972 3869 omnibns

562 3909 734 4002 siquidem
749 3913 869 3984 castris
887 3923 921 3985 et
937 3914 1021 3986 locis
1038 3915 1201 4008 predictis
1213 3941 1254 3990 ac
1264 3921 1361 3991 terris
1377 3930 1411 3992 et
1425 3943 1542 3993 earum
1559 3921 1774 4016 pertinentiis
1789 3929 1824 3993 et
1839 3920 1975 3991 habita·

564 4032 715 4104 tionibus
728 4054 791 4128 per
803 4035 973 4128 prelatum
992 4037 1242 4108 Bononiensem
1255 4042 1453 4138 episcopum
1468 4046 1613 4137 ejusque
1627 4063 1843 4115 successores
1858 4038 1977 4114 haberi

566 4161 602 4224 et
618 4156 772 4228 exerceri
789 4158 950 4228 volumus
972 4166 1007 4228 et
1026 4159 1202 4230 sancimus
1224 4161 1358 4253 plenam
1374 4164 1647 4255 jurisdictionem
1664 4165 1701 4236 in
1717 4165 1855 4260 placitis
1876 4161 1977 4236 honis

567 4283 602 4344 et
630 4279 749 4347 ceteris
777 4301 847 4370 que
873 4281 1042 4372 pertinent
1067 4281 1114 4351 ad
1137 4280 1407 4369 jurisdictionem
1429 4285 1567 4359 civilem
1592 4297 1626 4358 et
1649 4287 1886 4378 criminalem,
1907 4304 1975 4357 non

570 4397 725 4468 obstante
741 4400 957 4494 priuilegioa
974 4403 1075 4473 nobis
1091 4405 1264 4476 communi
1277 4407 1428 4480 Bononie
1445 4430 1619 4496 concesso,
1633 4433 1712 4484 cnm
1727 4431 1790 4506 per
1800 4409 1891 4483 illud
1909 4428 1979 4480 non

611 4649 649 4730 (a)
670 4653 759 4729 Apud
770 4656 878 4717 Savloll
894 4656 1019 4736 Ulpiani,
1035 4609 1155 4720 medus.
