4368 5876
695 569 891 633 HISTORIA
916 568 1212 632 Dii'bobiii'l'icb.

302 1351 531 1458 Fn'dericus,
546 1349 807 1434 Romanorum
822 1351 1043 1460 imperator,
1059 1351 1170 1434 Petro
1188 1348 1318 1433 abbati
1339 1349 1559 1432 monasterii
1582 1347 1667 1429 Vir-

250 1485 350 1596 ginis
376 1486 516 1572 Mariae
542 1485 797 1568 Eremitarum
824 1495 862 1569 ot
884 1485 1012 1569 Sancti
1040 1485 1221 1596 Stephani
1248 1486 1297 1568 de
1318 1484 1479 1570 Nemore
1504 1493 1543 1566 et
1564 1508 1667 1565 con-

187 1667 190 1674 ·
249 1620 378 1703 ventui
400 1618 483 1730 ejus
504 1618 667 1701 restituit
684 1627 722 1702 et
739 1619 940 1702 confirmat
961 1619 1160 1730 privilegia
1178 1645 1201 1701 a
1219 1619 1300 1701 suis
1316 1615 1669 1728 praedecessoribus

251 1754 394 1836 eisdem
416 1753 585 1859 indulta,
604 1752 794 1862 quaesibi
809 1752 920 1864 juxta
938 1753 1113 1863 generale
1130 1753 1297 1836 edictum
1312 1753 1351 1833 in
1366 1751 1471 1835 curio
1490 1750 1672 1860 Capuana

253 1887 395 1971 iactum
413 1889 712 1998 resignaverant.

336 2158 433 2237 (Emit.
448 2159 594 2248 Tuom,
607 2159 707 2221 suria
717 2155 766 2220 dd
775 2157 840 2221 ord.
853 2161 1038 2236 Cartociuno,
1048 2167 1120 2222 tom
1136 2162 1175 2236 V,
1185 2157 1310 2240 appono
1325 2177 1353 2238 p.
1372 2167 1422 2234 to,
1433 2168 1466 2220 u⁰
1479 2158 1620 2234 Lxxnr,
1636 2175 1675 2220 ex

375 2267 538 2345 examplari
557 2267 751 2342 authentico.)

304 2505 506 2580 Fredericus
527 2507 590 2580 Dei
609 2507 719 2602 gratia
735 2507 967 2582 Romanorum
987 2509 1189 2604 imperator,
1214 2529 1349 2602 semper
1370 2515 1541 2602 angustus
1562 2518 1598 2580 et
1614 2531 1678 2582 rex

257 2629 384 2703 Sicilie.
402 2631 466 2703 Per
488 2653 631 2726 presens
652 2633 818 2729 scriptum
840 2645 961 2705 uotum
982 2655 1059 2706 esso
1080 2634 1242 2704 volumus
1265 2632 1438 2704 universis
1461 2633 1678 2728 presentibus

258 2763 293 2826 et
320 2755 445 2827 tuturis
474 2756 573 2850 qood
600 2757 719 2830 Petrus
749 2759 956 2832 venerabilis
988 2760 1097 2831 abbas
1127 2758 1325 2831 monasterii
1356 2756 1503 2852 glorioso
1527 2757 1679 2852 Virginis

259 2881 367 2954 biario
381 2879 609 2954 Eremitarum
630 2893 666 2955 ot
687 2883 803 2956 Sancti
819 2885 983 2979 Stephani
1003 2882 1049 2957 de
1066 2884 1212 2956 Nemore
1227 2883 1330 2976 juxta
1348 2883 1507 2977 generate
1527 2882 1679 2955 edictum

262 3005 389 3076 tactum
404 3027 426 3078 a
445 3005 545 3078 nobis
563 3005 600 3077 in
623 3006 719 3079 curia
737 3005 900 3102 Capuana
923 3006 969 3082 de
990 3008 1180 3103 privilegiis
1201 3005 1420 3100 resignandis
1438 3015 1472 3078 et
1490 3015 1681 3078 conventus

261 3129 416 3224 ejusdem
443 3130 641 3204 monasterii
668 3130 822 3226 quedam
849 3132 1033 3228 privilegia
1058 3133 1195 3206 adisis
1223 3131 1380 3226 augustis
1408 3129 1550 3204 domino
1572 3131 1682 3226 impe-

263 3265 375 3328 ratore
392 3255 538 3328 Henrico
556 3264 591 3328 ot
608 3255 749 3330 domina
768 3257 984 3354 imperatrice
1001 3257 1200 3330 Constamia
1216 3255 1416 3352 parentibus
1428 3256 1554 3329 nostris
1568 3256 1683 3330 eidem

264 3379 471 3454 monasterio
497 3381 632 3454 indulta
668 3403 748 3454 curn
774 3383 928 3479 apodixa
965 3383 1122 3476 ejusdem
1149 3381 1282 3456 domini
1314 3382 1421 3478 patris
1448 3380 1555 3454 nostri
1582 3380 1683 3454 nobis

265 3505 440 3578 humiliter
458 3505 690 3600 resignarunt.
706 3509 745 3578 in
763 3505 894 3601 quibus
913 3507 1068 3582 vidimus
1088 3508 1255 3581 contineri
1276 3507 1425 3602 qualiter
1439 3505 1683 3578 monasterium

267 3629 381 3726 ipsum
403 3651 483 3702 cnm
507 3631 678 3703 universis
700 3630 908 3705 obedientiis
937 3633 1207 3728 hominibusque
1226 3641 1261 3706 ct
1284 3630 1497 3727 pertinentiis
1521 3632 1598 3725 ejus
1618 3630 1685 3703 sub

269 3753 437 3850 imperiali
452 3756 664 3849 protectione
676 3765 711 3829 et
724 3757 926 3830 detonsione
938 3759 1143 3854 recipientes
1157 3756 1449 3831 confirmaverunt
1461 3757 1498 3828 ei
1514 3755 1550 3826 in
1564 3777 1686 3852 perpe-

270 3887 369 3950 tuum
381 3879 498 3952 omnia
512 3879 707 3975 privilegia,
723 3884 961 3957 concessiones
974 3893 1009 3957 et
1022 3884 1197 3957 libertates
1208 3892 1309 3955 tama
1325 3902 1406 3972 rege
1417 3880 1567 3975 Rogerio
1580 3903 1685 3974 quum

270 4003 316 4075 ab
334 4013 481 4098 utroque
496 4025 578 4098 rege
595 4005 778 4080 Guitioimo
794 4009 1041 4083 recordationis
1059 4010 1177 4083 inclite
1196 4008 1310 4082 eidem
1332 4006 1465 4078 indulta
1489 4016 1528 4078 ut
1545 4007 1596 4079 eis
1611 4007 1686 4078 sine

270 4128 387 4221 aliquo
397 4129 577 4225 temporali
587 4131 741 4222 servitio,
751 4134 841 4206 sicut
850 4157 969 4207 eorum
985 4135 1198 4231 temporibus
1207 4133 1256 4205 nti
1269 4129 1413 4228 pacifice
1420 4141 1684 4220 consueverant,

272 4261 461 4325 uterentur.
491 4253 725 4332 concedentes
754 4267 789 4332 et
819 4259 1061 4333 confirmantes
1091 4259 1159 4354 ipsi
1188 4259 1396 4332 monasterio
1420 4257 1455 4329 in
1482 4267 1689 4354 perpetuum

271 4376 450 4450 ecclesiam
466 4380 582 4452 Sancti
597 4383 735 4456 leontis
753 4405 833 4456 cum
848 4385 952 4459 casali
968 4406 1046 4476 suo,
1063 4385 1227 4458 ecclesias
1244 4383 1358 4456 Sancti
1371 4381 1506 4455 Fantini
1524 4391 1559 4454 et
1574 4383 1690 4455 Sancti
1743 4382 1745 4390 '

273 4499 405 4573 Nicotai
423 4500 469 4575 dc
486 4503 603 4578 Trivio
620 4529 700 4579 curn
718 4509 879 4582 omnibus
893 4510 997 4604 justis
1013 4507 1063 4606 (a)
1080 4509 1300 4583 continentiis
1316 4517 1353 4582 et
1365 4507 1579 4605 pertinentiis
1598 4508 1689 4600 suis,

317 4729 356 4812 (a)
377 4733 413 4795 ln
422 4735 566 4813 impresso
570 4739 674 4821 jainis,
689 4742 775 4804 mata

377 4841 420 4903 li.
1522 4857 1560 4910 πο
