4298 5898
208 585 308 646 murm.
326 579 388 666 12]
657 577 855 642 lllS'l'Olllll
880 576 1175 641 ulstotlsrlcs
1566 577 1624 640 tel

208 720 325 794 anime
355 724 469 792 nostre
495 725 530 789 et
556 713 718 789 divorum
746 725 972 808 augustorum
1001 715 1110 788 lelieis
1128 713 1294 789 memorie
1319 715 1427 812 patris
1450 725 1485 788 et
1507 715 1626 790 mauis

209 854 338 933 nostre,
354 841 576 917 donationem
592 863 698 936 quam
710 841 788 915 Otto
801 841 1011 917 venerabilis
1021 841 1313 936 wirziburgensis
1328 841 1515 938 episeopus
1525 851 1560 914 et
1570 863 1625 916 ea·

210 968 359 1065 pitulum
376 964 534 1061 ejusdem
550 966 696 1040 eoelesie
713 965 877 1063 hospitali
894 965 1051 1063 predicto
1070 966 1225 1040 leserunt
1237 963 1292 1064 (l)
1304 964 1350 1039 de
1365 965 1462 1040 ouria
1478 967 1514 1038 in
1535 966 1624 1040 eivi-

210 1101 280 1165 tate
287 1090 559 1186 wirziburgensi
569 1091 660 1163 ultra
670 1089 813 1187 lllogum
819 1093 922 1185 iuxta
930 1090 1178 1166 monasterium
1189 1093 1367 1166 Sentornm
1376 1113 1455 1164 enm
1468 1091 1626 1165 curtibus

210 1216 258 1290 ad
279 1217 391 1313 ipsam
409 1215 541 1290 curiam
562 1215 815 1312 pertinentibus
836 1216 1041 1305 constituta,
1057 1237 1127 1312 que
1148 1217 1230 1288 olim
1253 1215 1318 1288 luit
1330 1215 1496 1290 Friderioi
1514 1217 1574 1290 avi
1591 1226 1626 1290 et

211 1339 345 1414 domini
362 1339 501 1412 llenriei
518 1339 626 1435 putris
643 1340 751 1414 nostri
770 1341 924 1414 felicium
944 1349 1173 1436 augustorum
1189 1339 1374 1414 reoolende
1388 1341 1569 1431 memorie,
1588 1339 1626 1414 in

213 1473 421 1561 perpetuum
437 1463 694 1539 oonlirmamns.
715 1467 766 1539 De
788 1465 1058 1539 habundantiori
1079 1471 1220 1561 quoque
1244 1464 1354 1561 gratia
1371 1471 1539 1539 nostrast
1558 1465 1628 1538 oel-

212 1589 376 1662 situdinis
399 1587 637 1662 munifieentia
654 1588 824 1685 quioquid
842 1590 933 1682 juris
952 1589 989 1662 in
1013 1589 1088 1686 ipso
1104 1588 1202 1663 ouria
1219 1590 1277 1662 vel
1295 1589 1331 1661 in
1349 1589 1456 1662 curiis
1479 1588 1526 1663 ad
1548 1611 1626 1663 eam

213 1713 464 1808 pertinentibus
488 1713 659 1787 habemns
682 1715 740 1788 vel
764 1713 894 1788 habere
912 1705 1076 1788 uidemur
1092 1713 1205 1788 eidem
1231 1713 1393 1811 hospitali
1409 1724 1445 1787 et
1466 1715 1629 1788 iratribus
1683 1814 1686 1820 Ι

212 1842 423 1940 supradietis
448 1841 634 1914 liberaliter
654 1841 854 1935 elargimur.
885 1843 1081 1914 Statuentes
1104 1849 1139 1912 et
1164 1839 1333 1936 presentis
1354 1839 1529 1936 privilegii
1546 1839 1630 1914 aue

213 1966 350 2041 toritate
364 1966 507 2039 firmiter
530 1966 751 2060 injungentes
768 1974 808 2037 ut
830 1966 927 2040 nulla
948 1965 1091 2039 omnino
1104 1985 1250 2061 persona
1267 1985 1376 2061 parva
1391 1966 1448 2039 vel
1466 1965 1626 2056 humilis,

214 2091 444 2165 eeclesiastico
459 2093 517 2165 vel
534 2091 717 2184 secularis,
737 2089 909 2188 hospitale
926 2090 1122 2187 predictum
1141 2098 1177 2164 et
1189 2091 1311 2164 tratres
1329 2089 1376 2164 de
1392 2095 1630 2186 prenominato

214 2217 311 2290 ouria
326 2217 402 2291 sive
417 2217 573 2290 curtibus
587 2213 635 2289 ad
649 2235 727 2288 eum
744 2215 997 2311 pertinentibus
1012 2224 1048 2288 et
1061 2215 1255 2288 rationibus
1268 2237 1339 2312 que
1358 2215 1405 2291 ad
1422 2238 1487 2290 nos
1501 2217 1631 2292 exinde

214 2349 372 2439 spectare
384 2351 575 2415 noscuntur
592 2339 761 2439 impedire
774 2348 835 2412 aut
850 2340 1033 2414 molestare
1047 2348 1234 2436 presumat.
1256 2340 1358 2427 Quod
1371 2341 1434 2437 qni
1447 2363 1629 2439 presump-

216 2469 315 2559 serit,
343 2468 379 2540 in
404 2489 467 2542 sue
491 2465 691 2540 temeritatis
718 2465 911 2539 uindictam
923 2520 935 2560 ‚
962 2464 1237 2561 indignationem
1266 2474 1477 2540 nostramet
1503 2489 1629 2563 penam

215 2601 356 2666 eentum
379 2591 548 2666 librarum
568 2591 643 2665 nuri
666 2590 744 2687 puri
769 2612 808 2664 se
827 2591 963 2664 noverit
986 2591 1226 2684 incursurum,
1247 2590 1469 2665 medietatem
1496 2614 1632 2670 camere

216 2725 332 2791 nostre
352 2726 388 2789 et
409 2717 552 2790 alteram
573 2715 793 2791 medietatem
817 2715 930 2812 passis
958 2715 1119 2810 injuriam
1142 2715 1421 2812 persolvendam.
1447 2719 1493 2793 Ut
1514 2729 1631 2794 autem

215 2841 281 2914 heo
300 2851 417 2916 nostra
439 2841 654 2916 eoniirmatio
675 2851 710 2915 et
730 2841 907 2915 oonosssio
928 2841 1035 2915 robur
1056 2862 1191 2938 semper
1212 2841 1367 2916 obtineat
1386 2851 1553 2939 perpetue
1574 2843 1633 2918 lir-

215 2965 364 3060 miletis,
390 2986 533 3064 presens
554 2965 775 3062 privilegium
801 2965 884 3040 inde
904 2963 979 3039 fieri
1001 2974 1037 3040 et
1061 2966 1176 3062 sigillo
1203 2967 1391 3060 majestatis
1418 2976 1535 3043 nostre
1558 2969 1631 3064 jus·

216 3112 327 3164 simus
348 3112 568 3165 eommunrrr.

264 3215 376 3308 Hujus
399 3215 450 3290 rei
468 3225 573 3290 testes
598 3226 681 3290 sunt
703 3215 876 3290 Berardus
895 3215 1158 3290 Panormitanus
1180 3226 1216 3290 et
1241 3215 1404 3293 Niooluus
1428 3219 1633 3296 Tarentinus

215 3341 477 3436 arehiepisoopi,
504 3341 707 3416 Cuonradns
727 3338 930 3430 Triestinus‚
952 3339 1102 3413 Jaoobos
1122 3340 1289 3414 Pallensis
1314 3349 1349 3416 el
1371 3343 1632 3421 Bartholomeus

214 3466 442 3538 Siraeusanus
471 3464 638 3562 episeopi,
665 3465 839 3540 lohannes
865 3464 974 3538 abbas
1001 3463 1199 3555 casemarii,
1223 3465 1424 3563 Ragnaldus
1444 3467 1520 3544 dux
1545 3471 1632 3567 Spo-

68 3685 69 3690 .
214 3591 288 3684 leti,
305 3589 486 3665 Cunradus
497 3589 547 3688 (a)
566 3590 701 3688 dapifer
714 3589 761 3664 de
772 3589 937 3685 Walpure
950 3598 986 3662 et
1001 3587 1060 3662 alii
1075 3589 1311 3684 quamplures.

264 3715 410 3809 Signum
431 3715 564 3790 domini
586 3714 749 3790 Frideriei
768 3712 914 3789 secundi
935 3713 998 3788 Dei
1020 3713 1131 3808 gratia
1156 3711 1375 3788 invictissimi
1400 3717 1632 3796 Romanorum

216 3839 442 3936 imperatoris,
460 3861 596 3936 semper
610 3839 750 3936 augusti
768 3849 803 3912 et
817 3839 911 3933 regis
927 3837 1054 3912 Sicilie.
1067 3838 1364 3936 (Mooopramma.)

264 3960 350 4034 Aeta
367 3972 449 4033 sunt
463 3962 529 4035 hee
547 3984 640 4036 anno
661 3961 836 4036 dominioe
855 3961 1101 4034 incarnationis
1120 3961 1302 4036 millesimo
1326 3962 1563 4040 dueentesimo
1577 3968 1631 4042 vi·

215 4086 489 4182 eesimoqnarto,
503 4109 621 4162 menso
633 4087 818 4180 februarii,
835 4085 1042 4162 duodecime
1056 4086 1273 4178 indictionis,
1287 4087 1477 4184 imperante
1489 4091 1632 4167 domino

257 4267 299 4341 (a)
319 4266 439 4328 lleedns
456 4272 557 4328 temen
579 4263 776 4342 Eoirltmrlnr,
797 4273 833 4328 ut
850 4269 882 4328 ln
903 4265 1111 4345 praeeedend3
1135 4263 1252 4328 indllus
1274 4271 1373 4329 eutem
1395 4265 1550 4332 eumue
1574 4289 1629 4351 pro

215 4369 398 4434 [emtarum
410 4375 443 4433 ln
458 4373 594 4452 originali
610 4373 669 4454 legi
682 4379 788 4453 petest.

215 4535 1625 4556 -ιι-ι--Ἣ--ω--ο--Ἀ--ιῌ

253 4633 290 4710 (l)
308 4635 422 4695 Donutio
435 4635 542 4697 ottonis
554 4637 792 4714 Wrroeburgensis
806 4638 927 4714 episeopi
940 4645 968 4698 et
981 4637 1088 4714 capituli
1103 4637 1162 4712 ejus
1175 4645 1341 4699 memoratur
1354 4655 1398 4714 ap.
1416 4641 1505 4717 Lern,
1523 4648 1627 4722 sopor.

215 4734 250 4808 ll,
263 4737 297 4790 99
312 4739 341 4791 et
354 4737 402 4793 tel
418 4736 452 4794 ad
464 4751 528 4795 nnn.
542 4741 625 4808 litt,
640 4739 674 4796 lt
686 4737 851 4797 novembris.

316 4837 357 4898 ll.
1431 4852 1466 4909 51
