4368 5876
539 567 596 630 166
1033 567 1248 630 tralucere!
1274 568 1448 630 sdcttltbl
1764 570 1844 650 [llum
1863 571 1948 634 1221.

536 701 771 776 retributionis
798 702 925 775 intuitu
948 711 984 778 et
1004 727 1066 800 pro
1088 703 1241 778 remedio
1265 705 1459 778 animarum
1478 705 1734 802 progenitorum
1759 717 1949 781 nostrorum

535 827 717 902 recolende
733 828 898 902 memorie
911 838 946 902 et
959 851 1022 926 pro
1041 840 1156 904 nosue
1176 829 1297 902 salutis
1311 838 1346 903 et
1361 830 1470 924 glorie
1486 830 1708 922 incremento,
1727 831 1951 906 concedimus

535 963 570 1028 et
585 955 756 1028 donamus
772 953 887 1026 eidem
904 953 1068 1048 magistro
1089 963 1124 1028 et
1140 955 1304 1028 iratribus
1321 955 1477 1051 predicte
1492 955 1616 1029 domus
1632 956 1812 1052 hospitalis
1827 959 1951 1030 Sancte

535 1079 642 1152 blarie
659 1079 947 1152 Thmtonicorum
967 1079 1001 1150 in
1019 1079 1231 1152 Hierusalem
1250 1079 1444 1176 predictum
1460 1081 1628 1176 hospitale
1649 1081 1951 1156 Sancti-lobannis

535 1202 749 1276 infirmorum
779 1227 858 1276 cum
889 1205 1084 1278 tenimentis
1105 1213 1140 1278 et
1163 1204 1378 1300 pertinentiis
1405 1205 1479 1278 suis
1510 1214 1545 1278 ct
1568 1205 1695 1278 casalia
1722 1227 1793 1300 que
1817 1227 1952 1302 semper

535 1338 651 1401 tenore
666 1337 700 1400 et
714 1328 892 1425 possidere
907 1327 1103 1420 videbatur,
1125 1329 1327 1418 tenendum,
1344 1328 1542 1419 colendum,
1557 1331 1835 1404 conservandum
1847 1340 1952 1424 atque

534 1453 785 1548 ampliandum,
806 1453 853 1525 ita
875 1462 912 1524 ut
929 1453 1054 1548 leprosi
1074 1452 1201 1526 infirmi
1217 1453 1397 1526 venientes
1415 1453 1572 1548 undique
1592 1452 1724 1526 ibidem
1743 1475 1838 1526 more
1853 1453 1952 1528 solito

535 1579 762 1675 recipiantur,
784 1578 1025 1651 custodiantur
1050 1587 1084 1651 et
1102 1578 1243 1672 degant.
1263 1580 1313 1650 De
1334 1579 1451 1650 innata
1467 1599 1608 1672 quoque
1626 1579 1726 1652 uobis
1743 1579 1953 1672 benignitate

538 1703 684 1799 presenti
702 1702 885 1799 privilegio
906 1702 1019 1776 eidem
1043 1703 1203 1799 hospitali
1225 1703 1480 1793 eoncessiones,
1505 1704 1739 1798 possessiones
1758 1713 1863 1798 atque
1885 1704 1952 1777 do-

537 1829 692 1900 nationes
712 1849 782 1921 que
798 1829 830 1898 ei
847 1850 868 1900 a
885 1827 1050 1923 predictis
1067 1826 1369 1923 predecessoribus
1385 1827 1511 1900 nostris
1526 1828 1613 1900 lacte
1637 1830 1775 1901 luerunt
1789 1838 1952 1924 perpetuo

537 1951 800 2042 confirmemus,
818 1973 952 2025 necnon
968 1961 1002 2026 ct
1022 1973 1141 2024 omnes
1159 1953 1270 2025 bonos
1288 1974 1375 2026 usus
1392 1962 1426 2026 et
1442 1953 1710 2027 eonsuetudines
1724 1975 1813 2048 quas
1826 1952 1951 2025 infirmi

539 2077 588 2150 ibi
602 2077 767 2172 degentes
786 2077 914 2149 habere
932 2086 1205 2168 consueverunt,
1222 2087 1411 2151 statuentes
1426 2088 1461 2151 et
1479 2077 1681 2151 auctoritate
1699 2079 1865 2174 presentis
1882 2079 1952 2174 pri-

539 2202 658 2294 vilegii
682 2204 901 2298 injungentes
927 2201 1069 2274 firmiter
1091 2202 1264 2276 universis
1288 2226 1333 2276 ne
1356 2203 1483 2298 aliquis
1505 2213 1691 2276 memorate
1717 2202 1843 2276 domus
1866 2204 1955 2277 hos-

540 2329 654 2427 pitalis
673 2330 875 2424 magistrum
898 2337 933 2401 et
959 2330 1080 2400 iratres
1103 2328 1215 2424 ipsius
1236 2349 1341 2424 super
1363 2328 1518 2425 predicta
1545 2328 1765 2402 concessione
1786 2336 1821 2401 et
1847 2327 1955 2402 dona·

539 2456 632 2528 tione
653 2463 767 2526 nostra
789 2453 1008 2549 aliquatenus
1030 2455 1211 2527 molestare
1231 2463 1418 2548 presumat.
1443 2452 1545 2538 Quod
1566 2453 1629 2548 qui
1650 2454 1899 2550 presumpserit
1919 2455 1955 2526 in

539 2603 601 2653 sue
616 2579 814 2653 temeritatis
831 2577 1022 2652 vindictam
1043 2589 1182 2651 centum
1198 2579 1304 2652 libras
1318 2578 1395 2652 auri
1415 2577 1493 2673 puri
1512 2587 1715 2674 componat,
1737 2579 1955 2652 medietatem

539 2725 674 2777 camere
689 2713 804 2776 nostre
819 2713 855 2775 et
871 2704 1013 2776 alteram
1038 2703 1257 2776 medietatem
1273 2703 1384 2798 passis
1408 2701 1568 2795 iujuriam
1594 2702 1871 2799 persolvendam.
1899 2703 1955 2777 Ad

537 2829 768 2902 concessionis
801 2837 837 2900 et
868 2827 1065 2900 donationis
1090 2835 1207 2901 nostre
1237 2827 1437 2900 memoriam
1467 2837 1502 2900 et
1527 2836 1726 2923 perpetuam
1759 2827 1955 2902 firmitatem

472 2986 476 2998 ·
538 2975 679 3049 presens
695 2952 918 3049 privilegium
938 2974 1000 3049 per
1023 2975 1148 3026 manus
1173 2953 1315 3026 loannis
1334 2952 1380 3026 de
1398 2955 1509 3026 Lauro
1527 2952 1652 3026 notarii
1668 2951 1829 3026 ettidelis
1845 2955 1953 3027 nostri

538 3078 643 3152 scribi
660 3088 695 3151 et
710 3078 805 3150 bulla
824 3099 929 3150 aurea
945 3077 1079 3174 typario
1094 3078 1144 3176 (a)
1158 3079 1348 3171 majestatis
1362 3087 1477 3151 nostre
1495 3077 1662 3174 impressa
1675 3079 1844 3173 jussimus
1858 3099 1955 3152 corn·

539 3203 681 3290 muniri,
702 3223 807 3293 anuo,
827 3223 946 3275 meuse
962 3210 997 3274 et
1013 3200 1202 3275 indictione
1218 3203 1432 3299 subscriptis.

589 3329 713 3400 Datum
741 3327 890 3416 Tarenti,
915 3348 1008 3400 auno
1036 3326 1210 3401 dominice
1239 3327 1485 3402 incarnationis
1512 3328 1694 3401 millesimo
1717 3326 1958 3402 ducentesimo

538 3452 854 3549 vigesimaprima,
879 3474 999 3526 meuse
1013 3453 1152 3550 aprilis,
1177 3453 1451 3545 indictionem,
1475 3453 1612 3550 imperii
1634 3453 1767 3526 domini
1790 3453 1957 3528 Friderici

539 3579 602 3652 Dei
626 3577 736 3673 gratia
761 3577 978 3651 invictissimi
995 3579 1225 3652 Romanorum
1250 3579 1486 3676 imperatoris,
1510 3601 1646 3676 semper
1663 3579 1803 3673 augusti
1816 3580 1958 3675 etregis

541 3703 655 3776 Sicilie
673 3725 764 3776 anno
776 3725 869 3778 nono
884 3703 949 3802 (l),
971 3705 1070 3801 regui
1090 3725 1173 3778 vero
1190 3705 1306 3778 Sicilie
1320 3705 1490 3800 vigesimo
1507 3706 1626 3797 tertio,
1647 3703 1803 3778 ielicitcr.
1828 3703 1952 3779 Arnen.

2163 3641 2165 3734 l

2164 3771 2165 3854 l

758 4011 1190 4025 ffl———ffl
1205 4011 1671 4024 «affl—-u—-nfl--u
1681 4011 1746 4025 ...-

377 4325 479 4380 reme
597 4299 824 4404 Fridericus,
840 4298 1101 4382 Romanorum
1124 4296 1345 4408 imperator,
1370 4294 1561 4380 llobberte
1588 4293 1717 4378 abbati
1745 4294 1874 4378 Sancti
1891 4294 1962 4380 Jo-

393 4381 464 4432 sprtll.

586 4487 627 4568 (a)
648 4489 683 4550 ln
701 4491 845 4566 tmpresso
863 4494 1011 4568 tympano,
1025 4486 1112 4548 mals.

580 4731 615 4805 (t)
633 4729 728 4787 Annus
741 4735 831 4787 autom
846 4725 921 4802 regui
936 4727 963 4786 in
974 4726 1119 4786 Germania
1132 4723 1177 4784 bic
1191 4729 1308 4798 notatur,
1323 4723 1387 4783 licat
1398 4725 1505 4784 dicatu
1518 4723 1634 4800 lmpoeii.
