4298 5898
210 592 312 653 lumen
331 588 392 675 le]
659 589 858 652 HISTORIA
885 581 1180 651 btbtoulttmu
1567 584 1628 647 tue

209 737 244 802 et
263 728 369 802 totius
388 726 508 824 populi
527 728 702 800 oommuui
727 729 888 820 oonsdio,
910 747 1056 822 regnum
1079 721 1175 818 quod
1198 718 1396 794 absolverat
1415 721 1534 793 multis
1552 725 1625 816 iam

209 853 358 927 evolutis
391 851 607 948 temporibus
634 851 830 946 benignitas
859 847 1117 946 Redemptum,
1147 845 1273 918 diebus
1300 845 1425 918 nostris
1454 845 1559 919 rediit
1588 847 1624 918 in

211 986 337 1051 statum
352 977 538 1074 pristinum
552 986 588 1050 et
601 978 744 1051 iormam
766 977 864 1074 regui
881 977 917 1050 in
935 978 1109 1068 integrum
1125 973 1324 1068 perfectam,
1344 971 1627 1045 honorificentius

211 1102 427 1194 decorem,
457 1101 643 1192 magnilica
673 1101 906 1175 sublimatum.
932 1097 1116 1195 Aspiruute
1146 1095 1248 1168 uobis
1274 1096 1393 1190 itaque
1421 1096 1628 1192 septiformis

211 1225 396 1299 Salvatoris
414 1225 539 1320 gratia,
556 1227 602 1300 ed
617 1227 782 1299 bonorem
799 1225 861 1299 Dei
881 1226 982 1318 quns
1000 1220 1236 1294 misericordia
1251 1231 1367 1293 nostra
1384 1233 1628 1318 prosperantur·

211 1349 248 1422 in
278 1351 401 1423 melius
426 1360 462 1424 et
487 1351 587 1424 beate
608 1351 761 1445 Virginis
788 1351 895 1424 llarie
919 1348 1146 1441 omniumque
1167 1355 1382 1438 sanctorum,
1408 1346 1508 1418 titulo
1533 1347 1625 1418 beuti

211 1475 300 1548 Petri
320 1477 550 1570 apostolorum
575 1476 742 1573 principis
764 1476 857 1549 intus
882 1483 1037 1548 nostrum
1064 1472 1231 1570 palatium
1256 1471 1373 1565 regale
1394 1470 1491 1566 quod
1518 1481 1570 1546 ost
1590 1472 1626 1543 in

211 1599 298 1672 urbe
312 1600 494 1673 Panhormi
511 1600 691 1673 ecclesiam
711 1599 869 1672 fabricari
888 1599 1032 1672 fecimus
1048 1617 1184 1670 summa
1202 1595 1400 1687 devotione,
1419 1595 1467 1668 ita
1483 1595 1625 1691 quidem

213 1734 251 1795 ut
268 1723 354 1796 nulli
369 1745 514 1820 persone
531 1725 632 1798 liceat
657 1724 694 1796 in
719 1746 760 1797 ea
780 1723 847 1796 sibi
871 1721 1006 1817 aliquid
1022 1721 1210 1794 vendicare
1234 1719 1300 1792 uisi
1323 1739 1469 1815 pernes
1489 1729 1550 1793 aut
1567 1741 1627 1793 eos

211 1847 273 1942 qui
291 1847 391 1920 nobis
409 1849 445 1920 in
462 1870 570 1942 regno
583 1847 782 1921 succedent.
801 1848 871 1920 Nos
887 1856 1003 1919 autem
1021 1867 1085 1942 pro
1099 1847 1210 1918 salute
1229 1845 1425 1917 animarum
1443 1845 1626 1940 predeces-

212 1993 327 2044 sorum
355 1983 550 2046 nostrorum
577 1973 714 2046 iloberti
741 1969 922 2045 Guisoardi
949 1981 984 2044 et
1005 1970 1140 2066 Rogerii
1163 1969 1298 2044 comitis
1321 1969 1429 2064 patris
1461 1970 1568 2042 nostri
1591 1981 1625 2042 et

213 2096 330 2168 metris
346 2105 460 2170 nostre
473 2096 635 2170 Adelusie
649 2097 813 2202 etlilvire
826 2097 945 2191 regine
960 2095 1081 2170 uxoris
1095 2105 1210 2168 nostre
1222 2105 1257 2168 ot
1269 2094 1418 2168 liliorum
1430 2104 1624 2167 nostrornm

212 2231 247 2293 et
274 2221 429 2294 omnium
457 2233 637 2318 pareutum
659 2231 854 2296 nostrorum
872 2233 908 2295 et
927 2243 1048 2295 eurum
1072 2221 1228 2294 omnium
1250 2219 1313 2314 qui
1338 2219 1624 2315 inacquisitioue

212 2345 326 2418 Sicilie
359 2346 515 2419 studium
543 2347 762 2443 impendere,
789 2368 852 2444 pro
880 2357 1073 2420 nostrorum
1100 2345 1204 2417 etiam
1230 2344 1384 2419 remedio
1403 2354 1623 2440 peccatorum

210 2489 401 2565 eorumque
423 2473 577 2544 omnium
598 2473 661 2568 qui
683 2471 873 2570 predictam
894 2473 1073 2547 ecclesiam
1094 2471 1250 2564 juverint
1272 2481 1307 2542 ct
1329 2469 1531 2565 dignitatem
1547 2471 1624 2563 ejus

212 2596 449 2689 custodierint,
472 2599 613 2671 nomine
635 2597 727 2672 dotis
749 2598 785 2669 in
809 2595 960 2694 presenti
982 2597 1107 2670 damus
1127 2598 1160 2670 ei
1182 2617 1245 2693 pro
1261 2596 1429 2669 cimiterio
1443 2597 1623 2668 ecclesium

212 2720 327 2792 Sancti
349 2721 485 2815 Georgii
500 2743 625 2795 novam
644 2723 710 2796 hoc
728 2733 847 2796 tenore
865 2732 904 2795 ut
924 2724 1009 2795 nulli
1024 2722 1126 2796 liceat
1147 2741 1292 2818 persone
1305 2719 1439 2815 aliquid
1455 2720 1501 2793 de
1525 2721 1625 2794 bunis

211 2839 325 2915 eidem
352 2845 497 2919 ecclesie
525 2845 727 2919 subtrahere
757 2847 814 2919 vel
841 2848 988 2921 aulerre.
1016 2845 1102 2920 Octo
1127 2856 1243 2920 autem
1274 2845 1406 2918 ibidem
1431 2846 1625 2942 prebendas

213 2967 470 3061 constituimus,
498 2969 586 3043 dous
610 2991 730 3044 earum
757 2972 793 3044 iu
818 2971 1014 3046 redditibus
1038 2971 1331 3069 septingentorum
1360 2983 1556 3045 tarenorum
1579 2973 1626 3046 ad

212 3087 359 3187 granum
378 3117 486 3170 unum
507 3119 587 3169 oum
605 3097 720 3171 vineis
733 3107 769 3172 et
784 3097 948 3171 domibus
964 3098 1037 3170 suis
1052 3108 1088 3171 et
1104 3097 1223 3188 terris,
1243 3097 1334 3170 sicut
1352 3098 1506 3172 divisum
1524 3109 1577 3172 est
1591 3100 1626 3170 in

211 3218 279 3291 alio
302 3219 503 3316 privilegio,
522 3231 557 3295 et
579 3222 848 3318 singulis'auuis
871 3223 1025 3318 singulas
1048 3223 1173 3296 hurum
1196 3220 1346 3297 duarum
1369 3225 1526 3320 accipere
1547 3227 1627 3297 lru-

212 3344 319 3417 menti
338 3345 472 3419 modios
488 3346 679 3442 sessaginta
697 3358 731 3421 et
747 3347 891 3422 totidem
907 3347 1020 3438 ordei,
1034 3347 1190 3440 singulas
1202 3347 1322 3422 itidem
1338 3349 1463 3421 harum
1478 3349 1625 3423 duarum

212 3468 468 3564 prebendarum
482 3473 720 3570 septingentos
734 3485 872 3549 tarcum
886 3475 1055 3571 accipere.
1074 3475 1158 3548 ltem
1171 3474 1418 3569 quatuoralias
1431 3475 1625 3571 prebendas

211 3593 248 3666 in
276 3593 473 3670 redditibus
497 3598 767 3694 quingentorum
790 3610 987 3675 tarenorum
1007 3621 1087 3672 cum
1103 3599 1217 3672 vineis
1243 3607 1279 3672 et
1306 3599 1469 3672 domibus
1492 3599 1567 3674 suis
1591 3609 1626 3673 et

211 3709 324 3814 terris,
340 3719 431 3796 siem
447 3721 600 3798 divisum
615 3735 668 3799 est
686 3725 722 3798 in
741 3725 810 3799 alio
825 3725 1022 3822 privilegio,
1039 3734 1074 3799 et
1087 3725 1235 3816 singuiis
1247 3724 1349 3796 annis
1364 3726 1526 3800 immenti
1543 3747 1625 3798 mo-

212 3842 291 3918 dios
307 3847 526 3943 quatrnginta
540 3858 578 3922 et
592 3850 735 3924 totidem
754 3849 853 3924 ordei
866 3871 927 3946 per
941 3849 1108 3944 singulas.
1125 3851 1220 3921 Duas
1237 3848 1341 3922 etiam
1358 3849 1445 3924 alies
1460 3873 1530 3944 que
1545 3871 1625 3924 cnm

212 3970 283 4042 sint
297 3969 401 4066 hujus
416 3973 573 4068 ecclesie,
587 3975 746 4048 ordinate
762 3983 877 4050 omen
900 3974 1034 4047 suntin
1051 3974 1206 4070 cappella
1220 3976 1340 4070 regine
1354 3975 1445 4048 bone
1460 3977 1624 4049 memorie

211 4092 327 4168 Elvira
343 4089 394 4192 (4)
412 4096 447 4169 iu
472 4097 667 4172 redditibus
689 4099 917 4173 ducentorum
943 4107 1141 4172 eremorum
1169 4097 1215 4171 ad
1239 4121 1385 4192 manum
1411 4122 1519 4172 unum
1544 4122 1624 4172 cnm

249 4347 286 4424 (4)
305 4349 436 4410 Sacellum
453 4351 506 4410 boc
523 4353 666 4428 regionis.
679 4354 977 4428 limiaellegdelenae,
990 4353 1131 4412 illustrium
1143 4355 1314 4413 Normannae
1326 4353 1441 4412 tamiliae
1453 4357 1625 4433 sarcophagis

213 4445 330 4520 insigne,
344 4447 394 4506 luit
407 4449 577 4509 aedificatum
591 4451 765 4526 dotatumque
778 4454 813 4511 ab
827 4452 916 4511 Elvira
930 4469 1002 4511 anno
1015 4455 1093 4524 trec,
1106 4458 1138 4510 ut
1150 4453 1207 4510 vult
1220 4454 1342 4510 dinetus.
1357 4455 1387 4510 ln
1399 4453 1451 4510 hoc
1462 4455 1559 4513 sacello
1571 4457 1625 4515 duo

212 4545 333 4602 aanonici
347 4547 456 4620 palatini
468 4564 502 4605 ex
513 4549 680 4608 ordinatione
690 4551 761 4626 regis
774 4551 879 4626 ltogerii
892 4550 1001 4609 assidrm
1012 4550 1086 4608 cultu
1098 4551 1279 4609 celebrabant.
1292 4551 1562 4611 Animadvertendum
1577 4571 1624 4612 au·

147 4725 154 4738 .
213 4647 268 4699 tem
279 4649 322 4700 ast
332 4643 438 4702 Pinum
449 4645 477 4702 in
487 4662 607 4706 errorem
616 4647 753 4720 incidisse,
765 4665 826 4706 cum
835 4649 873 4707 ait
882 4655 1018 4708 mortuum
1028 4649 1145 4708 lllviram
1158 4655 1174 4707 t
1187 4651 1291 4723 indue,
1304 4649 1372 4709 lebr.
1383 4667 1455 4710 anuo
1466 4655 1546 4711 trie.
1557 4654 1624 4712 Nam

212 4739 241 4797 in
255 4739 308 4800 hoo
320 4741 465 4818 diplomate
477 4761 549 4805 auno
563 4751 632 4806 4440
644 4754 737 4824 aperte
750 4745 916 4824 significatur
928 4747 983 4808 lato
992 4749 1047 4824 jam
1061 4749 1190 4809 bucam.
1206 4749 1343 4826 (Gorosolt
1356 4752 1441 4827 noto.)
