4368 5876
537 562 597 624 tat
1039 567 1252 631 ratnstttct
1277 571 1450 636 secuto!
1764 572 1843 658 [dnn.
1862 573 1946 636 1221.

536 721 630 789 nam,
651 698 697 772 ed
713 718 916 772 succursum
931 708 1020 774 terre
1037 711 1155 776 sancte
1171 725 1210 776 se
1226 706 1371 782 viriliter
1386 717 1422 783 et
1435 715 1591 805 potenter
1603 707 1799 804 accingant.
1815 709 1860 782 Et
1872 709 1949 784 licet

535 823 635 896 multi
662 823 851 920 principes,
876 825 1022 900 hamnee
1049 836 1084 900 et
1107 828 1232 902 milites
1259 840 1341 906 vota
1367 841 1485 908 nostra
1510 831 1685 906 humiliter
1706 843 1950 928 prosequentes

535 948 690 1042 insigniti
708 950 778 1022 sint
795 949 967 1042 signiculo
984 960 1102 1026 sancte
1120 954 1248 1047 crucis,
1265 957 1368 1052 pauci
1385 967 1500 1032 tamen
1519 957 1653 1030 suntin
1666 957 1813 1032 articulo
1829 979 1948 1032 neom·

532 1075 641 1148 sitatis
660 1075 830 1149 instantis.
847 1076 929 1164 Eia,
946 1077 1072 1150 milites
1088 1077 1209 1152 fideles
1225 1081 1378 1178 imperii,
1397 1083 1538 1180 arripite
1551 1082 1714 1156 velociter
1729 1103 1826 1155 arma
1841 1083 1949 1156 chris-

533 1201 625 1273 tiane
640 1201 780 1292 militie,
798 1201 881 1296 quia
897 1203 970 1294 jam
985 1204 1129 1276 Romani
1144 1205 1279 1303 imperii
1296 1208 1455 1284 victrices
1473 1209 1590 1304 aquile
1603 1207 1773 1306 prodiere.
1794 1209 1949 1304 Duplicis

531 1325 674 1420 quidem
698 1326 933 1399 retributionis
954 1327 1118 1412 donativa
1143 1333 1338 1429 percipiunt
1358 1333 1419 1429 qui
1445 1333 1643 1408 celsitudini
1663 1342 1780 1408 nostre
1808 1334 1845 1405 in
1869 1355 1951 1430 pm·

530 1451 642 1546 posito
672 1451 777 1545 hujns
808 1459 926 1524 sancte
957 1454 1242 1548 peregrinationis
1267 1458 1454 1550 assistunt,
1482 1459 1566 1552 qnia
1592 1467 1705 1554 preter
1736 1458 1948 1553 imperialem

531 1576 676 1668 gratiam
704 1575 945 1673 adipiscuntur
974 1577 1171 1652 felicitatem
1202 1591 1370 1654 eternam.
1396 1583 1565 1668 Quocirca
1594 1582 1810 1656 universitati
1836 1593 1951 1656 vestre

530 1723 592 1796 per
617 1700 806 1796 imperialia
833 1701 961 1796 scripta
987 1702 1213 1795 mandamus,
1239 1706 1460 1780 obsecramus
1484 1708 1521 1780 in
1547 1707 1706 1800 domino,
1728 1729 1894 1802 rogamus
1917 1717 1952 1780 et

530 1825 709 1898 hortamur
727 1827 821 1899 omni
844 1827 1023 1900 affectione
1041 1851 1112 1924 qua
1133 1851 1318 1926 possumus
1334 1844 1518 1906 exorantes
1535 1835 1700 1929 quatinus
1716 1833 1852 1906 accensi
1876 1833 1951 1906 nelo

531 1951 623 2023 illius
642 1955 743 2045 qu'ns
764 1973 890 2048 sponsa
908 1953 1053 2026 ecclesia
1071 1963 1180 2028 meter
1195 1967 1310 2031 vestra
1327 1958 1363 2029 in
1385 1979 1427 2034 ea
1449 1967 1538 2031 terra
1557 1959 1695 2054 captiva
1712 1957 1952 2030 miserabiliter

530 2075 722 2169 detinetur,
746 2078 933 2152 recolentes
953 2078 1057 2151 etiam
1074 2081 1222 2174 qualiter
1245 2104 1267 2155 a
1291 2081 1417 2156 diebus
1439 2084 1591 2178 antiquis
1613 2092 1648 2156 et
1669 2082 1951 2177 generationibus

531 2201 725 2274 seculorum
743 2202 965 2298 imperatores
987 2205 1132 2277 Romani
1151 2207 1322 2280 mundum
1344 2209 1546 2281 universum
1569 2229 1633 2280 sne
1653 2205 1875 2282 subdiderint
1891 2208 1951 2281 di-

531 2327 614 2400 tioni
629 2328 760 2401 auxilio
778 2351 918 2401 suorum
936 2329 1091 2402 fidelium
1110 2333 1171 2425 qni
1190 2354 1270 2404 cum
1285 2331 1337 2404 eis
1351 2355 1464 2427 usqne
1480 2331 1527 2405 ad
1544 2331 1747 2405 effusionem
1768 2332 1951 2426 sanguinis

529 2454 745 2540 laborarunt,
764 2475 833 2526 non
852 2455 1030 2549 patiamini
1055 2456 1090 2527 in
1113 2465 1229 2530 nostro
1247 2458 1306 2553 pio
1324 2457 1500 2553 proposito
1526 2477 1589 2528 nos
1616 2455 1801 2548 conlundi,
1820 2457 1947 2548 immo,

529 2579 619 2652 sicut
638 2601 789 2674 unquam
806 2581 916 2651 Deum
935 2579 1079 2673 diligitis
1097 2591 1132 2653 et
1150 2582 1296 2673 gratim
1319 2591 1471 2654 nostram
1495 2601 1611 2652 caram
1632 2579 1787 2671 habetis,
1806 2581 1851 2653 ad
1871 2603 1952 2654 suc·

529 2727 670 2778 cursum
697 2715 786 2778 terre
818 2715 935 2777 sancte
958 2727 1022 2778 vos
1051 2707 1125 2778 sine
1153 2707 1318 2780 dilatione
1342 2728 1405 2803 pm
1436 2707 1586 2803 presenti
1615 2705 1774 2801 passagio
1806 2705 1953 2779 viriliter

528 2830 735 2923 accingatis,
753 2831 900 2903 seientes
921 2830 1016 2924 quod
1034 2832 1138 2903 nichil
1158 2853 1313 2927 unquam
1331 2833 1449 2927 aliquo
1469 2842 1623 2926 tempore
1645 2830 1791 2926 possetis
1813 2829 1952 2905 efficere

529 2977 591 3052 per
607 2954 704 3049 quod
718 2955 831 3026 taliter
850 2956 1012 3028 omnibus
1033 2957 1133 3030 vobis
1153 2967 1187 3030 et
1205 2958 1352 3052 singulis
1371 2957 1582 3053 imperialem
1601 2955 1792 3030 redderetis
1809 2957 1951 3028 celsitu·

530 3080 648 3153 dinem
667 3081 872 3174 obligatam3
892 3081 1045 3154 maxime
1069 3103 1149 3154 cum
1173 3083 1305 3155 inimici
1329 3083 1443 3156 crucis
1464 3081 1590 3154 Christi
1609 3089 1644 3154 et
1667 3081 1782 3154 hostes
1798 3083 1952 3155 nominis

530 3205 711 3278 Christiani
725 3227 786 3302 pre
799 3206 921 3278 timore
933 3207 1025 3301 regis
1040 3209 1180 3303 superni
1194 3216 1228 3281 et
1241 3209 1474 3280 membrorum
1489 3229 1630 3280 suorum
1642 3209 1715 3301 jam
1726 3207 1826 3302 qnasi
1841 3216 1950 3280 totam

530 3353 636 3428 quam
652 3331 831 3428 querimus
851 3331 1048 3426 relinquant
1067 3342 1190 3406 terram
1208 3343 1376 3406 sanctam.
1397 3334 1507 3428 Super
1526 3333 1593 3405 hcc
1611 3342 1727 3404 autem
1750 3331 1852 3426 plane
1868 3353 1951 3404 cre-

531 3458 621 3531 datis
637 3467 672 3529 et
687 3457 870 3530 efficaciter
892 3457 1063 3552 impleatis
1080 3479 1302 3552 quecumque
1316 3457 1418 3530 vobis
1438 3477 1485 3530 ex
1501 3463 1599 3552 parte
1612 3465 1728 3528 nostra
1745 3454 1952 3528 karissimus

529 3585 565 3655 in
582 3583 716 3655 Christo
739 3591 836 3678 pater
853 3582 1047 3676 Hugolinus
1064 3584 1254 3656 Hostiensis
1273 3593 1308 3656 et
1323 3582 1544 3656 velletrensis
1559 3581 1744 3677 episcopus
1762 3580 1951 3676 apostolice

529 3707 629 3781 Sedis
654 3707 789 3802 legatus
818 3705 960 3780 duxerit
984 3708 1229 3804 proponenda,
1256 3729 1362 3803 quem
1389 3707 1529 3804 speciali
1556 3706 1741 3800 diligentes
1764 3705 1893 3780 affectu
1912 3716 1950 3778 ut

529 3853 711 3931 personam
726 3841 875 3906 nostram
895 3834 941 3906 ab
954 3835 1117 3907 omnibus
1130 3836 1292 3908 volumus
1310 3842 1345 3908 et
1362 3833 1573 3930 precipimus
1586 3831 1758 3906 honorari.

578 3961 701 4032 Datum
719 3957 864 4051 Salerni,
884 3960 929 4033 lv
946 3960 1027 4034 idus
1042 3962 1222 4053 februarii,
1242 3959 1432 4033 indictione
1447 3959 1507 4032 tx,

1216 4249 1263 4320 11.

577 4461 772 4535 Fridericus
795 4461 857 4533 Dei
880 4461 991 4554 gratia
1009 4463 1241 4535 Romanorum
1265 4460 1463 4558 imperator,
1480 4480 1617 4556 semper
1636 4464 1807 4551 angustus
1823 4465 1859 4528 et
1883 4477 1948 4529 rex

529 4588 660 4680 Sicilie,
681 4587 862 4660 karissimo
882 4587 919 4659 in
937 4587 1070 4662 Christo
1094 4587 1183 4685 patri
1207 4595 1242 4660 et
1269 4586 1381 4659 emico
1408 4606 1472 4658 sno
1495 4581 1668 4680 hugolino
1691 4581 1815 4657 eadem
1835 4580 1948 4675 gratia

529 4712 678 4787 Ostiensi
701 4713 876 4811 episcopo,
902 4713 1089 4810 apostolice
1114 4711 1214 4787 Sedis
1237 4712 1362 4807 legato,
1388 4709 1586 4784 salutemet
1603 4710 1733 4782 sincere
1752 4703 1948 4780 dilectionis
