4296 5898
539 595 601 661 260
1041 594 1260 658 rutueutct
1285 593 1461 658 statuunt
1758 597 1845 678 [An.
1861 599 1943 662 1222

540 731 641 823 eujus
667 729 833 804 sedulitas
860 731 951 806 circa
973 730 1115 806 seruitia
1140 739 1211 804 tum
1232 730 1327 840 utilio
1348 751 1455 826 quarn
1477 729 1670 804 necessaria
1694 734 1941 830 comprobetur.

539 855 629 942 Quia
647 856 754 948 igitur
770 855 916 931 dilectus
934 855 1045 932 fidelis
1060 864 1176 930 noster
1191 855 1363 932 lohannes
1376 855 1486 932 abhas
1499 854 1683 930 mannii
1696 865 1732 930 et
1745 859 1862 932 Sancti
1874 859 1945 934 llo-

538 979 657 1054 minici
672 990 788 1054 nostre
803 981 1014 1078 supplicavit
1026 980 1201 1055 humiliter
1216 981 1386 1076 majestati
1398 989 1437 1054 ut
1451 979 1673 1077 privilegium
1687 1001 1735 1054 ex
1748 983 1945 1060 Madau

537 1115 655 1180 nostra
672 1105 827 1202 predicto
848 1115 1055 1182 monasteuo
1072 1105 1258 1180 Casemarii
1278 1105 1452 1178 indultum
1471 1115 1549 1202 post
1570 1106 1702 1180 curium
1718 1106 1836 1203 Capue
1856 1109 1943 1184 ocle-

537 1231 670 1304 brutam
694 1253 799 1326 super
820 1230 1034 1306 restitutione
1050 1239 1085 1306 et
1104 1229 1362 1305 confirmatione
1382 1228 1546 1304 videlicet
1558 1229 1819 1327 privilegiorum
1836 1253 1944 1328 quon

537 1355 619 1430 dam
644 1356 806 1432 divorum
827 1366 1055 1448 augustorum
1077 1365 1259 1453 parentum
1280 1363 1474 1428 nostrorum
1493 1355 1657 1428 memorie
1676 1357 1859 1431 recolende
1879 1380 1947 1454 que

535 1481 743 1556 monasterio
761 1481 827 1578 ipei
842 1482 1074 1575 contulerunt,
1091 1503 1155 1578 pro
1169 1503 1212 1554 eo
1225 1481 1323 1576 quod
1340 1480 1376 1553 in
1395 1477 1465 1552 fine
1480 1479 1637 1572 ejusdem
1653 1481 1825 1577 privilegii
1842 1483 1944 1556 nostri

536 1607 777 1680 continebatur
795 1607 950 1681 clausula
972 1607 1038 1680 iste
1059 1607 1218 1680 salutarie
1239 1607 1338 1681 salvo
1352 1605 1516 1680 mandato
1529 1613 1565 1680 et
1580 1604 1797 1680 ordinatione
1812 1621 1942 1699 nosue,

535 1731 677 1804 rescribi
701 1739 736 1804 et
760 1730 919 1805 eamdem
944 1731 1134 1804 clausulam
1159 1729 1267 1805 adimi
1288 1731 1510 1824 juberemus,
1534 1730 1749 1804 attendentes
1770 1730 1942 1805 honestam

535 1857 644 1930 uitam
657 1864 692 1930 et
704 1857 998 1932 conversationem
1013 1857 1224 1932 laudabilem
1242 1856 1378 1930 abbatis
1392 1855 1551 1953 predicti,
1572 1855 1829 1930 considerantes
1844 1855 1941 1930 etiam

536 1983 685 2077 qualiter
705 2003 785 2054 eum
804 1982 868 2054 etsi
884 1981 1056 2056 mandatis
1069 1983 1194 2056 nostris
1218 1981 1411 2056 obnoxium
1433 1981 1480 2056 ob
1497 1981 1697 2076 religionem
1716 1991 1832 2056 mmen
1852 1980 1943 2056 ordi·

537 2104 592 2178 nis
609 2114 858 2201 repugnantem
874 2103 924 2202 (a)
943 2107 1122 2203 probitatis
1139 2115 1175 2178 et
1189 2105 1331 2180 edentis
1344 2127 1407 2179 sue
1423 2105 1543 2178 merito
1559 2114 1637 2202 post
1650 2105 1783 2180 curiam
1797 2116 1942 2181 nostrum

535 2231 759 2321 traxerimus,
778 2229 949 2304 honestati
967 2252 1030 2304 sue
1044 2231 1147 2326 sigilli
1162 2231 1269 2306 nostri
1285 2229 1479 2304 custodium
1494 2229 1743 2304 committentes
1762 2231 1799 2302 in
1815 2229 1942 2326 quoad

533 2355 699 2430 honorem
717 2363 871 2428 nostmm
889 2377 928 2429 ee
945 2354 1094 2430 fideliter
1117 2364 1152 2429 et
1167 2355 1357 2451 prudenter
1371 2363 1510 2428 exercet
1521 2353 1587 2450 (l),
1607 2353 1653 2427 ob
1671 2375 1735 2428 sue
1754 2353 1944 2430 devotionis

533 2483 695 2554 meritum
709 2481 858 2577 speciale
872 2483 945 2554 suis
954 2481 1059 2574 justis
1072 2479 1382 2577 supplicationibus
1400 2477 1632 2552 favorabiliter
1645 2491 1856 2572 annuentes,
1872 2479 1940 2577 pri·

532 2605 699 2700 vilegium
713 2605 841 2702 ipsum,
855 2615 986 2679 remota
999 2606 1154 2680 clausula
1167 2606 1266 2679 salvo
1279 2603 1443 2679 mandato
1456 2613 1491 2679 et
1504 2603 1720 2678 ordinatione
1733 2615 1862 2694 nostra,
1872 2607 1942 2700 jus·

533 2731 643 2804 simus
659 2730 939 2818 rescribendum
960 2732 1061 2825 cujus
1078 2731 1251 2827 privilegii
1268 2739 1366 2805 tenor
1384 2730 1461 2803 talis
1475 2739 1552 2803 est:

583 2853 758 2956 [Seqoitur
773 2855 815 2930 do
832 2857 928 2930 ueto
944 2857 991 2929 ed
1007 2857 1158 2946 uelum,
1176 2865 1302 2928 remoto
1319 2867 1429 2928 tomen
1440 2855 1612 2950 prodam
1623 2855 1794 2949 comen,
1811 2855 1941 2950 privile

529 2984 621 3078 pum
639 2983 755 3054 datum
764 2979 909 3068 Salerrd,
927 2983 1095 3076 {ebnmdo
1109 2983 1219 3075 teat,
1234 2983 1323 3078 qaod
1333 3003 1436 3078 supro
1449 2982 1673 3071 metemus,
1692 3003 1728 3076 p.
1746 2978 1848 3077 ΗΜ

580 3106 636 3182 Aa
653 3107 759 3200 bajus
779 3115 896 3186 autem
914 3108 1145 3203 rescriptionis
1163 3117 1198 3180 et
1219 3105 1374 3204 predicte
1396 3106 1550 3179 clausule
1568 3105 1726 3200 [remote]
1746 3107 1938 3182 memoriam

532 3253 675 3329 presens
690 3230 912 3328 privilegium
928 3253 991 3327 per
1003 3253 1129 3306 manus
1144 3231 1309 3304 lobannis
1328 3230 1373 3303 de
1387 3231 1499 3303 Lauro
1516 3229 1639 3303 notarii
1658 3238 1693 3304 ct
1709 3228 1823 3304 fidelis
1838 3231 1939 3305 noebi

532 3356 636 3432 scribi
652 3366 688 3431 et
704 3358 799 3431 bulla
815 3379 922 3431 aurea
935 3357 1072 3454 typario
1089 3358 1278 3451 majestatis
1291 3364 1406 3429 nostre
1423 3357 1590 3452 impressa
1603 3354 1772 3450 jussimus
1788 3377 1941 3430 commu-

530 3485 612 3578 niri,
631 3506 737 3578 anno,
755 3505 874 3559 mense
889 3493 924 3558 et
939 3483 1128 3559 indictione
1143 3481 1358 3578 subscriptis.

578 3613 704 3685 Datum
713 3611 751 3682 in
761 3609 1117 3683 castrieinobsidione
1125 3607 1205 3699 lati,
1217 3629 1309 3682 anno
1318 3604 1490 3680 dominice
1498 3604 1743 3680 incarnationis
1751 3607 1936 3694 ltccxxll

529 3757 650 3810 mense
659 3734 756 3830 julii,
771 3732 959 3810 indictione
972 3735 1017 3828 X,
1034 3733 1171 3831 imperii
1185 3731 1316 3806 domini
1331 3731 1438 3806 nostri
1455 3730 1619 3805 Friderici
1634 3733 1697 3805 Dei
1709 3733 1820 3825 gratia
1834 3732 1938 3806 invic-

529 3860 654 3936 tissimi
674 3861 906 3935 llomanorum
928 3860 1159 3956 imperatoris,
1176 3879 1312 3956 semper
1332 3855 1472 3950 augusti
1491 3863 1526 3929 et
1542 3855 1635 3951 regis
1650 3855 1766 3931 Sicilie
1784 3879 1876 3933 anno
1892 3857 1937 3946 ll,

530 3987 630 4084 regni
647 4008 731 4062 vero
749 3985 865 4060 Sicilie
880 3985 990 4058 XXIV
1003 3982 1064 4082 (b).

572 4166 614 4248 (a)
636 4169 750 4231 Locum
767 4169 956 4244 corruptum,
968 4163 1107 4224 videlicet
1122 4179 1131 4224 a
1147 4155 1319 4244 puoldotrm
1336 4158 1405 4244 cito.
1427 4199 1435 4218 .
1458 4199 1467 4218 .
1490 4201 1498 4217 .
1520 4153 1556 4219 od
1569 4153 1736 4240 κὶὶςὸοοικ
1748 4159 1829 4222 tereti
1838 4156 1941 4222 ordiale

530 4281 741 4358 repugnanter,
754 4275 797 4335 ita
810 4273 1006 4336 comunimus.

573 4380 614 4463 (d)
634 4383 693 4455 Slc,
707 4387 738 4444 et
750 4383 784 4442 lu
797 4378 988 4460 sequentibus
1001 4393 1119 4457 quoque
1132 4375 1325 4438 documentis
1341 4373 1432 4435 Recte
1443 4378 1543 4435 tamen
1554 4371 1650 4436 XXV.

570 4629 608 4704 (t)
626 4628 810 4688 verisimiliter
820 4633 885 4703 post
895 4625 1062 4685 Gualterium
1073 4623 1108 4684 de
1121 4623 1214 4682 Palenr
1225 4628 1290 4680 tuno
1303 4623 1331 4680 in
1344 4621 1425 4680 exilio
1438 4627 1648 4680 commorantem
1661 4621 1729 4696 (vid.
1739 4637 1822 4698 supra
1830 4638 1858 4696 p.
1867 4620 1935 4692 att),

533 4725 682 4786 cancelarii
695 4725 821 4798 officium,
836 4725 899 4784 licet
912 4724 988 4782 titulo
1002 4739 1055 4783 non
1068 4723 1252 4796 adornaretur,
1266 4719 1399 4780 lohannes
1411 4720 1462 4780 iste
1473 4720 1603 4780 exercuit.
