4292 5894
555 547 616 610 324
1058 550 1271 614 rtlbssstcl
1297 550 1470 614 sttcttttbt
1777 555 1858 634 [An.
1879 557 1959 619 tm

555 683 736 778 Aquilonis
751 695 786 756 et
800 685 1015 759 descendunt
1031 709 1131 760 secus
1147 689 1261 784 ipsum
1276 689 1404 762 flumen
1419 687 1671 783 quinquaginta
1684 711 1808 785 passus
1822 690 1960 786 longea

556 809 699 881 flumine
715 809 751 881 in
769 822 865 905 parte
883 833 1005 884 versus
1022 814 1181 884 Sanctam
1203 813 1346 888 blariam
1362 812 1407 886 de
1424 813 1529 907 Fogia
1548 834 1660 906 usqne
1680 813 1716 884 in
1735 815 1867 888 vadum
1883 817 1960 888 Tra·

555 935 738 1007 maricium
749 944 783 1007 et
795 937 979 1030 peripsum
990 936 1122 1010 vadum
1136 947 1333 1034 pretereunt
1345 939 1458 1034 ipsum
1472 938 1601 1010 flumen
1613 947 1648 1011 et
1657 937 1793 1012 vadunt
1803 961 1867 1034 per
1880 940 1961 1014 fines

555 1071 643 1133 terre
656 1058 806 1132 liliorum
821 1059 884 1132 Citi
899 1081 1011 1155 nsque
1026 1061 1120 1135 viam
1134 1083 1204 1157 que
1217 1063 1311 1135 venit
1326 1060 1372 1134 ad
1388 1061 1547 1134 Sanctam
1562 1061 1704 1136 blaciam
1720 1061 1765 1136 de
1777 1063 1884 1158 Fogia
1895 1087 1962 1159 que

554 1183 1300 1260 estinterbasterrasctterrasfiliornmPetri
1308 1183 1961 1285 jndiciaetdeindavaduntsecuspre-

554 1307 680 1382 dictam
693 1320 819 1382 terram
832 1331 943 1404 usqne
956 1319 1061 1405 caput
1073 1311 1219 1384 vallonis
1228 1311 1329 1406 Appii
1343 1309 1404 1383 ubi
1420 1331 1521 1384 secus
1534 1311 1627 1383 mam
1642 1311 1777 1384 termini
1787 1313 1960 1386 Petramm

552 1431 653 1505 infixi
671 1443 752 1505 sunt
767 1443 802 1506 et
822 1433 1037 1507 descendunt
1055 1455 1156 1508 secus
1172 1435 1366 1530 predictum
1381 1434 1552 1508 vallonem
1562 1433 1625 1528 qui
1640 1443 1692 1506 est
1703 1432 1781 1506 linis
1794 1444 1959 1509 mrrarum

553 1557 830 1652 supradictorum
853 1555 1002 1631 liliorum
1021 1559 1109 1632 Petri
1129 1558 1260 1650 judicis
1278 1579 1390 1653 usqne
1411 1558 1446 1630 in
1470 1557 1595 1653 pedem
1614 1556 1695 1652 Arpi
1717 1567 1753 1631 et
1776 1558 1906 1634 deinde
1926 1562 1958 1632 in

552 1693 786 1754 transversum
796 1691 887 1754 recte
895 1681 1073 1754 vaduntin
1085 1683 1227 1756 flumine
1236 1683 1386 1776 burgani
1396 1691 1431 1754 et
1439 1681 1567 1754 deinde
1576 1680 1838 1778 ascenduntper
1848 1685 1958 1778 ipsum

554 1803 683 1877 llnmen
702 1825 813 1897 usqne
830 1803 961 1876 vadum
978 1807 1149 1877 Tranense
1167 1804 1211 1878 de
1229 1805 1384 1900 predicto
1403 1803 1546 1876 {lumine
1563 1805 1714 1898 Burgani
1730 1815 1765 1877 et
1780 1805 1909 1879 deinde
1923 1807 1957 1878 in

553 1939 786 2002 transversum
796 1927 1000 2024 vaduntper
1011 1929 1165 2024 lineaqui
1175 1941 1255 2000 snut
1266 1929 1353 2000 inter
1361 1929 1495 2002 Troiam
1505 1937 1539 1999 et
1548 1929 1761 2000 Baccariram
1771 1938 1806 2001 et
1817 1931 1959 2003 veniunt

554 2057 590 2125 in
613 2053 755 2125 llnmine
771 2053 950 2146 Aquilonis
968 2054 1013 2126 ad
1032 2053 1161 2126 vadum
1178 2054 1363 2126 Tranense.
1383 2053 1610 2125 concedimus
1627 2074 1767 2146 quoque
1784 2063 1820 2126 et
1835 2055 1958 2126 confir·

553 2201 690 2252 mamus
702 2179 736 2248 iu
751 2178 882 2273 prelato
898 2188 1017 2250 sancto
1028 2179 1235 2250 monasterio
1250 2179 1361 2250 casale
1374 2177 1490 2250 Sancti
1503 2176 1594 2248 Petri
1610 2176 1646 2247 in
1660 2177 1786 2250 Balneo
1799 2187 1834 2249 et
1848 2179 1959 2250 casale

551 2305 676 2374 Sancte
688 2302 796 2374 Marie
813 2301 858 2373 ds
872 2302 971 2374 Oliva
989 2323 1069 2374 cnm
1086 2302 1247 2374 omnibus
1268 2301 1480 2388 tenimentis,
1499 2301 1773 2394 possessionibus
1789 2321 1909 2374 earnm
1926 2313 1960 2374 ct

550 2426 705 2500 ecclesiis
724 2425 789 2497 sibi
804 2425 966 2516 subditis,
985 2426 1158 2520 simulque
1176 2425 1418 2498 confirmamus
1431 2425 1492 2496 tibi
1513 2425 1664 2519 dompno
1677 2424 1828 2496 Guarino
1842 2427 1958 2500 abbati

550 2549 706 2642 ejusdem
739 2549 935 2621 monasterii
965 2559 1000 2623 et
1024 2551 1168 2645 posteris
1189 2551 1259 2620 tuis
1282 2549 1398 2622 omnia
1419 2567 1489 2643 qne
1505 2547 1679 2620 Guarinus
1702 2545 1865 2621 dominus
1885 2551 1959 2622 Sal·

547 2697 671 2772 parum
689 2683 723 2746 ot
733 2675 903 2747 liebertus
919 2671 1081 2746 dominns
1093 2675 1205 2746 Bamli
1218 2674 1372 2768 predicto
1385 2673 1590 2745 monasterio
1603 2672 1718 2745 Sancti
1729 2674 1902 2745 laurentii
1914 2673 1959 2747 de

549 2799 679 2872 Aversa
695 2797 853 2872 dederint
865 2810 899 2870 et
913 2800 1154 2872 concesserint.
1169 2797 1397 2871 Concedimus
1410 2797 1513 2869 etiam
1526 2807 1560 2868 et
1577 2796 1821 2869 confirmamus
1833 2797 1961 2870 Balesi-

550 2947 691 2997 manum
708 2945 786 2994 cum
803 2923 965 2995 omnibus
982 2921 1258 3019 possessionibus
1274 2922 1359 3013 suis,
1378 2921 1475 2994 terris
1490 2922 1590 2994 cultis
1611 2931 1646 2992 et
1658 2921 1811 3013 incultis,
1830 2922 1955 3012 vineis,

550 3049 699 3139 olivetis,
712 3047 849 3143 pascuis
866 3069 928 3142 per
942 3047 1005 3122 bos
1020 3045 1106 3120 lines
1123 3074 1131 3118 :
1149 3047 1241 3120 avia
1256 3045 1418 3118 videlicet
1430 3067 1500 3139 qne
1517 3044 1696 3118 descendit
1707 3046 1834 3118 Barum
1848 3067 1959 3141 usque

551 3175 587 3246 in
607 3182 758 3246 montem
782 3173 844 3266 qni
868 3181 1042 3267 estsuper
1061 3173 1176 3269 ipsum
1196 3173 1461 3263 Balesimanum,
1483 3169 1528 3242 ab
1548 3169 1616 3242 alio
1633 3170 1739 3242 latere
1754 3189 1817 3265 per
1834 3171 1958 3244 vallem

549 3298 700 3394 episcopi
716 3297 875 3370 barensis
890 3319 1001 3391 usque
1017 3297 1194 3369 interram
1212 3295 1296 3368 Grifi
1309 3304 1344 3369 et
1359 3295 1409 3367 sic
1429 3293 1608 3368 descendit
1627 3293 1799 3388 usquead
1818 3303 1958 3368 stratam

549 3445 710 3518 magnam
722 3443 791 3518 que
805 3421 903 3496 vadit
919 3443 1030 3516 usque
1043 3421 1090 3494 ad
1104 3420 1293 3516 predictam
1305 3419 1477 3492 civitatem
1487 3419 1585 3506 Bari;
1600 3437 1734 3490 necnon
1746 3426 1781 3489 et
1794 3419 1957 3490 Sanctum

548 3549 727 3623 Nicolaum
743 3555 895 3620 veterem
913 3545 958 3619 de
975 3545 1102 3618 Titocto
1119 3544 1192 3642 (sic)
1205 3566 1284 3617 cum
1303 3565 1368 3617 usu
1383 3542 1586 3634 molendini,
1605 3541 1703 3633 fumi,
1722 3543 1870 3639 trappeti
1889 3553 1958 3615 tam

549 3673 728 3747 bominum
748 3680 942 3743 nostrorum
968 3691 1073 3764 quam
1101 3669 1244 3741 aliorum
1262 3669 1322 3761 qui
1340 3668 1419 3738 illuc
1444 3667 1589 3758 molere,
1610 3687 1758 3759 coquere
1774 3675 1809 3738 et
1828 3667 1959 3738 macbi-

548 3820 631 3872 nare
652 3797 823 3870 voluerint
840 3796 915 3868 sine
938 3794 1177 3868 contrarietate
1195 3802 1309 3866 nostra
1327 3800 1589 3884 nostrorumque
1608 3789 1776 3864 heredum
1794 3812 1857 3863 seu
1878 3813 1958 3864 suc·

548 3937 722 3997 cessorum
749 3921 804 3993 vel
832 3919 1104 3990 ministerialium
1132 3929 1193 3991 aut
1220 3931 1440 4009 exactorum,
1470 3927 1505 3989 et
1529 3917 1687 3988 Sanctam
1709 3915 1901 3988 Caterinam
1923 3925 1958 3989 et

546 4049 711 4122 Sanctum
727 4046 865 4117 Petmm
880 4043 926 4116 de
942 4045 1064 4116 Donna
1088 4043 1244 4115 Balsama
1261 4064 1340 4114 cum
1358 4041 1521 4114 omnibus
1544 4039 1819 4135 possoesionibus
1838 4061 1956 4113 earum

546 4183 581 4248 et
596 4175 756 4244 Sanotm
775 4169 920 4242 Mariam
937 4167 982 4242 de
995 4169 1122 4241 Baleno
1138 4168 1293 4240 similiter
1310 4189 1389 4239 cum
1406 4167 1567 4240 omnibus
1584 4187 1704 4238 earnm
1722 4165 1953 4260 pertinentiis;

547 4297 792 4372 monasterium
820 4315 960 4390 quoqne
980 4293 1095 4366 Sancti
1117 4291 1247 4366 Nicolai
1268 4292 1313 4365 de
1330 4289 1503 4386 Monopoli
1518 4289 1614 4384 quod
1635 4289 1897 4384 cognominatur
1914 4288 1957 4362 dc

547 4423 655 4516 Pigna
671 4443 751 4493 cum
766 4417 980 4514 pertinentiis
994 4425 1028 4490 et
1047 4415 1322 4512 possessionibus
1338 4416 1423 4508 suis,
1441 4424 1476 4486 et
1491 4415 1654 4487 Sanctum
1668 4414 1807 4485 Petrum
1823 4412 1859 4484 in
1878 4412 1954 4484 lacu

548 4545 713 4620 lobannis
734 4552 768 4616 et
785 4544 943 4615 Sanctam
965 4541 1109 4613 blariam
1131 4541 1167 4611 in
1184 4541 1295 4613 Grana
1313 4561 1392 4610 cum
1412 4539 1514 4612 casali
1531 4548 1567 4611 et
1584 4539 1748 4610 Sanctum
1763 4538 1902 4608 Petmm
1921 4536 1954 4606 in

547 4667 731 4741 Babbaneo
747 4689 827 4740 cum
848 4665 952 4740 casali
970 4687 1034 4738 suo
1049 4663 1145 4760 quod
1162 4665 1423 4758 cognominatur
1440 4662 1607 4736 Felliuum
1625 4671 1659 4736 et
1676 4664 1839 4734 Sanctum
1856 4661 1954 4734 Nico-
