4296 5898
533 593 595 654 210
1038 595 1250 656 intueatur
1274 595 1449 660 saeuum
1757 596 1838 682 [llus.
1856 597 1934 658 leur.

538 728 700 802 »nocuis
726 727 876 802 dominis
901 729 1056 804 obedire.
1076 756 1095 800 a
1112 731 1290 805 Abeuntes
1305 730 1412 826 igitur
1430 756 1452 805 a
1467 745 1585 806 nostra
1604 733 1777 829 presencia
1798 733 1935 829 predicti

534 853 693 928 homines
713 875 776 928 seu
797 855 918 928 villani
948 866 1026 952 post
1051 855 1158 949 huius
1178 855 1274 932 modi
1298 857 1603 954 supplicationem,
1630 857 1810 932 intervallo
1825 856 1937 931 brevis

534 979 699 1076 temporis
716 991 806 1068 acto,
823 1004 903 1054 cunr
918 980 1026 1056 abbas
1040 981 1186 1080 predicti
1204 983 1402 1058 monasterii
1419 985 1505 1060 ieret
1519 983 1640 1077 Rome,
1656 983 1772 1079 sepius
1786 983 1942 1078 requisiti·

534 1114 574 1178 ut
588 1106 706 1180 debita
725 1115 760 1178 et
778 1117 942 1180 consueta
959 1107 1098 1180 servitia
1117 1119 1336 1204 peragerent,
1357 1108 1564 1182 monasterio
1579 1109 1755 1204 suprafato
1767 1107 1882 1180 xiacens
1897 1128 1936 1180 ac

533 1231 702 1306 exhibere
726 1233 881 1306 nolentes
907 1233 1076 1329 imperiali
1104 1232 1302 1308 celsitudini
1326 1241 1408 1308 suut
1431 1233 1609 1328 conquesti
1630 1254 1711 1306 cunr
1735 1242 1826 1306 esset
1843 1232 1933 1306 llas-

534 1377 639 1447 sane,
661 1379 682 1430 a
699 1359 800 1452 cujus
816 1357 1029 1452 benignitate
1044 1358 1175 1432 litteras
1193 1359 1419 1456 impetrarunt
1433 1357 1646 1432 continentes
1663 1357 1758 1430 hunc
1773 1356 1929 1430 modum:

580 1482 799 1576 Fredericus,
825 1493 892 1556 etc.
914 1483 1094 1578 Religionis
1116 1483 1200 1556 viris
1220 1483 1336 1557 abbati
1356 1491 1393 1557 et
1409 1483 1591 1558 conventui
1611 1480 1806 1556 monasterii
1824 1480 1933 1554 sandi

530 1604 695 1700 Stephani
714 1605 759 1679 de
773 1607 938 1698 Nemore,
956 1605 1117 1680 fidelibus
1138 1607 1225 1697 suis,
1244 1617 1312 1682 etc.
1330 1607 1386 1682 Ex
1406 1616 1502 1704 parte
1519 1606 1697 1680 hominum
1715 1627 1803 1701 quos
1823 1605 1859 1677 io
1879 1626 1933 1678 ca·

530 1730 662 1806 salibus
675 1731 867 1826 Mentabri,
896 1729 1105 1828 Gasparine,
1131 1733 1285 1806 Arunchi
1303 1744 1338 1808 et
1357 1734 1493 1808 Olviani
1515 1733 1759 1808 monesterium
1786 1739 1934 1806 veebum

531 1856 654 1949 babet,
673 1879 817 1952 gravem
833 1859 966 1952 pridem
985 1859 1159 1953 querelam
1185 1860 1352 1934 serenitas
1371 1869 1487 1934 nostra
1509 1860 1638 1956 recapit
1654 1857 1749 1955 qnod
1767 1879 1847 1931 cnm
1872 1857 1933 1953 ipsi

531 1981 570 2056 in
585 1982 688 2056 certia
714 1983 864 2056 servitiis
881 1983 981 2057 vobis
997 1985 1128 2059 servire
1144 1985 1295 2059 debeant
1310 1996 1345 2059 et
1360 1993 1470 2058 certos
1489 1979 1646 2059 redditus
1660 1984 1793 2057 solvere
1808 2003 1935 2054 annua·

532 2107 612 2199 tim,
635 2106 725 2180 sicut
746 2107 781 2180 in
809 2109 931 2182 vestris
954 2109 1191 2182 instrumentis
1216 2109 1297 2182 olim
1315 2132 1335 2184 a
1354 2109 1478 2184 comite
1497 2107 1643 2206 lingerio
1665 2109 1757 2182 bone
1776 2105 1936 2179 memorie

529 2234 591 2329 qui
613 2234 771 2307 homines
791 2235 886 2331 ipsos
906 2234 1000 2310 dicto
1019 2236 1225 2310 monasterio
1246 2237 1391 2310 eontulit
1414 2236 1550 2334 plenius
1570 2235 1774 2326 continetur,
1796 2251 1865 2326 qne
1883 2231 1934 2302 iu·

529 2367 718 2432 strumenta
750 2359 908 2434 redditus
932 2369 968 2435 et
991 2360 1132 2435 servitia
1158 2383 1228 2457 que
1254 2361 1355 2434 vobis
1382 2365 1542 2435 tenentur
1571 2361 1734 2434 exolvere
1763 2356 1935 2430 continent

528 2483 720 2581 speciatim,
736 2505 802 2558 vos
817 2505 878 2558 eos
893 2484 949 2558 his
963 2487 1065 2559 certis
1081 2487 1231 2560 servitiis
1251 2507 1322 2560 non
1337 2487 1489 2561 contenti
1508 2485 1667 2583 pluribus
1684 2491 1720 2557 et
1739 2480 1932 2556 intolerabi-

528 2609 623 2686 libus
637 2610 899 2704 gravaminibus
913 2610 1081 2686 hactenns
1095 2611 1281 2705 afflixistis,
1298 2612 1457 2685 collectas
1473 2619 1507 2684 et
1531 2610 1730 2684 exactiones
1748 2607 1800 2680 eie
1821 2604 1939 2678 multi·¹

528 2735 636 2831 pliees
655 2735 866 2833 imponendo
889 2746 925 2810 et
945 2737 1013 2812 alia
1035 2737 1238 2832 gravamina
1252 2736 1450 2833 irrogando.
1467 2735 1636 2823 Quocirca
1652 2731 1809 2806 fidelitati
1825 2737 1933 2802 vestre

528 2861 737 2936 mandamus
758 2859 900 2935 tirmiter
921 2861 1159 2957 injungentes,
1182 2863 1212 2934 si
1236 2883 1292 2934 res
1311 2883 1350 2934 se
1370 2861 1482 2934 taliter
1497 2859 1657 2933 habuerit
1673 2856 1765 2930 sicut
1779 2853 1933 2950 superius

530 2985 738 3077 continetur,
761 3005 822 3058 vos
838 2985 884 3058 ab
898 2984 1002 3079 hujus
1019 2986 1113 3060 modi
1136 2985 1300 3061 indebitis
1317 2985 1562 3059 vexationibus
1586 2993 1622 3057 ct
1642 2980 1850 3054 inconsuetis
1864 2999 1932 3050 mo·

529 3109 639 3192 lestiis
654 3109 824 3183 dictorum
843 3110 1022 3183 bominum
1041 3111 1230 3202 (imbutis,
1248 3120 1283 3185 et
1297 3111 1445 3204 justiciis
1461 3119 1496 3182 et
1511 3107 1700 3184 rationibus
1715 3104 1840 3178 vestris
1850 3122 1933 3199 quas

529 3237 568 3309 iu
583 3235 635 3308 eie
650 3233 785 3308 habetis
803 3235 954 3308 contenti
973 3235 1111 3332 penitus
1128 3237 1316 3310 existentes
1336 3235 1423 3308 nihil
1441 3235 1487 3308 ab
1511 3234 1563 3308 eis
1585 3234 1675 3306 ultra
1700 3239 1771 3304 taur
1788 3227 1933 3322 graciae

529 3371 736 3455 extorquere
753 3359 922 3450 debeatis,
938 3361 1022 3455 quia
1040 3382 1111 3434 uon
1125 3361 1224 3434 decet
1250 3361 1344 3434 viros
1368 3359 1545 3455 religiosos
1569 3367 1605 3432 et
1633 3353 1793 3429 manime·
1807 3348 1933 3425 ordinis

530 3485 640 3560 vestriv
661 3484 708 3557 ab
734 3485 934 3559 hominibus
960 3486 1034 3559 suis
1057 3485 1119 3582 qni
1141 3485 1242 3559 vobis
1268 3483 1405 3582 pietatis
1431 3484 1559 3557 intuitu
1584 3489 1665 3554 sunt
1684 3477 1804 3552 ‘cobati
1827 3483 1934 3573 preter

525 3609 678 3703 justitias
704 3618 739 3682 et
767 3609 916 3683 rabones
943 3610 1079 3685 debitas
1111 3610 1209 3684 aliud
1242 3621 1462 3706 extorquere.
1489 3611 1612 3682 Datum
1637 3605 1814 3686 blasmne,
1840 3600 1932 3674 tertio

526 3734 619 3830 julii,
640 3755 732 3807 nona
748 3733 958 3807 indictionis.

578 3859 664 3932 Cum
687 3879 771 3952 ergo
798 3857 926 3930 litteras
951 3858 1044 3954 ipsas
1065 3859 1185 3954 prefati
1206 3859 1317 3932 abbas
1339 3869 1374 3930 et
1391 3865 1583 3930 conventus
1606 3850 1934 3951 postmodom‘reoe·

531 3984 680 4083 pissent,
702 3983 977 4079 prenominatum
999 4004 1117 4058 eorum
1131 3993 1167 4056 et
1182 3983 1265 4055 dicti
1281 3983 1477 4056 monasterii
1500 3989 1752 4077 procuratorem
1772 3975 1935 4046 miserunt

531 4110 614 4184 dicti
641 4108 749 4182 abbas
772 4115 808 4180 et
832 4116 1024 4181 conventus
1045 4106 1092 4181 ad
1114 4107 1345 4180 venerabilem
1371 4107 1540 4198 Reginum
1560 4102 1935 4198 archiepiscopnmper

533 4232 743 4329 imperialem
762 4232 976 4306 clementiam
1001 4233 1037 4303 in
1060 4232 1223 4304 omnibus
1244 4231 1357 4305 causis
1381 4230 1465 4303 dicti
1487 4227 1685 4302 monasterii
1702 4223 1858 4317 judicem
1877 4219 1935 4293 de·

532 4358 684 4450 legatum
699 4365 734 4429 et
750 4355 797 4429 ad
819 4377 980 4428 noscam
994 4377 1149 4429 essemus
1172 4356 1354 4429 Siracnsiis
1375 4357 1442 4451 pro'
1465 4353 1612 4448 negotiis
1629 4348 1818 4446 imperialis
1844 4343 1935 4418 curie

534 4478 766 4574 exequendis,
790 4478 835 4552 de
858 4480 1043 4554 rebellione
1069 4480 1248 4552 bominum
1268 4479 1434 4553 casalium
1456 4477 1689 4574 predictorum
1711 4475 1800 4546 iacta
1821 4481 1935 4544 eonua

533 4600 779 4674 monasterium
801 4611 1027 4674 memoratum
1052 4611 1086 4676 et
1111 4602 1156 4676 de
1178 4604 1375 4678 detentione
1399 4602 1554 4675 consueti
1579 4597 1711 4674 servitii
1739 4598 1785 4671 de
1806 4592 1933 4668 eisdem
1961 4653 1964 4660 .

533 4723 733 4798 bominibus
760 4737 1039 4819 conquerentem.
1056 4727 1111 4799 Ad
1127 4729 1227 4821 cujus
1245 4727 1470 4822 procuratoris
1490 4725 1686 4798 instantiam
1704 4721 1798 4817 ipsos
1818 4720 1935 4792 citatos
