4298 5898
560 448 622 512 472
1061 447 1275 511 salutaret
1300 445 1473 510 secubet
1787 448 1875 526 [nn.
1894 450 1980 512 1225.

561 579 793 686 honoribus,
808 577 921 664 bonis
938 579 1072 666 usibus
1089 592 1128 664 et
1143 580 1360 692 approbatis
1377 577 1714 666 consuetudinibus
1731 591 1906 692 gravent
1921 609 1980 666 ca-

565 715 722 800 nonicos
740 724 778 799 et
794 714 950 800 clericos
967 714 1138 826 ejusdem
1157 715 1338 826 capellae.

647 933 819 1014 (Memorat.
834 950 881 1012 ap
897 935 935 998 R.
948 935 1082 1010 Praaurr,
1098 931 1180 998 Stctl.
1196 950 1289 1010 rom,
1304 939 1328 996 t.
1344 936 1388 1012 11,
1405 951 1433 1014 p
1454 941 1543 1006 taso,
1557 949 1596 994 ex
1612 932 1749 1012 ortgtndl
1764 937 1800 992 et
1813 931 1893 992 ttbro
1910 933 1978 1012 lter.

686 1042 888 1118 monarchiae,
904 1043 957 1104 tol.
974 1042 1058 1124 tlt.)

614 1233 738 1304 Datum
762 1231 935 1323 Panormi,
962 1253 1054 1306 anno
1076 1232 1269 1324 [dominice
1289 1228 1553 1320 iucarnationis]
1575 1227 1773 1320 Mbcxxv,
1799 1227 1862 1302 die
1878 1229 1907 1300 ll
1925 1231 1977 1322 ja·

567 1355 693 1446 nuntii,
709 1356 786 1428 Xlll
802 1355 1003 1430 indictione.

400 1974 513 2072 effla
624 1953 860 2060 Friderious,
888 1954 1148 2040 Romanorum
1174 1955 1404 2065 imperator,
1434 1954 1483 2036 ad
1516 1953 1834 2064 supplicationem
1866 1949 1972 2032 Amici

573 2087 833 2171 Aurasioensis
857 2089 1022 2198 episcopi
1040 2090 1214 2172 concedit
1231 2099 1274 2172 ut
1289 2088 1444 2172 cuilibet
1460 2088 1572 2171 liceat
1588 2087 1690 2172 bona
1707 2088 1891 2190 vendere,
1909 2083 1973 2166 do-

573 2249 665 2307 nare
682 2232 719 2306 et
738 2223 778 2304 in
797 2223 933 2306 ultima
949 2222 1144 2307 voluntate
1161 2223 1376 2334 relinquere
1393 2221 1572 2306 ecelesiae
1589 2221 1727 2306 eidem.

653 2440 749 2520 (sut.
765 2441 797 2502 n
812 2436 907 2501 caea
923 2437 1106 2512 courum,
1123 2448 1147 2503 t.
1160 2440 1191 2516 r,
1206 2457 1237 2520 p.
1256 2443 1339 2516 ns.)

622 2627 825 2702 Fredericus
846 2629 910 2700 Dei
927 2629 1038 2722 gratia
1056 2630 1286 2702 Romanorum
1309 2630 1505 2725 imperator,
1525 2647 1661 2724 semper
1681 2636 1854 2722 augustus
1874 2633 1905 2696 et
1919 2640 1969 2692 rer

573 2753 700 2826 Sicilie.
725 2752 895 2826 Presentis
916 2753 1035 2848 scripti
1057 2754 1146 2826 serie
1170 2753 1343 2828 universis
1368 2753 1503 2850 imperii
1523 2753 1687 2826 fidelibus
1706 2751 1922 2850 presentibus
1942 2752 1970 2814 et

574 2881 699 2952 futuris
719 2879 882 2951 volumus
900 2899 976 2951 esse
994 2888 1113 2952 notum
1135 2879 1232 2976 qnod
1255 2902 1319 2954 nos
1340 2881 1604 2954 aurasicensem
1630 2877 1817 2954 ecclesiam
1836 2875 1967 2946 volentes

574 3005 675 3078 oculo
690 3003 842 3097 benigno
856 3001 1026 3099 respicere
1043 3012 1079 3076 et
1094 3005 1169 3097 ejus
1188 3003 1399 3101 protectibus
1419 3003 1615 3102 providere,
1633 3003 1680 3077 ad
1702 2999 1966 3100 supplicationem

575 3150 716 3224 quoque
731 3127 842 3200 Amici
858 3127 1067 3200 venerabilis
1085 3127 1242 3221 ejusdem
1262 3128 1407 3202 ecclesie
1423 3128 1578 3225 episcopi
1602 3126 1717 3202 dilecti
1735 3123 1850 3200 fidelis
1866 3115 1964 3204 nosti,

577 3253 781 3349 generaliter
799 3250 1020 3346 indulgemus
1042 3261 1082 3323 nt
1099 3252 1201 3326 liceat
1224 3253 1367 3328 cuilibet
1389 3252 1434 3326 de
1459 3253 1604 3350 imperio
1628 3260 1743 3326 nostro
1766 3251 1815 3325 de
1839 3241 1967 3320 boniset

578 3378 853 3476 possessionibus
882 3377 956 3450 suis
982 3378 1116 3472 absque
1140 3378 1333 3474 prejudicio
1358 3387 1394 3452 et
1419 3379 1622 3473 gravamine
1650 3385 1766 3451 nostro
1801 3383 1836 3451 ot
1855 3361 1967 3464 inponi

579 3505 744 3595 vendere,
767 3502 898 3576 donare
911 3512 946 3574 et
963 3502 999 3574 in
1016 3503 1137 3576 ultima
1154 3505 1333 3578 voluntate
1350 3503 1546 3598 relinquere
1567 3503 1662 3577 dicto
1682 3497 1872 3578 venerabili
1891 3489 1964 3593 [epi-

581 3631 722 3723 scopo]‚
747 3627 1004 3700 successoribus
1025 3627 1099 3700 suis
1123 3637 1159 3700 et
1180 3626 1347 3702 durasice
1370 3628 1534 3721 ecclesie,
1565 3649 1637 3702 non
1669 3627 1881 3702 obstantibus
1899 3635 1964 3715 prt-

581 3752 749 3826 bibitione
769 3775 831 3826 seu
852 3761 978 3826 statuto
999 3753 1146 3845 alicujus
1169 3753 1318 3827 civitatis
1342 3755 1397 3828 vel
1415 3754 1570 3848 alicujus
1591 3775 1739 3852 persone
1764 3741 1963 3828 ecclesiastico

583 3900 644 3951 seu
674 3876 798 3950 civilis.
825 3875 880 3950 Ad
903 3877 1007 3968 hujus
1030 3887 1147 3950 autem
1178 3879 1227 3952 rei
1261 3878 1473 3953 evidentiam
1499 3889 1534 3956 et
1560 3891 1764 3978 perpetuam
1799 3872 1963 3950 firniuen

583 4027 725 4102 presens
749 4005 915 4100 scripturn
945 4004 1020 4078 lieri
1045 4015 1080 4078 et
1101 4006 1213 4103 sigillo
1237 4007 1423 4101 majestatis
1446 4017 1561 4081 nostre
1577 4008 1746 4100 jussimus
1776 3989 1959 4079 communiri.

630 4133 757 4203 Datum
770 4130 942 4221 Panormi,
963 4151 1054 4204 anno
1069 4129 1243 4204 dominice
1259 4131 1504 4206 incarnationis
1519 4129 1711 4224 MCCXXV,
1733 4149 1848 4206 mense
1862 4111 1961 4196 mortib

586 4253 720 4326 decima
739 4253 838 4326 tertia
856 4252 1073 4346 [indictione]
1091 4255 1153 4352 (o).

626 4429 666 4510 (a)
686 4431 1228 4510 rnrmprsnmomurrxrm
1242 4436 1343 4510 erro,
1358 4437 1447 4498 nau.
