4292 5894
1079 589 1295 659 rururarcr
1320 595 1493 660 saeuum
1803 595 1885 681 [aa
1902 595 1980 660 rana

412 1222 508 1328 iffi
630 1231 816 1345 Rogerius
842 1233 1047 1320 Miletensis
1068 1237 1291 1348 episcopus,
1311 1237 1441 1350 vigore
1463 1238 1634 1322 mandati
1658 1235 1868 1348 imperialis
1883 1237 1987 1348 cnjus

576 1377 686 1452 tenor
698 1367 892 1477 inseritur,
908 1369 1067 1480 inquirit
1080 1395 1195 1482 super
1202 1371 1358 1482 querela
1367 1371 1500 1456 Annae
1507 1382 1546 1456 et
1554 1369 1752 1456 Adelasiac
1760 1383 1800 1456 et
1809 1369 1988 1456 Iohannis

577 1501 646 1584 filii
664 1501 836 1612 ejusdem
857 1502 1009 1610 Annae,
1030 1505 1098 1615 qui
1119 1505 1159 1588 in
1180 1505 1395 1590 venditione
1412 1508 1582 1618 quadam
1605 1505 1733 1591 abbati
1752 1506 1883 1590 Sancti
1901 1508 1987 1589 Ste-

577 1635 697 1744 phani
724 1637 773 1721 de
797 1636 919 1722 Bosco
946 1637 1046 1722 lacta
1069 1665 1110 1723 se
1128 1639 1304 1751 deceptos
1332 1639 1451 1726 luisse
1477 1639 1717 1749 asserebant,
1737 1650 1776 1724 ct
1795 1649 1988 1752 perspecto

578 1770 805 1854 venditionis
819 1771 1153 1882 instrumentum
1166 1775 1399 1886 impetitione
1411 1775 1486 1858 ista
1498 1775 1599 1858 idem
1613 1774 1890 1859 monasterium
1908 1800 1988 1857 sen·

578 1903 779 1990 tentialiter
793 1904 968 1990 absolvit.

659 2149 771 2228 (ildldlt
784 2149 948 2226 Clarium,
962 2149 1100 2213 Mentoris
1117 2147 1194 2214 dello
1205 2149 1299 2213 elica
1314 2148 1451 2227 ultum,
1465 2151 1592 2230 append.
1607 2158 1640 2212 n⁰
1653 2150 1728 2225 XX,
1742 2165 1774 2228 p.
1790 2156 1936 2222 152464,
1950 2162 1985 2208 ex

697 2271 876 2336 pergamena
888 2257 1050 2338 originall.)

627 2471 823 2545 innomine
844 2471 994 2545 Domini.
1019 2471 1143 2546 Amen.
1161 2469 1263 2547 Anno
1279 2471 1325 2546 ab
1341 2473 1576 2548 incarnatione
1591 2470 1728 2546 Domini
1750 2467 1981 2564 mccxxnffl,

577 2619 697 2672 mense
719 2595 816 2690 iulii,
846 2594 1034 2670 indictione
1055 2595 1115 2670 XI.
1141 2597 1211 2672 Nos
1235 2595 1402 2691 Rogerius
1427 2599 1643 2672 miseratione
1670 2595 1791 2670 divina
1812 2593 1984 2668 llilitensis

579 2723 774 2822 episcopus.
801 2721 955 2795 Presenti
978 2721 1105 2819 scripto
1129 2731 1244 2818 pateat
1267 2722 1439 2796 universis
1463 2723 1593 2798 litteras
1617 2721 1750 2795 domini
1775 2719 1985 2820 imperatoris

578 2847 749 2945 recepisse
766 2846 857 2920 hanc
874 2845 998 2920 seriem
1015 2845 1229 2920 continentes
1246 2873 1255 2918 r

627 2971 821 3047 Fridcricus
838 2970 901 3044 Dei
927 2969 1035 3066 gratia
1055 2971 1287 3044 Romanorum
1306 2971 1502 3066 imperator,
1523 2993 1659 3068 semper
1681 2978 1854 3065 angustus
1876 2977 1911 3042 et
1928 2989 1987 3042 rex

579 3097 711 3184 Sicilie,
730 3095 920 3170 venerabili
943 3095 1286 3191 episcopo-Militensi
1307 3093 1401 3170 fideli
1422 3117 1487 3170 suo
1508 3095 1655 3192 gratiam
1681 3117 1781 3168 auam
1804 3104 1841 3168 at
1864 3095 1984 3167 bonam

579 3223 803 3296 voluntatem.
823 3220 925 3294 Anna
945 3229 979 3294 et
992 3220 1153 3294 Adelasia
1171 3220 1331 3294 mulieres
1351 3230 1386 3294 et
1400 3219 1572 3296 Iohannes
1591 3217 1685 3294 filius
1698 3219 1856 3315 ejusdem
1872 3217 1983 3310 Anne,

579 3346 699 3420 lideles
711 3343 831 3437 nostri,
852 3353 1089 3440 exposuerunt
1103 3352 1220 3418 nostre
1235 3343 1431 3419 celsitudini
1448 3344 1694 3441 conquerendo
1707 3344 1804 3440 quod
1819 3343 1903 3416 olim
1916 3343 1986 3440 ipse

578 3471 679 3546 famis
704 3467 907 3543 necessitate
931 3477 1075 3563 cogente
1096 3466 1328 3543 vendiderunt
1347 3469 1538 3544 venarabili
1555 3469 1674 3545 abbati
1693 3469 1810 3544 Sancti
1826 3463 1985 3565 Stephani

578 3595 623 3671 de
637 3597 745 3669 Bosco
759 3593 914 3684 vineam,
936 3592 1081 3668 domum
1096 3601 1131 3667 et
1150 3602 1256 3668 terras
1271 3594 1460 3690 quasdam,
1475 3594 1512 3668 in
1523 3617 1672 3692 querum
1687 3592 1889 3676 venditione
1902 3591 1986 3664 ultra

577 3719 762 3797 dimidium
776 3718 862 3811 justi
881 3717 981 3814 pretii
1001 3728 1221 3792 asseruerunt
1237 3741 1275 3792 se
1290 3719 1396 3794 ruisse
1414 3719 1588 3817 deceptos.
1609 3720 1695 3792 Cum
1714 3717 1820 3814 igitur
1836 3713 1985 3812 deceptis

576 3854 611 3922 et
637 3867 706 3918 non
731 3843 985 3939 decipientibus
1007 3845 1087 3937 jura
1113 3844 1344 3937 subveniant,
1370 3841 1526 3918 fidelitati
1558 3853 1616 3918 tue
1639 3842 1864 3940 precipiendo
1884 3861 1987 3912 man·
2124 3851 2126 3932 3

576 3971 701 4044 damus
718 3977 890 4065 quatenus
910 3967 1066 4064 inquiras
1085 3989 1189 4064 anper
1210 3967 1278 4041 hoc
1302 3967 1485 4061 diligenter
1499 3968 1698 4058 veritatem,
1719 3975 1755 4040 et
1770 3965 1802 4039 si
1822 3964 1888 4037 tibi
1900 3984 1987 4037 oon-
2125 3959 2126 3990 ³

575 4095 697 4171 stiterit
715 4095 763 4168 ita
780 4115 870 4187 esse,
890 4115 994 4189 cogas
1015 4094 1105 4166 sicut
1124 4095 1257 4187 justum
1281 4093 1384 4167 fuerit
1405 4093 1568 4168 eumdem
1590 4093 1751 4167 abbatem
1772 4101 1814 4165 ut
1835 4093 1892 4166 vel
1904 4087 1986 4186 justi

574 4221 676 4320 pretii
697 4219 857 4316 suppleat
876 4217 1103 4313 quantitatem
1121 4219 1157 4290 in
1179 4240 1249 4312 qna
1269 4217 1479 4291 venditionis
1501 4226 1655 4316 tempore
1681 4219 1809 4292 luerint
1832 4215 1984 4312 decepti,
2125 4199 2126 4292 v

576 4349 633 4423 vel
651 4355 789 4443 recepto
809 4343 919 4442 pretio
934 4343 1032 4439 quod
1051 4365 1114 4442 pro
1135 4341 1266 4417 eisdem
1283 4343 1464 4439 persolvit,
1489 4343 1647 4438 vineam,
1668 4341 1813 4418 domum
1830 4351 1867 4415 et
1884 4349 1987 4414 teras
2124 4387 2126 4434 4

576 4471 627 4544 eis
645 4469 803 4543 restituat
818 4467 1052 4563 supradictas,
1073 4475 1113 4538 nt
1125 4487 1229 4563 super
1244 4465 1312 4542 hoc
1328 4465 1374 4542 de
1391 4476 1504 4542 cetero
1522 4467 1569 4544 ad
1586 4489 1651 4544 nos
1661 4470 1757 4563 justa
1772 4462 1986 4561 querimonia
2123 4447 2125 4486 ⁴

576 4614 647 4666 non
661 4602 825 4667 recurrat.

622 4717 747 4790 Datum
768 4716 890 4810 Mileti,
906 4717 1000 4792 XXV
1016 4718 1112 4811 maii,
1132 4717 1180 4790 Xl
1198 4715 1399 4792 indictione.
