4298 5898
545 569 609 632 ddi
1050 573 1264 639 ratosutct
1289 574 1462 639 sncttrtot
1773 576 1855 656 [Aur.
1872 576 1957 638 1224.

548 705 752 780 unctoritate
767 705 910 784 tirmiter
926 720 1114 786 statuentes
1129 724 1170 786 nt
1185 713 1280 786 nnlla
1297 712 1438 786 omnino
1456 731 1603 808 persona
1616 711 1792 806 mavei
1804 710 1954 800 hunda,

549 829 782 906 ecclesiastica
798 836 855 908 vel
873 837 1051 932 secularis,
1072 838 1244 936 predictos
1260 837 1462 931 magistrum
1480 845 1516 911 et
1533 835 1652 910 irenes
1664 843 1699 909 et
1711 835 1856 910 domum
1875 837 1957 910 uos-

548 954 665 1050 pitelis
687 957 809 1052 prelati
829 971 947 1034 contra
972 961 1077 1056 hujus
1101 961 1370 1036 confirmationis
1392 971 1511 1035 nostre
1534 969 1686 1034 tenorem
1715 958 1761 1034 de
1783 961 1957 1056 premissis

546 1101 638 1154 ausu
655 1083 836 1156 temerario
853 1083 1023 1181 impedire
1039 1109 1103 1160 seu
1118 1088 1300 1162 molestare
1317 1094 1504 1184 presumat.
1519 1086 1622 1172 Quod
1636 1085 1699 1182 qui
1714 1087 1956 1183 presumpserit

547 1204 584 1276 in
611 1227 674 1278 sue
696 1209 896 1282 temeritatis
923 1209 1115 1284 vindictam
1139 1210 1412 1306 indignationem
1440 1220 1644 1284 nostramet
1667 1231 1792 1306 penam
1819 1217 1954 1282 oenurm

546 1329 713 1404 librarum
737 1333 814 1404 anri
841 1335 918 1428 pnri
937 1356 975 1408 se
993 1335 1130 1408 noverit
1148 1335 1385 1428 incursurum,
1409 1335 1626 1410 medietatem
1644 1353 1781 1406 camere
1792 1341 1908 1406 nostre
1922 1341 1955 1404 et

543 1455 685 1529 alteram
700 1457 920 1532 medietatem
939 1459 1051 1556 passis
1072 1459 1233 1554 injuriam
1252 1459 1530 1558 persolvendam.
1548 1458 1605 1533 dd
1621 1458 1727 1550 hujus
1742 1465 1860 1532 autem
1878 1477 1956 1530 oon·

542 1575 746 1654 firmationis
761 1591 876 1657 nostre
890 1585 1092 1657 memorium
1105 1594 1141 1658 et
1155 1593 1355 1681 perpetuam
1369 1581 1565 1657 firmitatem
1579 1602 1721 1677 presens
1733 1579 1953 1678 privilegium

542 1700 617 1776 fieri
633 1714 669 1777 et
683 1704 796 1800 sigillo
812 1707 999 1801 majestatis
1016 1717 1131 1782 nostre
1141 1709 1308 1802 jussimus
1326 1705 1544 1782 communiri.

590 1829 702 1920 Hujus
730 1831 779 1904 rei
804 1839 908 1905 testes
931 1843 1014 1904 sunt
1040 1833 1213 1908 Berardus
1231 1834 1495 1907 Panormitanns
1514 1840 1550 1905 et
1570 1830 1730 1904 Nicohns
1751 1827 1952 1903 Tarentinus

539 1951 807 2051 archiepiscopi,
835 1957 1017 2030 Cnnradns
1042 1957 1424 2048 Triestinus,1acobus
1449 1954 1618 2028 Pallensis
1639 1964 1674 2027 et
1696 1952 1951 2026 Bartholomeus

539 2076 768 2152 siracusanus
780 2080 949 2178 episcopi,
966 2081 1141 2155 lohannes
1154 2082 1264 2156 abbas
1283 2081 1480 2174 Cesemerii,
1497 2078 1695 2178 Raynaldns
1713 2077 1788 2152 dux
1809 2077 1945 2174 Spoleti,

537 2201 753 2276 Evirhardus
767 2203 902 2301 dapifer
915 2204 960 2280 de
978 2207 1145 2303 Walpnrc
1162 2215 1197 2280 et
1211 2207 1270 2282 alii
1285 2206 1522 2303 quamplures.

589 2328 735 2424 Signum
758 2328 890 2403 domini
913 2329 1079 2404 Friderici
1101 2331 1249 2406 secundi
1271 2333 1333 2404 Dei
1356 2332 1467 2426 gratia
1488 2329 1705 2403 invictissimi
1721 2328 1947 2400 Romanorum

537 2453 752 2551 imperatoris
768 2463 804 2528 et
814 2476 952 2553 semper
964 2455 1104 2550 augusti
1122 2456 1261 2552 etreqis
1284 2455 1412 2529 Sicilie.
1431 2451 1727 2550 (Monoprcmme.)

584 2579 670 2653 Acta
688 2588 770 2652 snut
786 2578 851 2654 hec
870 2601 963 2654 anno
981 2580 1155 2655 dominice
1172 2581 1417 2654 incarnationis
1438 2579 1619 2652 millesimo
1638 2577 1872 2652 ducentesimo
1893 2578 1947 2652 vi·

534 2705 664 2778 cesimo
684 2715 824 2799 quarto,
845 2725 965 2778 mense
991 2705 1176 2796 februarii,
1198 2705 1405 2780 duodecime
1428 2703 1647 2794 indictionis,
1668 2704 1857 2800 imperante
1877 2701 1946 2775 do-

534 2829 630 2903 mino
647 2838 763 2903 nostru
788 2828 961 2904 Friderioo
981 2829 1137 2905 emundo
1159 2830 1222 2904 Dei
1243 2830 1354 2926 gratia
1372 2828 1599 2904 invictissimo
1622 2830 1852 2902 Romanorum
1874 2828 1944 2900 im·

534 2963 703 3050 peratore,
715 2975 853 3050 semper
866 2963 1015 3049 augusto
1026 2965 1062 3028 ct
1073 2975 1158 3050 rege
1169 2955 1297 3047 Sicilie,
1311 2977 1403 3029 anno
1417 2955 1559 3028 llomani
1573 2955 1708 3051 imperii
1721 2955 1796 3047 eJus
1810 2963 1942 3049 quarto,

533 3077 632 3171 regni
648 3099 733 3150 vcro
749 3078 866 3152 Sicilie
879 3079 1046 3152 vicesimo
1062 3089 1175 3173 sexto,
1195 3079 1350 3154 feliciter.
1369 3079 1493 3153 Amen.

582 3202 708 3274 Datum
725 3199 902 3294 Cathanie,
919 3224 1024 3297 anno,
1045 3225 1166 3278 mense
1182 3213 1217 3278 et
1234 3203 1421 3278 indictione
1439 3201 1648 3300 prescriptis.

349 3781 488 3838 macir,
588 3736 820 3843 Fridericus,
842 3739 1102 3823 Romanorum
1120 3739 1340 3849 imperator,
1360 3739 1573 3824 iohannem
1589 3735 1773 3850 ¹abbatem
1791 3735 1946 3820 Sanctae

358 3837 475 3884 m
533 3871 674 3959 Mariae
707 3872 1003 3984 Montisvirginis
1038 3883 1085 3976 el,
1111 3882 1341 3958 conventum
1376 3872 1459 3984 ejus
1492 3899 1582 3956 cum
1616 3869 1803 3956 universis
1837 3869 1944 3954 bonis

535 4032 670 4092 eorum
692 4007 765 4092 sub
786 4009 1017 4119 protectione
1044 4034 1115 4092 sua
1138 4008 1314 4119 suscipit,
1335 4009 1467 4118 eisque
1483 4005 1684 4092 coufirmat
1704 4004 1834 4090 omnia
1850 4030 1943 4114 qnae

536 4141 778 4226 continentur
801 4141 841 4223 in
863 4140 1073 4253 privilegiis
1091 4141 1163 4226 sibi
1181 4141 1293 4253 juxta
1310 4141 1487 4254 generale
1504 4139 1730 4224 mandatum
1748 4161 1862 4221 sunm
1878 4160 1942 4217 re-

537 4275 710 4386 signatis.

622 4491 720 4567 (eun.
734 4492 937 4568 Marrucino,
954 4491 1168 4576 Monteocrpr'nc
1180 4510 1277 4576 capro,
1297 4509 1326 4572 p.
1350 4501 1420 4556 oco.
1440 4491 1514 4556 Coll.
1535 4507 1604 4554 cum
1627 4491 1713 4570 copta
1730 4488 1804 4550 anni
1823 4493 1897 4548 1⁶15
1915 4485 1944 4543 in

658 4597 741 4660 noh.
760 4599 945 4679 uonnrurg.
967 4599 1014 4662 Gi.
1033 4616 1122 4680 snpra
1142 4601 1331 4680 privilegium
1357 4599 1461 4661 dutum
1482 4598 1562 4676 apud
1584 4598 1727 4661 Sanctum
1748 4593 1942 4661 Germanum,

659 4704 807 4766 decembri
828 4715 922 4786 1110,
935 4724 965 4784 p.
983 4716 1020 4768 se
1034 4712 1065 4768 et
1076 4712 1172 4788 seqq.)
