4368 5876
207 545 365 625 tumme]
664 543 859 606 HISTORIA
885 542 1175 605 orrtotlnrlca
1568 537 1625 596 ll'l

209 679 374 764 restituit
390 686 428 762 et
443 675 643 761 confirmat
655 675 853 787 privilegia
868 703 891 760 s
908 679 1130 786 parentibus
1150 675 1230 760 suis
1252 675 1375 760 eidem
1398 669 1628 758 monasterio

210 839 405 921 concessa,
420 835 588 923 quorum
603 819 773 894 tenorem
792 810 1049 896 abbreviando
1062 817 1262 896 memorat.

293 1081 392 1161 (Edld.
405 1081 611 1156 Ronnmurus,
627 1079 701 1141 ilict.
717 1087 838 1141 monast.
854 1079 1043 1154 commas,
1059 1081 1186 1160 append.
1201 1097 1231 1158 p.
1249 1077 1331 1158 13¹1.)

263 1325 457 1400 Fridericus
481 1322 603 1397 diuina
631 1324 768 1398 favente
794 1325 975 1398 clementia
1003 1325 1234 1398 Romanorum
1263 1325 1467 1420 imperator,
1494 1344 1630 1419 semper

214 1461 385 1542 augustus
405 1461 440 1524 et
455 1472 519 1523 rex
540 1449 663 1522 Sicilie
686 1449 802 1536 Quum
823 1451 1036 1546 imperialem
1055 1451 1175 1526 deccat
1193 1447 1485 1545 magnificentiam
1504 1449 1629 1541 singu-

214 1576 327 1648 lorum
344 1596 489 1671 pensare
511 1574 632 1647 merita
656 1584 691 1646 et
706 1575 809 1667 justis
834 1574 956 1649 adesse
976 1575 1267 1672 postulationibus
1286 1574 1510 1664 devotorum,
1535 1581 1630 1645 tanto

215 1700 332 1796 potins
359 1697 404 1772 ad
431 1707 663 1772 sacrosanctas
689 1700 851 1773 eeclesias
884 1709 919 1774 et
946 1703 1021 1774 loca
1049 1701 1116 1797 piis
1148 1700 1312 1798 deputata
1343 1698 1495 1772 servitiis
1528 1707 1630 1771 tene-

217 1835 274 1898 tur
310 1825 426 1898 oculos
461 1823 627 1896 reducere
653 1823 790 1920 pietatis
815 1835 946 1920 quanto
969 1827 1090 1899 iratres
1120 1823 1169 1898 ibi
1204 1824 1335 1899 divinis
1365 1822 1541 1918 obsequiis
1570 1823 1630 1894 in-

217 1950 376 2024 sistentes
401 1949 518 2044 quiete
533 1968 575 2020 ac
594 1945 736 2043 pacifica
753 1947 951 2024 desiderant
963 1951 1109 2024 Domino
1128 1950 1195 2023 sub
1219 1959 1336 2022 sancte
1353 1947 1528 2043 religionis
1544 1970 1631 2044 pro—

216 2074 329 2171 posito
350 2073 507 2145 militare.
529 2071 614 2144 lnde
635 2080 687 2144 est
714 2072 811 2165 qnod
833 2095 913 2146 cum
940 2084 1002 2162 tu,
1020 2076 1162 2170 Rogeri,
1190 2073 1398 2146 venerabilis
1415 2073 1523 2145 abbas
1543 2073 1630 2145 sacri

217 2198 415 2271 monasterii
431 2197 627 2287 Casemarii,
635 2195 738 2288 juxta
752 2199 911 2288 generale
928 2198 1080 2271 edictum
1096 2198 1192 2294 quod
1210 2199 1356 2272 fecimus
1369 2197 1462 2291 apud
1478 2196 1628 2294 Capuam
1665 2253 1669 2266 .

218 2324 255 2396 in
280 2323 376 2396 curia
390 2322 611 2418 solempniter
628 2321 796 2396 celebrata
818 2322 1000 2417 privilegia
1023 2326 1174 2418 quedam
1198 2323 1329 2396 domini
1354 2322 1567 2417 imperatoris
1596 2333 1630 2396 et

219 2447 361 2522 domine
376 2445 599 2543 imperatricis
614 2444 775 2519 divorum
792 2457 1019 2539 augustorum
1042 2457 1224 2545 parentum
1242 2457 1435 2520 nostrornm
1450 2449 1631 2522 recolende

220 2573 384 2648 memorie
406 2572 442 2644 in
464 2571 650 2645 constituto
675 2572 820 2644 termino
843 2583 959 2646 nostro
986 2573 1183 2668 conspectui
1208 2585 1457 2669 presentasses,
1476 2569 1573 2666 quod
1594 2571 1631 2644 in

220 2700 271 2774 eis
284 2697 438 2773 vidimus
452 2695 617 2770 contineri
633 2695 779 2791 qualiter
797 2695 882 2770 dicti
902 2707 1062 2793 parantes
1078 2697 1184 2770 nostri
1199 2718 1262 2794 pro
1277 2697 1459 2770 excambio
1482 2717 1632 2768 sexcen-

222 2834 335 2896 torum
348 2832 543 2896 tarenorum
557 2842 646 2916 quos
663 2822 709 2894 de
729 2821 923 2896 redditibus
939 2823 1089 2896 civitatis
1107 2832 1222 2895 nostre
1243 2821 1359 2914 GaJ'ete
1376 2821 1530 2918 predicto
1552 2843 1632 2895 mo-

222 2949 371 3022 nasterio
385 2955 622 3019 concesserant
635 2948 827 3040 annuatim,
842 2949 1002 3022 stantiam
1017 2970 1087 3044 que
1101 2949 1228 3023 dicitur
1236 2949 1386 3044 Campus
1399 2949 1583 3043 lmperatcr
1596 2947 1631 3019 in

221 3071 390 3146 territorio
402 3073 528 3144 Suesse
544 3069 725 3163 dederant,
739 3073 829 3144 sicut
843 3073 933 3168 [per]
946 3073 1100 3170 proprios
1116 3071 1202 3146 lines
1218 3072 1311 3147 dicta
1323 3072 1447 3145 stantia
1461 3072 1496 3143 in
1513 3094 1632 3145 eorum

221 3197 413 3296 privilegiis
428 3196 636 3286 nominatur,
652 3206 687 3269 et
701 3197 878 3270 ecclesiam
896 3198 1011 3272 Sancti
1027 3198 1138 3272 Mansi
1156 3198 1256 3270 sitam
1271 3197 1307 3269 in
1324 3197 1492 3272 territorio
1510 3196 1631 3294 Arpini

222 3347 304 3397 cnm
320 3322 482 3396 omnibus
496 3321 600 3415 justis
618 3321 815 3395 tenimentis
829 3331 864 3396 ct
880 3322 1094 3419 pertinentiis
1115 3323 1187 3396 suis
1200 3320 1398 3395 habendam
1416 3333 1582 3418 perpetuo
1600 3337 1634 3398 et

223 3445 366 3545 pacifica
380 3444 624 3542 possidendam
640 3454 674 3518 et
691 3455 828 3519 centum
842 3446 983 3520 barrilia
997 3447 1142 3520 tunnina
1161 3447 1196 3519 in
1214 3456 1315 3543 portu
1328 3448 1486 3520 Panormi
1501 3469 1635 3523 annna-

223 3573 284 3646 tim
305 3582 378 3646 tam
398 3571 502 3666 lignis
519 3592 623 3666 quam
645 3570 722 3644 aliis
745 3571 947 3644 necessariis
970 3585 1151 3668 preparata
1169 3582 1205 3645 et
1224 3573 1269 3646 ab
1290 3571 1413 3646 eodem
1436 3583 1537 3668 portu
1553 3575 1638 3647 ubi-

223 3717 374 3792 cumque
392 3696 639 3769 monasterium
659 3695 774 3792 ipsum
790 3697 940 3769 voluerit
954 3697 1061 3770 libera
1077 3697 1327 3791 transferenda,
1344 3706 1378 3771 et
1396 3697 1537 3796 insuper
1554 3721 1637 3774 corr·

223 3831 398 3897 cesserant
425 3820 623 3916 supradicto
649 3821 856 3894 monasterio
881 3821 1017 3918 planam
1038 3822 1231 3896 libertatem
1257 3831 1350 3896 utet
1374 3823 1494 3896 fratres
1511 3833 1546 3897 et
1568 3825 1638 3898 ho—

223 3949 335 4022 mines
359 3946 469 4043 ipsius
486 3945 682 4019 monasterii
702 3947 759 4020 vel
779 3946 898 4019 famuli
914 3968 1034 4020 eorum
1054 3947 1100 4021 ab
1126 3948 1220 4020 omni
1244 3946 1411 4044 pedagio,
1432 3948 1634 4045 plateatico,

224 4071 385 4171 passagio
407 4081 441 4144 et
463 4092 685 4167 quocumque
702 4071 894 4146 exactionis
911 4093 1037 4168 genere
1055 4073 1132 4146 sive
1148 4072 1289 4167 angaris
1310 4082 1378 4144 tam
1397 4073 1432 4144 in
1453 4072 1639 4148 vendendo

224 4217 329 4290 quam
356 4193 392 4266 in
413 4192 581 4278 emendo,
606 4191 723 4266 cundo
750 4193 807 4264 vel
832 4191 1031 4284 redeundo,
1056 4216 1119 4291 pro
1146 4193 1348 4283 necessariis
1373 4193 1529 4288 ejusdem
1558 4218 1637 4270 mo·

227 4318 366 4394 nestorii
398 4339 460 4415 per
491 4325 600 4391 totum
630 4315 821 4390 dominium
850 4319 948 4412 regni
981 4319 1086 4392 nostri
1116 4328 1185 4392 tam
1219 4339 1280 4415 per
1315 4340 1410 4392 mare
1440 4343 1544 4414 quam
1577 4343 1639 4418 per

226 4454 352 4517 terram
369 4450 484 4516 essent
504 4439 602 4513 liberi
619 4449 654 4514 st
671 4439 858 4532 immunes,
875 4451 911 4515 at
934 4443 1030 4537 quod
1046 4441 1147 4515 liceat
1167 4442 1253 4538 ipsis
1271 4463 1509 4540 quoscumque
1534 4445 1639 4520 libere

227 4566 435 4642 conditionis
452 4587 491 4639 se
510 4564 632 4640 ollcrre
647 4566 801 4638 uolentes
823 4565 930 4639 libere
951 4566 1103 4664 recipere
1126 4589 1206 4640 cum
1225 4565 1388 4640 omnibus
1403 4567 1503 4640 bonis
1521 4579 1556 4640 et
1572 4569 1639 4642 illis

228 4713 267 4767 se
283 4701 318 4768 ct
332 4713 396 4766 sua
409 4689 565 4788 predicto
579 4690 785 4764 monasterio
804 4691 959 4764 conterre
981 4691 1048 4764 nisi
1071 4701 1186 4766 essent
1203 4690 1250 4766 de
1274 4691 1389 4768 leudis
1410 4693 1467 4767 vel
1490 4693 1638 4768 servitiis
