4296 5898
166 555 264 618 bour.
283 556 344 636 ll.]
623 554 818 616 HISTORIA
844 551 1134 614 ntatotttt'ltcn
1519 551 1579 612 2¹17

169 692 307 764 liarium
329 702 541 782 nostrorum,
563 713 697 766 necnon
719 692 853 785 llogerii
878 691 926 788 (a)
952 690 1105 786 dictique
1128 689 1282 779 abbatis,
1310 685 1405 782 quod
1429 709 1578 761 censue-

168 839 286 890 ramus
304 816 519 907 dimisimus;
538 816 602 889 sad
617 817 774 911 quinque
788 817 882 889 milia
899 825 1095 888 tarenorum
1118 814 1195 887 auri
1211 812 1387 908 quantitas
1409 833 1472 908 pro
1490 834 1578 908 pena

168 964 230 1039 per
248 942 378 1016 dictum
396 940 566 1036 Reginum
585 940 881 1036 archiepiscopum
897 939 1029 1014 eisdem
1046 939 1156 1012 servis
1174 938 1334 1034 imposita
1352 937 1388 1009 in
1407 939 1577 1030 integrum

169 1073 284 1137 nostre
309 1063 415 1137 curie·
429 1063 589 1136 volumus
608 1063 803 1155 exolvatur,
827 1061 1011 1158 eidemque
1038 1061 1245 1162 monasterio
1269 1081 1331 1157 per
1357 1058 1498 1133 eosdem
1521 1059 1580 1131 in-

165 1198 296 1262 teresse
328 1187 482 1282 quolibet
515 1186 707 1274 satisfacto,
741 1187 875 1260 abbatis
900 1186 1072 1260 Guillelmi
1107 1186 1353 1260 relaxationem
1385 1184 1580 1258 debitorum

170 1311 313 1408 ingratis
330 1312 441 1386 servis
460 1311 627 1386 exibitam
642 1311 802 1385 volumus
816 1332 886 1384 non
902 1323 1030 1386 tenere.
1052 1312 1209 1385 Preterea
1226 1310 1394 1407 presentis
1411 1311 1581 1384 constitu-

170 1438 273 1510 tionis
291 1434 405 1510 edicto
429 1435 603 1510 sancimus
621 1434 718 1530 quod
734 1436 946 1530 quicumque
968 1436 1035 1531 ipsi
1055 1435 1146 1508 servi
1166 1435 1370 1540 generaliter
1385 1456 1505 1508 omnes
1522 1444 1583 1507 aut

169 1584 290 1636 eorum
312 1563 437 1655 aliquis
460 1561 671 1634 infuturum
692 1569 894 1656 attemptare
910 1562 1157 1657 presumpserit
1173 1561 1298 1634 similia
1315 1568 1376 1632 aut
1401 1559 1482 1633 dicti
1503 1581 1582 1634 ωο-

171 1687 309 1760 nectarii
329 1686 522 1759 dominium
548 1684 722 1780 denegem
738 1686 794 1759 vel
812 1685 952 1760 servitia
980 1685 1098 1760 debita
1123 1686 1252 1780 quibus
1276 1695 1434 1760 tenentur
1459 1685 1582 1759 distra-

171 1812 266 1902 bere,
282 1812 311 1884 si
326 1810 468 1906 quidem
495 1833 616 1884 omnes
634 1810 663 1882 si
682 1811 1004 1906 luerint,·quinque
1024 1811 1132 1884 millia
1150 1821 1346 1884 arenarum
1364 1810 1440 1884 auri
1456 1832 1504 1885 ex
1527 1811 1580 1883 in·

173 1947 267 2032 tegre
305 1946 420 2010 nostre
451 1937 614 2010 volumus
639 1936 726 2009 solvi
753 1937 848 2009 cume
876 1957 936 2032 per
961 1936 1124 2028 eosdem,
1151 1936 1238 2031 quin
1266 1937 1373 2031 aliqui
1401 1957 1520 2009 eorum
1549 1938 1580 2008 si

171 2063 314 2152 luerint,
336 2060 553 2134 decernimus
573 2061 799 2154 quantitatem
820 2061 974 2156 quinque
996 2061 1105 2133 millia
1126 2069 1323 2134 tarenorum
1346 2060 1579 2157 predictorum

170 2208 241 2281 que
256 2207 316 2259 eos
332 2195 488 2279 tangeret
504 2185 540 2256 in
559 2186 735 2258 communi
753 2194 868 2258 nostre
885 2185 979 2258 curie
998 2187 1182 2272 soluturos,
1205 2184 1306 2258 dictis
1324 2187 1501 2260 sententiis
1518 2210 1580 2284 per

173 2312 343 2407 predictos
359 2321 492 2384 nosnos
511 2311 674 2384 officiales
691 2311 851 2407 prolatis,
875 2312 1004 2406 quibus
1028 2311 1111 2384 dicti
1134 2311 1226 2384 servi
1249 2311 1441 2386 mercedem
1466 2322 1581 2386 nostre

171 2436 268 2508 cmie
291 2436 407 2510 subire
430 2435 597 2540 debeant,
624 2435 661 2506 in
684 2456 803 2508 aarum
829 2435 951 2510 robore
974 2435 1166 2526 duraturis;
1191 2436 1364 2531 nullisque
1379 2437 1464 2532 ipsis
1481 2437 1580 2510 factis

171 2562 208 2633 in
226 2568 326 2634 antea
347 2559 619 2634 relaxationibus
640 2559 851 2634 taciendisve
867 2559 1076 2655 supradictis
1092 2560 1202 2632 servis
1217 2560 1254 2630 in
1271 2559 1388 2654 aliquo
1406 2560 1576 2649 valituris,

170 2686 234 2760 sed
252 2706 372 2760 eornm
396 2685 498 2758 bonis
522 2686 684 2758 omnibus
709 2685 895 2758 mobilibus
912 2685 1215 2780 immobilibusque
1235 2684 1281 2758 ad
1296 2686 1356 2778 jus
1371 2693 1406 2760 et
1426 2686 1580 2781 proprie-

170 2820 274 2884 tatem
291 2809 466 2882 oonvereis
483 2810 680 2882 monasterii
696 2811 886 2899 memorati,
901 2809 996 2884 nude
1009 2810 1190 2908 primaque
1203 2810 1410 2883 mandamus
1422 2810 1580 2884 servituti

171 2935 387 3028 subjaceant,
414 2935 503 3008 sicut
529 2933 669 3008 donatio
690 2934 879 3030 supradicti
901 2934 1018 3029 magni
1041 2934 1177 3028 Rogerii
1203 2934 1338 3008 comitis
1359 2943 1575 3031 protestatur.

170 3060 289 3155 lpsum
302 3068 415 3132 tamen
429 3061 588 3134 abbatem
598 3063 690 3155 [pro]
701 3059 869 3156 timorati)
878 3059 1332 3134 laudabilicommendantes
1344 3061 1578 3153 gratiosiorem

171 3183 286 3258 reddit
305 3193 419 3256 nostre
436 3183 685 3279 magnitudinis
708 3185 904 3278 benignitas
926 3194 1101 3258 consueta.
1123 3182 1178 3255 ld
1201 3184 1305 3275 hujus
1325 3194 1440 3258 autem
1464 3195 1578 3260 nostre

103 3322 106 3330 '
171 3308 374 3400 decisionis,
395 3307 665 3383 confirmationis
688 3318 723 3381 et
746 3309 996 3381 constitutionis
1017 3308 1121 3380 edicti
1147 3309 1297 3380 futuram
1324 3310 1521 3384 memoriam
1545 3323 1579 3386 et

171 3433 370 3506 inviolabile
392 3434 666 3524 munimentum,
693 3455 834 3529 presens
857 3432 1078 3529 privilegium
1108 3454 1168 3527 per
1190 3455 1314 3506 manus
1338 3435 1504 3508 Iohannis
1534 3435 1579 3510 de

170 3560 289 3655 Capua
301 3558 423 3632 notarii
438 3567 472 3632 et
486 3557 600 3632 fidelis
614 3558 721 3631 nostri
735 3557 838 3631 scribi
848 3557 1077 3650 etmajestatis
1090 3565 1205 3630 nostre
1213 3558 1325 3652 sigillo
1334 3559 1519 3657 pendenti(
1542 3564 1549 3579 '
1565 3561 1578 3656 )

168 3683 337 3776 jussimus
354 3683 572 3776 communiri,
590 3705 698 3775 anno,
719 3704 838 3756 mense
850 3691 886 3756 et
898 3682 1087 3756 indictione
1098 3682 1313 3779 subscriptis.

218 3809 345 3880 Datum
364 3807 564 3905 Syracusis,
585 3829 676 3881 anno
699 3807 871 3881 dominice
887 3807 1131 3880 incarnationis
1148 3807 1328 3881 millasimo
1344 3787 1580 3887 ducentesimo

170 3932 342 4026 vigesimo
363 3931 536 4025 mundo,
554 3941 719 4026 regnante
743 3931 882 4005 domino
903 3941 1019 4006 nostro
1043 3931 1216 4006 Friderico
1236 3933 1297 4006 Dei
1323 3933 1432 4027 gratia
1455 3935 1579 4010 Roma·

171 4078 294 4130 norum
311 4056 532 4154 imperatore,
556 4079 693 4154 semper
717 4066 865 4152 augusto
890 4065 925 4130 et
946 4057 1162 4131 serenissimo
1185 4079 1266 4152 rege
1289 4057 1422 4150 Sicilie,
1443 4058 1584 4156 imperii

172 4182 249 4276 ejus
267 4201 359 4254 anno
378 4181 493 4273 tertio,
514 4181 612 4276 regni
637 4203 720 4256 vero
737 4181 852 4256 Sicilie
870 4181 1034 4256 vicesimo
1062 4181 1201 4278 quintu,
1226 4203 1343 4256 manae
1365 4181 1575 4278 decembris,

170 4303 356 4378 undecima
373 4304 582 4380 indictionis.

214 4589 256 4670 (a)
277 4589 350 4653 Vlcc
363 4589 480 4671 lloqcrii
495 4590 603 4669 legitur
621 4591 654 4650 tn
667 4605 796 4670 pergam.
817 4590 941 4668 Nacpul.
963 4589 1113 4682 llunuurit
1134 4586 1230 4652 clerica·
1248 4611 1260 4649 .·
1279 4591 1403 4654 luminu
1427 4597 1580 4656 mmcd

171 4697 277 4772 metri,
291 4696 406 4759 scillcet
416 4697 559 4760 lltccurdi.
570 4696 678 4776 Vidp.
693 4705 760 4758 209.
