4292 5894
184 573 285 633 laetor.
305 564 365 652 ll.]
641 558 839 624 HISTORIA
864 553 1155 617 ntrtottarltt.

245 1195 473 1301 Fridericus,
488 1195 748 1278 Romanorum
761 1191 981 1300 imperator,
996 1189 1155 1271 mandat
1173 1184 1454 1294 archiepiscopo
1468 1181 1606 1266 Arele-
1663 1197 1774 1302 uppem,

191 1315 291 1414 tensi
307 1341 344 1414 66
361 1330 538 1440 episcopo
557 1325 805 1410 Cavallicensi
827 1331 871 1408 ut
887 1321 1139 1408 Willielmum
1154 1321 1202 1404 de
1221 1317 1408 1424 Sabrano,
1428 1317 1605 1402 comitem
1668 1306 1768 1352 Μ

191 1461 222 1544 F
223 1461 470 1571 orcalqueril,
498 1459 587 1571 jure
618 1457 837 1542 monasterii
867 1454 1164 1565 Montismajoris
1194 1462 1336 1535 temere
1365 1451 1606 1534 invadentem

194 1597 417 1679 auctoritate
436 1619 506 1678 sua
524 1600 784 1703 compescant,
803 1589 876 1674 sibi
890 1590 944 1674 rei
959 1589 1094 1674 seriem
1110 1587 1341 1698 rescripturi.

278 1836 401 1919 (lncdlt
419 1855 465 1916 ap.
485 1837 686 1911 (1666666666,
705 1836 781 1897 [list.
803 1840 926 1895 monort.
948 1833 980 1895 S.
995 1833 1080 1894 Petri
1099 1830 1290 1913 Montismaj„
1304 1830 1328 1892 f.
1344 1838 1414 1904 266,
1429 1829 1513 1892 MSS.
1530 1829 1607 1892 Blbl.

315 1947 429 2008 Arelat.
449 1945 647 2006 Momentum
669 1959 788 2021 quoque
811 1959 830 2004 a
850 1943 1034 2004 Ponrmaro
1053 1957 1093 2000 na
1104 1956 1144 2000 na
1157 1939 1306 2018 ltrvraas,
1320 1933 1428 1999 Aeaci
1444 1936 1522 1999 MSS
1540 1934 1603 1998 eccl.

314 2052 367 2114 cio.
382 2058 412 2115 66
423 2069 495 2114 com.
509 2050 616 2125 naec,
629 2051 683 2112 llb.
693 2051 748 2127 lv,
760 2050 819 2112 vol.
836 2049 895 2122 1,ss
909 2047 991 2128 roa.)

244 2267 445 2342 Fredericus
466 2266 528 2340 Del
552 2265 662 2361 gratia
677 2265 908 2338 Romanorum
927 2264 1124 2358 imperator,
1148 2283 1285 2358 semper
1304 2270 1474 2357 augustas
1490 2270 1524 2334 66
1545 2283 1610 2336 rex

196 2392 330 2484 Sicilie,
351 2390 487 2466 dilectis
515 2389 677 2464 fidelibus
706 2390 781 2462 suis
803 2389 1061 2463 venerabilibus
1084 2387 1341 2484 archiepiscopo
1361 2385 1551 2460 Arelatensi
1576 2397 1612 2464 et

196 2515 424 2590 Cavallicensi
447 2515 611 2613 episcopo
638 2514 783 2610 gratiam
805 2536 905 2587 suam
928 2523 964 2587 et
990 2534 1093 2587 omne
1117 2513 1261 2585 bonum.
1285 2512 1341 2584 llx
1364 2513 1610 2606 conquestione

197 2639 405 2714 venerabilis
433 2640 568 2714 abbatis
595 2648 630 2712 66
657 2647 847 2712 conventus
873 2638 998 2712 Montis
1024 2638 1163 2732 Maioris
1191 2647 1306 2711 nostre
1331 2660 1443 2734 nuper
1461 2638 1611 2712 innotuit

198 2765 367 2859 majestati
383 2766 480 2861 quod
496 2787 576 2838 cum
589 2763 657 2860 ipsi
672 2762 823 2859 quedam
844 2763 1074 2836 concesserint
1086 2765 1145 2836 W.
1161 2762 1207 2836 de
1219 2763 1374 2837 Sabrano
1388 2763 1505 2837 comiti
1521 2765 1610 2837 For·

197 2889 364 2984 calquerii
382 2901 416 2964 66
442 2890 517 2986 ipse
541 2889 740 2963 convenerit
764 2888 886 2962 eadem
911 2890 983 2962 lore
1008 2889 1227 2962 concessione
1245 2897 1443 2981 cantemus,
1466 2889 1610 2986 prestito

193 3019 390 3112 juramento
406 3014 503 3110 quod
519 3023 636 3088 contra
653 3012 915 3087 conventionem
933 3034 1034 3086 snam
1048 3014 1266 3109 aliquatenus
1281 3036 1351 3087 non
1366 3015 1518 3108 veniret,
1535 3016 1611 3113 ipse

198 3139 365 3234 religione
384 3139 572 3232 juramenti
595 3148 808 3234 contempta,
826 3138 906 3231 jura
928 3138 1126 3212 monasterii
1146 3138 1312 3212 invadere
1332 3162 1402 3213 non
1421 3151 1559 3214 veretur
1576 3151 1611 3216 66

197 3285 318 3336 eorum
344 3272 472 3336 temere
500 3263 701 3359 perturbare
723 3261 894 3356 quietem;
923 3283 1073 3358 cumque
1096 3273 1212 3336 nostra
1234 3263 1367 3336 intersit
1388 3266 1550 3340 ecclesias
1577 3275 1612 3340 et

198 3389 276 3462 loca
297 3389 457 3484 religiosa
475 3388 533 3484 pia
556 3386 740 3463 devotione
763 3387 881 3460 fovere
901 3395 935 3460 et
952 3387 1003 3460 eis
1024 3387 1071 3461 ad
1089 3387 1255 3460 tuendum
1269 3388 1349 3482 jura
1366 3410 1486 3462 eorum
1509 3391 1612 3464 lavo-

198 3513 351 3588 rabiliter
367 3534 437 3586 non
455 3511 595 3606 deesse,
613 3511 911 3608 circumspectioni
931 3521 1045 3586 vestre
1060 3512 1284 3610 precipiendo
1300 3513 1506 3587 mandamus
1521 3539 1613 3612 qua-

199 3647 315 3731 tenus,
334 3638 364 3712 si
384 3637 497 3712 dictus
513 3660 628 3713 comes
647 3634 694 3709 ad
712 3659 772 3712 cor
789 3637 904 3711 redire
920 3637 1068 3711 noluerit
1088 3646 1123 3712 et
1142 3659 1212 3734 que
1228 3636 1385 3734 predicto
1406 3643 1613 3716 monasterio

199 3761 327 3835 inferre
344 3783 414 3835 non
433 3773 544 3836 cessat
560 3762 749 3838 invasionis
773 3762 988 3858 gravamina,
1006 3762 1096 3836 sicut
1115 3762 1219 3838 debet
1236 3773 1270 3839 et
1287 3762 1469 3854 condecet,
1486 3785 1613 3839 emen-

200 3885 298 3980 dare,
313 3909 378 3961 vos
394 3909 475 3962 eum
492 3887 695 3963 anctoritate
708 3898 824 3962 nostra
837 3888 884 3962 ab
898 3886 1051 3962 indebita
1066 3887 1223 3981 ejusdem
1242 3889 1441 3963 monasterii
1457 3891 1612 3964 molestia

199 4012 439 4107 compescatis,
462 4009 657 4086 celsitudini
678 4023 792 4085 nostre
812 4033 874 4109 por
890 4020 1023 4085 vestras
1043 4011 1271 4106 significaturi
1289 4013 1418 4087 litteras
1435 4013 1546 4110 ipsius
1562 4015 1612 4088 rei

200 4135 324 4209 seriem
351 4146 387 4210 66
411 4158 633 4234 processum,
662 4146 702 4208 ut
725 4137 755 4209 si
781 4136 973 4233 expedierit
1001 4137 1191 4211 debeamus
1216 4138 1433 4213 indemnitati
1456 4139 1612 4233 ejusdem

199 4261 398 4334 monasterii
417 4259 609 4336 consultius
625 4259 811 4358 providere
826 4283 868 4336 ac
886 4261 1111 4335 temeritatem
1128 4262 1409 4358 persequentium
1427 4264 1610 4338 refrenare.

250 4387 376 4460 Datum
397 4387 495 4484 apud
509 4386 675 4481 llaidam,
690 4387 813 4461 XXlll⁰
825 4387 947 4481 madii,
968 4387 1029 4460 Xl‘
1046 4387 1256 4464 indictionis.
