4296 5898
548 515 609 578 238
1057 515 1269 580 nathaniel
1294 519 1467 582 saeuum
1775 520 1856 600 [en.
1874 521 1957 587 1222.

551 647 851 759 hamburgensis
865 647 1045 732 ecelesiae
1059 649 1225 760 capitulo
1240 650 1313 736 sub
1327 677 1526 761 processus
1539 649 1842 736 interminatione
1853 679 1957 763 prae·

552 781 642 891 cipit
659 791 702 864 ut
718 781 813 864 nihil
832 791 1055 890 attemptare
1071 795 1319 892 praesumant
1335 785 1441 896 quod
1458 785 1567 870 cedat
1583 784 1624 868 in
1640 784 1826 870 damnum
1838 785 1957 870 eccle-

551 916 629 998 siae
645 914 859 999 Bremensis
876 925 914 998 et
930 914 1092 1026 imperii.

616 1159 640 1262 μ(
649 1157 750 1218 Edidit
762 1157 982 1234 Innumerae,
997 1155 1156 1242 Hambarg.
1172 1155 1366 1236 urlnudenb„
1381 1177 1414 1239 p.
1434 1170 1511 1236 eoo,
1525 1169 1558 1222 u⁰
1572 1159 1703 1236 CDLVI,
1723 1177 1762 1224 ex
1784 1175 1913 1242 pergam.
1926 1162 1957 1224 ht

670 1265 753 1327 civit.
768 1266 934 1344 registr.,B
948 1273 981 1326 n⁰
996 1274 1045 1340 ni,
1062 1275 1140 1328 6.-
1150 1267 1300 1348 originale
1312 1272 1394 1330 extat
1406 1269 1439 1330 iu
1451 1268 1571 1330 archim
1582 1265 1825 1350 Hannoreriano.)

598 1479 860 1552 venerabilibus
886 1479 1036 1554 dominis
1060 1490 1096 1552 et
1116 1481 1153 1552 in
1176 1479 1308 1555 Christo
1325 1481 1458 1555 dilectis
1478 1483 1521 1555 ll.
1541 1481 1731 1578 preposito,
1752 1481 1809 1554 W.
1829 1479 1955 1553 decano

551 1603 681 1698 totique
693 1601 1044 1696 Hammenburgensis
1061 1605 1204 1679 ecclesie
1221 1605 1392 1702 capitulo,
1407 1608 1446 1680 F.
1464 1604 1526 1679 liei
1541 1605 1649 1700 gratia
1665 1603 1956 1678 halberstadensis

551 1729 736 1824 episeopus
751 1739 946 1825 promptum
963 1751 1043 1800 cum
1059 1731 1274 1803 orationibus
1292 1752 1355 1805 sne
1370 1729 1604 1827 possibilitatis
1622 1729 1841 1823 obsequium.
1858 1729 1954 1800 llan-

553 1851 673 1926 datum
688 1851 896 1924 serenissimi
914 1853 1045 1926 domini
1062 1856 1168 1926 nostri
1195 1855 1409 1952 imperatoris
1424 1855 1622 1951 accepimus
1638 1855 1675 1926 iu
1693 1852 1759 1926 hec
1775 1852 1880 1926 verba
1896 1879 1904 1922 :

602 1977 640 2048 F.
652 1975 713 2048 liei
727 1975 836 2070 gratia
850 1977 1079 2050 Romanomm
1095 1979 1292 2074 imperator,
1311 2001 1446 2076 semper
1456 1988 1624 2074 augustus
1636 1977 1744 2051 etrex'
1756 1977 1880 2072 Sicilie,
1896 1975 1954 2048 di-

553 2102 649 2174 lectis
665 2101 879 2196 principibus
895 2103 967 2174 suis
984 2103 1242 2200 archiepiscopo
1261 2104 1553 2200 Megdcburgensi
1578 2113 1613 2176 et
1629 2101 1790 2200 episcopo
1811 2101 1954 2174 Halber-

552 2225 705 2300 stadensi
729 2225 873 2318 gratiam
898 2247 996 2298 suem
1021 2237 1056 2299 et
1071 2248 1173 2300 omna
1194 2227 1337 2300 bonum.
1359 2228 1566 2325 Scripsimus
1589 2227 1723 2300 dilectis
1745 2223 1954 2322 principibus

551 2351 677 2423 nostris
699 2349 880 2422 Lubioeusi
898 2359 933 2423 et
948 2351 1218 2444 Racesburgensi
1236 2353 1408 2449 episcopis
1425 2360 1465 2424 ut
1483 2350 1694 2448 prepositum
1717 2359 1753 2422 et
1771 2347 1954 2444 capitulum

550 2473 890 2568 hammenburgense
906 2485 1069 2548 moueant
1085 2475 1268 2548 efficaciter
1282 2483 1316 2550 et
1331 2475 1498 2550 inducant
1510 2473 1674 2570 quatinus
1688 2495 1709 2545 n
1727 2471 1955 2546 molestatione

552 2600 743 2672 bremensis
760 2597 904 2672 ecclesie
922 2597 1126 2673 desistentes
1141 2599 1245 2673 nichil
1262 2607 1464 2697 attemptare
1481 2607 1678 2695 presumant
1693 2597 1790 2692 quod
1804 2595 1904 2670 cedat
1921 2595 1956 2666 in

551 2723 741 2819 dampnum
761 2721 896 2819 imperii
914 2731 948 2797 ct
967 2724 1111 2797 ecclesie
1130 2731 1329 2798 memorate.
1356 2724 1459 2809 Quod
1484 2723 1514 2796 si
1533 2726 1617 2796 torte
1642 2722 1781 2795 monitis
1806 2721 1955 2817 ipsorum

551 2847 768 2943 acquiescere
789 2847 975 2939 noluerint,
998 2847 1098 2920 vobis
1121 2847 1245 2921 damus
1265 2849 1301 2920 in
1321 2847 1493 2924 mandatis
1511 2855 1549 2920 ut
1568 2848 1634 2920 hoc
1650 2845 1735 2942 ipsis
1751 2843 1818 2917 sub
1832 2843 1956 2917 obten-

551 2972 643 3043 tione
654 2971 762 3062 gretie
776 2969 963 3067 imperialis
975 2970 1126 3045 districte
1139 2971 1346 3067 precipiatis.
1364 2971 1566 3046 llandantes
1580 2967 1822 3043 nichilominus
1836 2963 1957 3038 dilecto

552 3095 699 3192 principi
726 3105 842 3168 nostro
865 3095 907 3168 G.
939 3096 975 3167 in
997 3095 1292 3192 archiepiscopum
1311 3097 1529 3169 Bremensem
1553 3093 1662 3168 electo
1689 3101 1728 3165 nt
1750 3089 1857 3162 nichil
1880 3110 1956 3161 cum

552 3219 716 3315 predictis
730 3220 1049 3313 hamburgensibus
1063 3228 1264 3315 attemptare
1276 3228 1452 3316 presumat
1464 3219 1560 3314 quod
1575 3217 1675 3291 cedat
1685 3215 1720 3288 in
1731 3212 1956 3312 prejudicium

551 3343 687 3439 imperii
699 3353 733 3416 et
746 3344 921 3440 sepedicte
934 3343 1127 3418 Bremensis
1140 3342 1284 3418 ecclesie
1293 3344 1470 3418 lesionem.
1483 3345 1610 3416 Datum
1620 3339 1883 3438 apudVerulas‚
1897 3336 1957 3408 Xll

550 3467 715 3541 kalendas
730 3468 829 3560 maii,
851 3468 1039 3541 indictione
1055 3469 1100 3541 X.

597 3592 838 3667 venerandam
855 3593 961 3687 igitur
978 3593 1238 3668 universitatem
1255 3603 1406 3667 vestram
1428 3613 1607 3665 monemus
1624 3589 1660 3662 in
1671 3587 1833 3670 Domino.
1856 3606 1957 3679 roga-

550 3740 628 3790 mus
642 3727 788 3810 attente,
808 3719 1020 3791 consulimus
1041 3719 1132 3794 bone
1150 3716 1220 3791 fide
1238 3740 1282 3790 ne
1302 3715 1390 3812 quid
1413 3725 1532 3790 contra
1547 3715 1766 3788 bremensem
1780 3709 1957 3784 ecclesiam

550 3842 669 3916 talium
683 3842 889 3938 attemptatis
907 3864 968 3938 per
985 3841 1083 3938 quod
1101 3841 1266 3916 offensam
1291 3841 1423 3916 domini
1441 3839 1548 3914 nostri
1570 3836 1873 3936 imperatorisque
1895 3853 1958 3906 ec-

549 3968 651 4041 clesie
664 3976 778 4041 vestre
792 3967 895 4039 nimis
907 3967 1096 4064 dampnosa
1109 3977 1161 4040 est
1174 3966 1375 4060 incurratis;
1391 3967 1491 4060 quia,
1514 3963 1594 4037 iicet
1609 3983 1672 4036 vos
1689 3969 1728 4033 ut
1744 3959 1903 4034 dominos
1923 3957 1956 4029 in

548 4093 681 4166 Christo
696 4091 838 4165 dilectos
849 4113 984 4187 semper
995 4091 1163 4164 honorare
1176 4090 1341 4180 velimus,
1356 4101 1470 4164 tamen
1483 4091 1511 4161 si
1522 4087 1661 4162 monitis
1672 4083 1793 4158 nostris
1805 4083 1958 4178 acquies-

549 4239 626 4291 cere
640 4216 838 4305 nolueritis‚
852 4214 948 4310 qnod
963 4215 1008 4288 do
1021 4215 1123 4288 uobis
1134 4235 1198 4288 nec
1212 4214 1386 4288 credimus
1398 4236 1463 4286 nec
1475 4232 1654 4308 speramus
1664 4207 1750 4305 quin
1765 4229 1887 4304 parere
1899 4205 1957 4281 de·

548 4341 657 4414 beatis
674 4339 820 4436 propriis
831 4339 954 4412 vestris
967 4339 1175 4435 pmicctibus
1189 4338 1420 4432 consulendo,
1436 4336 1630 4412 mcundum
1643 4331 1845 4408 mandatum
1861 4329 1958 4404 nobis

548 4465 739 4558 injunctum
753 4484 895 4537 manum
913 4461 1102 4537 extendere
1115 4473 1149 4536 et
1165 4462 1353 4559 procedere
1367 4482 1569 4556 cogeremur
1585 4457 1648 4558 (a).

590 4638 629 4721 (a)
649 4643 705 4715 lta,
719 4640 925 4704 deficientibus
938 4643 1017 4704 notia
1030 4642 1254 4721 chronologicis.
