4436 5870
525 549 564 608 ro
833 498 841 508 ⁸
1023 545 1238 610 rnrunnrcr
1265 549 1437 610 sscuunr
1750 549 1829 628 [aar.
1847 549 1933 612 raso

526 683 687 775 injuriam
711 683 938 777 persolvatur.
967 679 1012 753 Ut
1031 681 1097 755 hec
1118 691 1233 755 antem
1262 693 1335 756 ratu
1362 693 1397 756 et
1422 683 1520 756 firma
1546 692 1768 778 permaneant
1795 703 1935 779 presens

527 805 609 879 inde
624 805 845 902 privilegium
861 802 935 878 fieri
953 805 1097 879 fecimus
1111 805 1225 900 sigillo
1242 815 1357 880 nostre
1370 807 1585 881 celsitudinis
1600 807 1810 880 roboratum.

576 931 686 1021 Hujus
722 929 772 1002 rei
809 939 910 1002 testes
940 939 1022 1002 sunt
1054 930 1189 1002 Ulricus
1216 931 1428 1005 Pataviensis
1455 931 1660 1026 episeopus,
1693 931 1862 1004 Henricus
1887 929 1935 1028 (a)

528 1054 736 1128 Mantuanus
760 1053 961 1149 episcopus,
987 1054 1180 1148 Stephanus
1206 1053 1418 1128 Cassiuensis
1432 1055 1558 1146 abbas,
1576 1054 1770 1150 [liupuldus
1783 1055 1936 1128 marchio

529 1181 574 1255 de
593 1180 825 1269 Hohonburc,
848 1180 1039 1254 Wilieimus
1064 1179 1217 1253 marchio
1241 1181 1498 1272 Montisferrati,
1522 1201 1638 1254 comes
1661 1179 1874 1254 Evirhardus
1891 1181 1936 1255 de

527 1304 744 1396 Helfinstein,
763 1301 947 1376 Anselmus
968 1303 1175 1376 marscalcus
1195 1301 1241 1376 de
1258 1303 1458 1396 lustingen,
1476 1300 1723 1404 Wer[n]herus
1739 1304 1874 1398 dapifer
1892 1303 1935 1377 de

527 1430 721 1520 Bonlanda,
739 1427 935 1502 Conrradus
953 1427 1161 1500 camerarius
1180 1427 1225 1500 de
1237 1425 1351 1500 lierda
1365 1437 1401 1500 et
1412 1427 1471 1500 aiii
1486 1429 1710 1524 quamplures

574 1555 719 1645 Signum
747 1551 880 1626 domini
899 1550 1063 1625 friderici
1095 1551 1239 1625 secundi
1267 1551 1406 1646 gloriosi
1436 1553 1667 1626 Romanorum
1701 1552 1931 1648 imperatoris,

528 1701 664 1774 semper
683 1676 822 1770 augusti
842 1686 876 1750 et
899 1677 990 1772 regis
1008 1676 1125 1749 Sicilie
1143 1673 1426 1771 (mcmgrcrnmu).

575 1805 649 1899 Ego
672 1801 866 1875 Comedus
890 1800 952 1871 Dei
974 1801 1084 1894 gratia
1111 1799 1272 1872 Metensis
1296 1809 1331 1873 et
1355 1801 1526 1897 Spirensis
1550 1801 1734 1896 episcopus
1751 1797 1936 1896 imperialis

528 1929 606 2002 aule
619 1924 841 2000 cancellarius
855 1933 889 1998 et
904 1924 1007 1998 tetius
1023 1924 1119 1996 italie
1136 1924 1269 2018 legatus
1288 1923 1511 1998 vicedomini
1532 1923 1709 2020 ilggiberti
1726 1923 1935 1997 Coloniensis

528 2049 775 2148 archiepiscopi
794 2057 829 2123 et
842 2049 946 2123 totius
959 2048 1054 2121 italie
1067 2048 1355 2122 archicancellarii
1368 2049 1567 2142 recognovi.

576 2173 661 2248 Acta
681 2183 763 2246 sunt
781 2175 846 2246 hec
869 2194 961 2246 anno
979 2173 1152 2245 dominice
1174 2173 1418 2245 incarnationis
1434 2173 1615 2244 millesimo
1630 2169 1864 2244 ducentesimo
1881 2170 1935 2243 vi·

529 2302 677 2398 gesimo,
694 2319 811 2372 mense
824 2296 1016 2380 decembri,
1032 2296 1220 2369 indictione
1235 2318 1344 2384 nona,
1361 2305 1526 2392 regnante
1540 2295 1680 2370 domino
1692 2303 1808 2367 nostro
1819 2293 1936 2368 Fride·

527 2427 599 2499 rico
619 2424 680 2497 Dei
704 2423 814 2519 gratia
837 2421 1066 2494 Romanorum
1081 2421 1298 2517 imperatore,
1315 2442 1450 2518 semper
1475 2430 1623 2515 augusto
1646 2429 1681 2492 et
1697 2441 1778 2514 rege
1800 2417 1932 2506 Sicilie,

529 2570 619 2622 anno
643 2568 727 2620 vero
745 2543 889 2619 Romani
905 2543 1002 2640 regni
1025 2545 1100 2639 ejus
1121 2543 1157 2614 in
1175 2541 1358 2615 Germania
1379 2551 1503 2616 octavo
1519 2552 1554 2617 et
1574 2542 1611 2615 in
1635 2542 1749 2615 Sicilia
1772 2541 1935 2615 vicesimo

529 2673 640 2764 tertio,
658 2671 811 2744 feliciter.
828 2669 953 2741 Amen.

576 2797 701 2868 Datum
723 2795 759 2866 in
784 2793 904 2868 castris
925 2811 1031 2890 prope
1047 2790 1223 2885 Narniam,
1244 2812 1352 2880 anno,
1369 2812 1503 2878 mense,
1521 2790 1707 2865 indictione
1723 2787 1930 2886 prescriptis.

491 3459 504 3491 0
581 3397 812 3503 fridericus,
837 3393 1095 3477 Romanorum
1125 3387 1354 3496 imperator,
1381 3384 1599 3468 Albericum
1631 3383 1936 3467 Sassenateusem

464 3531 473 3557 '
529 3537 747 3648 episcopum
769 3537 807 3612 et
832 3523 1028 3610 ecclesiam
1056 3547 1145 3605 cum
1175 3518 1354 3603 omnibus
1381 3543 1513 3602 eorum
1535 3515 1836 3630 possessionibus
1864 3511 1936 3598 sub

530 3664 683 3779 speciali
699 3658 929 3772 protectione
945 3681 1015 3739 sua
1028 3653 1175 3764 recipit,
1189 3650 1375 3762 illumque
1392 3650 1636 3762 corporaliter
1649 3649 1814 3758 investit,
1829 3672 1937 3758 prae-

529 3801 672 3912 cipiens
689 3805 733 3880 ut
750 3792 890 3903 scripta
905 3817 928 3874 a
943 3787 1199 3900 quadraginta
1211 3785 1322 3868 annis
1339 3783 1439 3868 fucta
1456 3809 1555 3894 quae
1567 3785 1608 3867 in
1623 3785 1809 3868 damnum
1821 3778 1935 3891 hujus

529 3931 706 4020 ecclesiae
720 3926 846 4014 venne
863 3930 1038 4035 possent,
1055 3917 1208 4003 nullum
1226 3915 1344 4000 robur
1357 3915 1536 4000 habeant.

608 4146 706 4223 (adid.
721 4143 880 4213 numu,
895 4135 961 4201 ital
976 4151 1061 4208 cco..
1074 4139 1099 4196 t.
1114 4133 1156 4212 11,
1170 4149 1201 4210 p.
1216 4129 1300 4210 oto.)

559 4336 619 4408 ·1n
649 4331 790 4405 nomine
811 4334 928 4400 sancto
953 4336 988 4397 et
1015 4319 1199 4396 individue
1228 4317 1413 4392 Trinitatis.
1440 4315 1625 4392 federicus
1653 4313 1774 4392 divim
1800 4312 1937 4384 favente

532 4456 711 4534 clementia
731 4453 963 4524 Romanorum
976 4448 1172 4543 imperator,
1194 4463 1330 4539 semper
1350 4449 1522 4537 augustus
1547 4447 1581 4512 ot
1606 4459 1670 4512 rex
1696 4436 1823 4510 Sicilie.
1847 4436 1937 4508 luter

570 4658 609 4740 (a)
629 4659 665 4720 In
676 4621 818 4734 impresso
837 4647 1013 4723 Vut'lielotnt,
1027 4649 1112 4710 male.
