4298 5898
181 577 278 639 borco
295 575 360 656 la]
634 571 832 634 tttsrottttt
857 569 1151 634 bretonartca
1538 571 1596 632 441

180 721 280 786 sueta
296 709 460 808 plumbea
471 707 584 801 bulla,
602 729 722 782 meuse
732 715 768 783 et
781 708 971 784 indictione
987 706 1175 804 premissis,
1189 727 1282 780 anno
1298 715 1398 781 sexto
1413 707 1596 782 millesimo

181 834 461 932 quingentesimo
482 833 708 928 nonagesimo
735 845 860 908 octavo
883 831 947 930 (l).
974 832 1231 928 Transcriptum
1249 841 1366 905 autem
1388 832 1478 905 sicut
1495 855 1596 906 com-

181 961 315 1036 munita
334 959 451 1034 omnia
475 969 510 1033 et
530 958 688 1034 roborata
708 981 780 1054 que
801 959 964 1033 tenebant
989 957 1145 1055 predicta
1167 957 1374 1030 monasteria
1391 957 1484 1050 juste
1503 967 1597 1032 tem-

182 1107 266 1182 pore
280 1086 372 1158 bone
387 1083 552 1158 memorie
574 1083 681 1178 patris
699 1084 860 1157 meista
880 1105 937 1156 me
959 1083 1118 1180 predicto
1140 1082 1281 1174 comite,
1307 1103 1401 1156 anno
1424 1093 1525 1158 sexto
1543 1083 1597 1181 (2)

181 1209 365 1284 millesimo
382 1205 635 1282 sexcentesimo
647 1209 819 1304 vigesimo
832 1209 950 1282 tercio.

230 1336 316 1410 ltom
330 1334 540 1408 continentia
557 1334 704 1408 oecuudi
718 1334 812 1430 greci
826 1333 1043 1406 instrumenti
1060 1342 1113 1407 cst
1130 1331 1208 1406 talis
1225 1359 1233 1405 ε

231 1460 389 1554 Sigillum
413 1460 542 1534 lactum
571 1481 593 1532 a
618 1480 675 1531 me
699 1459 847 1552 lingerio
880 1481 1007 1552 magno
1035 1458 1161 1532 comite
1183 1457 1340 1531 Calabrie
1362 1468 1397 1532 et
1423 1459 1538 1532 Sicilie
1563 1468 1599 1532 et

182 1583 303 1658 datum
319 1583 382 1656 tibi
398 1583 589 1658 venerabili
608 1583 877 1658 archimandrite
892 1585 1016 1657 Sancte
1033 1583 1140 1657 llarie
1160 1582 1205 1656 de
1218 1585 1355 1656 Terreto
1372 1582 1513 1657 domino
1532 1584 1598 1656 Ni-

182 1707 341 1801 codemo‚
358 1729 475 1782 meuse
487 1708 596 1801 junii,
614 1708 873 1804 quartadecima
886 1708 1096 1784 indictionis.
1113 1709 1306 1782 Paternalia
1320 1709 1499 1782 benefacta
1515 1731 1598 1782 con·

181 1857 321 1909 servare
334 1845 369 1908 et
382 1835 419 1907 in
433 1835 557 1908 melius
570 1843 795 1930 augmentare
810 1833 914 1908 valde
929 1833 1147 1908 laudandum
1165 1844 1200 1907 et
1213 1835 1296 1908 utile
1308 1844 1378 1924 est,
1395 1844 1429 1907 et
1445 1835 1598 1908 maxime

182 1960 220 2032 in
236 1960 364 2034 sanctis
378 1960 533 2032 ecelesiis
541 1968 577 2032 et
586 1959 846 2034 venerabilibus
860 1960 1073 2033 monasteriis
1087 1959 1123 2031 in
1140 1961 1269 2055 quibus
1279 1961 1373 2033 Deus
1388 1960 1599 2033 incessanter

182 2083 406 2178 glorificator.
427 2085 477 2159 lla
500 2092 640 2181 propter
657 2084 827 2158 accedens
846 2084 1022 2180 predictus
1046 2087 1173 2158 Sancte
1192 2085 1301 2158 Maris
1319 2085 1365 2158 de
1383 2087 1521 2158 Terretc
1542 2107 1598 2157 ar·

183 2209 415 2284 chimandrita
434 2208 598 2282 dominus
618 2209 828 2283 Nicodamus
849 2210 947 2306 petiit
963 2219 1003 2282 ut
1021 2211 1110 2284 bone
1130 2210 1295 2283 memorie
1312 2210 1419 2307 patris
1442 2210 1510 2282 mei
1532 2209 1600 2282 Ro·

183 2334 271 2429 gerii
290 2334 407 2429 magni
432 2334 567 2408 comitis
592 2334 707 2407 Sicilie
728 2344 763 2407 et
780 2333 937 2408 Calabrie
955 2344 992 2407 et
1009 2335 1203 2432 ‚pictissime
1224 2335 1344 2408 matris
1364 2356 1443 2408 mee
1463 2333 1545 2407 data
1564 2347 1601 2408 et

184 2481 349 2535 concessa
365 2483 428 2558 per
442 2470 600 2534 nostrum
614 2459 838 2557 privilegium
853 2461 1105 2533 roboraremus.
1121 2461 1237 2546 Quane
1249 2469 1284 2533 et
1297 2459 1444 2555 vestigia
1458 2469 1601 2556 paterna

184 2593 382 2680 sequentes,
396 2608 461 2681 pro
469 2584 707 2681 redemptione
717 2593 752 2658 et
764 2583 967 2658 dimissione
980 2594 1201 2680 peccatorum
1215 2593 1394 2680 parentum
1409 2595 1600 2656 nostrorum

184 2711 276 2784 bone
292 2709 508 2783 memoriast
528 2710 691 2784 continua
695 2759 994 2782 ........
1019 2707 1506 2800 uostristatus‚obedivimus
1524 2730 1602 2782 cor-

185 2833 325 2908 detinus
341 2835 532 2932 adimplere
547 2857 617 2930 que
636 2835 712 2932 ipse
726 2834 995 2908 archimandrita
1010 2835 1125 2931 petiit3
1147 2844 1182 2908 et
1200 2836 1250 2908 sic
1268 2857 1330 2932 per
1349 2835 1501 2930 sigillum
1521 2858 1601 2909 nos·

184 2970 277 3032 trum
298 2959 435 3034 dudum
454 2959 582 3035 donata
601 2966 636 3032 et
660 2981 859 3034 concessae
877 2961 1080 3056 parentibus
1094 2961 1221 3034 nostris
1235 2961 1400 3034 memorie
1417 2960 1602 3035 recolende

185 3083 254 3180 ipsi
275 3085 481 3159 monasterio
500 3084 546 3159 de
569 3085 707 3159 Terreto
728 3085 833 3178 juxta
854 3095 1006 3160 tenorem
1028 3085 1288 3182 privilegiomm
1310 3107 1453 3158 suorum
1473 3107 1602 3158 conoe-

186 3206 303 3280 dimus
319 3218 354 3282 et
373 3210 596 3294 roboramus,
614 3219 649 3282 et
670 3210 786 3306 ipsum
808 3211 1057 3286 monasterium
1083 3209 1191 3284 libere
1210 3232 1413 3306 permanere
1435 3219 1601 3306 perpetuo

185 3333 398 3408 mandamus
414 3335 460 3408 ab
483 3335 580 3409 omni
604 3335 712 3408 noxia
732 3336 889 3409 molestia
908 3346 943 3409 et
964 3335 1130 3433 petitione
1155 3345 1190 3410 et
1212 3335 1258 3409 ab
1282 3335 1377 3408 omni
1402 3334 1543 3408 redditu
1567 3344 1603 3408 et

186 3456 321 3551 quesite
340 3481 421 3532 cum
439 3459 602 3532 omnibus
621 3456 854 3534 existentibus
871 3470 907 3534 et
925 3461 1099 3535 consuetis
1117 3463 1194 3555 ejus
1212 3459 1399 3556 granchiis,
1418 3459 1530 3551 terris,
1548 3458 1604 3532 vi·

186 3581 275 3673 ucis,
287 3581 497 3656 molendinis
500 3635 1160 3658 .................
1182 3583 1333 3682 pedibus
1344 3594 1378 3658 et
1390 3603 1516 3681 pascua
1527 3582 1601 3656 aui·

185 3704 330 3779 malium
348 3708 423 3802 ejus
439 3709 526 3782 etin
542 3709 715 3784 maritima
730 3711 846 3783 Sancti
864 3710 974 3784 Niceti
989 3713 1054 3802 [et]
1071 3709 1168 3805 Regii
1186 3709 1333 3782 dimidia
1348 3708 1459 3782 salina
1472 3717 1508 3781 et
1521 3708 1602 3805 pis-

189 3905 334 3918 ..Ω-.-

224 4029 260 4106 (4)
279 4033 310 4090 ln
323 4029 484 4110 pergamena
501 4039 530 4096 in
545 4040 595 4100 bac
609 4049 687 4118 parte
704 4042 800 4102 abrasa
813 4042 955 4118 posteriori
971 4058 1052 4100 manu
1070 4040 1279 4117 superscribitur
1293 4057 1366 4098 ocae
1381 4056 1444 4097 vero
1460 4037 1604 4095 millesimo

186 4135 362 4205 maeotim
375 4141 478 4194 octauo.
492 4137 570 4208 Quod
582 4141 655 4198 omni
667 4157 749 4199 sensu
762 4147 846 4199 caret.
860 4140 1028 4198 llrbittamur
1043 4145 1134 4197 autem
1146 4138 1291 4212 quemdam
1304 4141 1447 4213 computus
1458 4136 1544 4211 graeci
1556 4153 1604 4210 pe-

188 4227 262 4285 nitus
278 4230 399 4303 ignarum
413 4249 513 4292 annum
528 4235 625 4294 Christi
642 4237 758 4296 ludibrio
777 4255 827 4297 suo
842 4237 1072 4314 superaddidisse.
1085 4237 1172 4308 Quem
1192 4236 1351 4310 corrigimus
1365 4237 1443 4309 juxta
1462 4233 1604 4292 lectionem

187 4326 337 4400 elegantem
351 4346 369 4388 a
381 4333 416 4388 b.
429 4334 499 4392 lulio
512 4335 669 4395 lliueruinio
686 4338 860 4412 Neapolitano
874 4337 952 4396 nobis
970 4336 1130 4406 indicatam,
1145 4352 1228 4410 quum
1248 4351 1335 4393 annus
1350 4332 1445 4390 mundi
1460 4349 1494 4390 ex
1508 4347 1604 4406 graeco

187 4433 317 4500 computu
329 4431 399 4488 6598
413 4433 458 4500 (cx
468 4440 563 4492 nostro
575 4435 655 4510 4090)
667 4435 789 4511 apprime
801 4436 895 4494 tertiae
907 4436 1029 4494 decimae
1042 4433 1182 4493 indictioni
1197 4433 1369 4508 remandent.

225 4521 260 4596 (2)
277 4523 316 4583 lbi
329 4532 514 4590 tautummodo
524 4539 603 4590 teoto
612 4532 808 4608 supplendum,
819 4535 880 4592 vica
891 4533 965 4592 vocis
976 4549 1040 4592 uero
1052 4549 1121 4608 quae
1133 4533 1161 4589 in
1173 4546 1335 4607 pergamena
1342 4529 1445 4604 pariter
1456 4528 1605 4602 superscri-

188 4619 272 4678 bitur.
286 4622 381 4684 mnus
395 4633 486 4688 autem
500 4630 639 4690 mundior
652 4648 749 4706 graeco
762 4639 890 4707 computu
904 4635 975 4692 6644
986 4633 1034 4709 (er
1049 4637 1142 4692 nostm
1156 4628 1241 4703 tttut
1256 4628 1378 4704 apprime
1393 4633 1502 4686 octavm
1518 4626 1605 4685 indic-

190 4717 255 4774 tioni
270 4724 426 4796 respondet.

270 4821 311 4882 ll.
1408 4836 1448 4890 66
