4436 5870
273 557 427 644 [πωπω]
606 641 607 644 ¹
722 561 921 624 ursronra
946 561 1239 624 nrruounrrcu.
1643 541 1683 621 ar

321 699 406 769 Data
428 695 465 766 in
490 695 697 770 blontemalo
716 719 823 793 prope
843 697 968 770 Urbem
989 719 1051 792 per
1072 719 1213 769 menum
1235 695 1373 769 ilenrici
1396 695 1583 791 imperialis
1604 697 1682 767 aule

273 819 533 918 prothonotarii,
552 820 612 892 llll
623 820 790 894 kalendas
803 821 1007 909 decembris,
1024 821 1155 916 prelata
1173 820 1373 894 indictione.

503 1122 1453 1134 wan—mm*—

323 1394 552 1501 blidericus,
561 1393 821 1477 Romanorum
830 1393 1051 1503 imperator,
1061 1391 1256 1476 communi
1269 1391 1376 1476 Podii
1384 1392 1522 1476 Bonitii
1531 1419 1680 1478 consu·
1703 1426 1871 1531 ppfflm

269 1529 326 1614 les
342 1529 506 1640 eligendi
520 1526 738 1610 facultatem
752 1526 985 1637 impertitur,
1001 1525 1113 1634 plura
1126 1524 1216 1634 jura
1233 1551 1304 1608 sua
1320 1525 1393 1609 sub
1409 1527 1521 1609 certis
1538 1528 1679 1611 mndi-
1709 1532 1736 1574 ²⁶
1746 1511 1881 1575 “mm-⁸

268 1662 436 1746 tionibus
463 1661 518 1746 eis
544 1660 719 1765 remittit,
749 1659 1066 1768 traditionemque
1089 1667 1244 1742 octavae
1265 1658 1385 1767 partis
1412 1660 1519 1744 Podii
1544 1661 1683 1745 Bonitii

269 1797 409 1880 iactam
429 1795 659 1879 senensibus
671 1794 840 1904 primum
853 1805 890 1876 et
901 1803 1033 1903 postea
1045 1793 1271 1876 Florentinis
1287 1793 1433 1876 irritam
1446 1797 1679 1902 pronuntiat.

348 2011 466 2086 (lnedlt.
481 2027 520 2070 ex
533 2009 662 2087 exempl.
678 2007 878 2069 cutbcntleato
892 2023 941 2084 cp.
957 2004 1043 2066 dreit.
1062 2023 1202 2068 commeo.
1218 2009 1350 2078 Serme,
1371 2006 1519 2088 Perpom„
1533 2014 1607 2070 tom.
1623 2009 1679 2086 111,

388 2125 422 2179 n·
437 2117 519 2194 1⁴1.)

316 2304 511 2377 innomine
532 2313 649 2376 sancte
670 2309 706 2374 et
729 2299 913 2375 individue
929 2300 1113 2374 Trinitatis.
1143 2301 1347 2375 Fredericus
1364 2304 1540 2377 secundus
1558 2304 1678 2378 divina

266 2431 403 2502 invente
416 2429 596 2500 clementia
613 2428 842 2499 Romanorum
856 2424 1053 2519 imperator,
1064 2445 1200 2519 semper
1216 2436 1398 2518 augustus,
1418 2434 1453 2498 et
1471 2449 1534 2500 ren
1547 2428 1676 2504 Sicilie.

268 2552 454 2648 lmperialis
474 2551 659 2625 eminentie
675 2559 807 2646 spectat
822 2549 869 2622 ad
883 2549 1027 2644 gloriam
1041 2558 1076 2622 et
1094 2550 1257 2622 honorem
1274 2551 1400 2624 devota
1417 2553 1572 2629 fidelium
1590 2581 1679 2632 suo-

265 2700 343 2750 rum
358 2677 525 2772 obsequia
538 2677 722 2748 clementer
735 2675 912 2748 attendere
922 2683 957 2746 et
974 2693 1091 2746 eorum
1105 2674 1406 2749 commoditatibus
1420 2687 1454 2752 et
1471 2681 1579 2775 quieti
1595 2705 1678 2759 cura

266 2799 477 2896 propensiori
496 2799 690 2895 pmvidere.
709 2797 794 2872 lnde
807 2806 860 2870 est
874 2797 972 2893 quod
987 2817 1051 2868 nos
1065 2797 1321 2872 considerantes
1337 2800 1505 2876 sinceram
1525 2805 1629 2880 fidem
1643 2821 1678 2884 et

266 2923 486 2998 devotionem
507 2923 663 2996 fidelium
688 2931 880 2994 nostrornm
903 2919 1081 2993 bominum
1104 2919 1150 2992 de
1174 2921 1282 2995 Podio
1299 2924 1446 3017 Bonitio‚
1468 2950 1528 3001 eos
1543 2930 1579 3002 in
1595 2955 1679 3026 gra-

265 3048 348 3121 tiam
371 3057 406 3120 et
427 3047 580 3120 favorem
608 3045 822 3120 celsitudinis
840 3053 955 3116 nostre
981 3043 1168 3139 recipimus
1194 3046 1345 3141 benigue
1371 3059 1406 3122 et
1427 3052 1477 3123 eis
1496 3052 1540 3126 de
1566 3067 1679 3132 nostra

265 3170 467 3244 liberalitate
481 3171 703 3244 concedimus
721 3169 921 3241 electionem
941 3170 1141 3241 consulatus
1158 3181 1193 3242 et
1206 3173 1406 3246 oonsulibus
1422 3177 1558 3269 plenam
1572 3181 1678 3271 juris·

265 3295 451 3369 dictionem
464 3295 500 3366 in
517 3305 630 3368 castro
648 3293 745 3366 Podii
764 3292 890 3365 Bonitii
904 3301 939 3364 et
954 3293 1031 3385 ejus
1047 3293 1217 3386 districtu,
1237 3305 1305 3368 tam
1320 3297 1450 3371 scilicet
1463 3300 1508 3373 de
1521 3301 1676 3378 districtu

262 3419 432 3514 quamde
453 3419 625 3491 universis
649 3417 805 3514 personis
821 3426 856 3489 et
877 3416 981 3488 rebus
1003 3426 1222 3511 preterquam
1243 3421 1288 3493 de
1302 3421 1435 3514 Stagia,
1452 3434 1567 3497 monte
1585 3426 1677 3500 Acu-

264 3545 335 3616 tnlo
350 3553 386 3616 et
405 3543 617 3617 Mortensno.
639 3543 795 3615 Preterea
813 3541 1009 3615 memoratis
1025 3542 1225 3616 bominibus
1242 3544 1287 3617 dc
1302 3547 1409 3620 Podio
1425 3549 1537 3622 Boniti
1553 3553 1677 3626 nostris

264 3665 424 3740 fidelibus
452 3665 693 3757 concedimus,
726 3666 893 3739 tradimus
924 3675 1029 3760 atque
1059 3668 1265 3742 remittimus
1293 3672 1407 3745 banna
1432 3676 1547 3747 omnia
1573 3687 1677 3772 atque

263 3791 411 3886 pedagia
428 3800 464 3864 et
481 3791 604 3886 placita
619 3811 682 3863 nec
700 3812 768 3862 non
787 3801 821 3862 et
832 3789 1101 3864 consuetudines
1117 3793 1328 3868 venditionis
1343 3796 1524 3871 domorum
1542 3822 1679 3874 omnes·

262 3939 330 4009 qne
351 3916 585 4012 possessiones
603 3922 637 3987 et
650 3915 731 4006 jura
752 3936 821 4008 que
848 3915 1017 3986 habemns
1043 3915 1078 3986 in
1106 3917 1261 4011 predicto
1288 3929 1399 3992 castro
1423 3930 1458 3993 et
1483 3925 1558 4015 ejus
1582 3925 1676 3998 curia

261 4051 365 4136 atque
387 4041 565 4131 districtu;
593 4038 863 4112 consuetudines
891 4060 1033 4134 quoque
1057 4051 1093 4112 et
1111 4041 1171 4130 jus
1192 4041 1243 4113 eis
1264 4044 1486 4117 concedimus
1503 4057 1538 4117 et
1561 4048 1675 4119 remit-

263 4163 764 4260 timnsquonsquenuncapud
778 4163 974 4236 eosbabere
987 4165 1230 4237 consuevimus
1243 4165 1279 4237 in
1294 4169 1569 4242 successionibus
1586 4193 1675 4243 mor·

262 4301 413 4362 tuorum.
442 4291 507 4362 Pro
530 4289 658 4384 quibus
683 4287 844 4360 omnibus
858 4286 1015 4381 jamdicti
1044 4286 1164 4360 fideles
1189 4291 1295 4361 nostri
1319 4291 1475 4365 homines
1499 4294 1544 4367 de
1567 4295 1674 4368 Podio

262 4413 373 4486 Boniti
400 4413 608 4508 quingentas
635 4412 740 4484 libras
767 4409 985 4483 denariorum
1012 4409 1214 4482 Pisenorum
1245 4433 1380 4486 camere
1405 4423 1518 4488 nostre
1547 4420 1676 4511 persol-

262 4547 399 4628 verunt,
408 4537 610 4633 pepigentes
624 4534 720 4630 qnod
734 4534 873 4607 nomine
886 4543 1003 4607 nostro
1016 4535 1195 4608 annuatim
1208 4558 1271 4632 per
1283 4547 1389 4611 totum
1404 4563 1556 4614 mensem
1568 4542 1674 4615 madii

260 4661 356 4759 apud
380 4663 542 4734 Sanctum
568 4660 748 4732 lliniatum
768 4658 951 4731 castellano
966 4660 1029 4753 qui
1054 4681 1117 4754 pro
1137 4669 1291 4756 tempore
1317 4663 1446 4736 ibidem
1468 4666 1571 4738 fucrit
1593 4688 1674 4738 con·
