4436 5870
508 469 548 530 td
1011 469 1224 534 innubilet
1249 470 1422 534 sustinul
1732 468 1811 554 [dun.
1830 470 1919 536 1220.

628 601 785 665 classensi.
795 603 942 665 Renovat
954 603 991 665 do
1004 604 1093 666 verbo
1102 605 1140 666 ud
1154 605 1289 678 verbum,
1300 611 1415 668 mutato
1424 609 1542 666 tantum
1555 603 1669 666 abbatis
1683 607 1803 666 nomine
1815 613 1846 666 et
1856 608 1921 684 uul-

627 708 753 770 busdam
766 709 885 782 additis,
899 725 937 770 ex
947 712 1102 789 privilegio
1115 711 1256 773 Frlderlcl
1269 714 1375 790 print,
1391 712 1452 772 dot.
1467 713 1500 770 ln
1512 715 1607 772 carbo
1619 711 1719 772 Sancti
1734 711 1919 792 Archangeli,

629 815 671 877 IV
684 816 753 876 idus
767 815 918 888 fabruarii,
933 833 1001 878 aun.
1022 828 1109 892 rtet,
1125 821 1284 880 indictione
1298 820 1366 880 x11.
1383 819 1424 881 cf.
1441 815 1525 894 idid,
1539 833 1571 896 p.
1588 823 1650 894 ts.)

561 1004 618 1092 [lu
642 1001 782 1075 nomine
806 1013 923 1078 sancto
948 1016 982 1077 et
1002 1005 1185 1078 individue
1204 1005 1389 1078 Trinitatis.
1413 1005 1625 1097 Fridericus‚
1649 1007 1734 1094 etc]
1759 1007 1923 1090 Quamvis

515 1127 676 1198 omnibus
693 1127 987 1222 quiimperatorie
1003 1129 1168 1201 libertatis
1183 1127 1244 1201 lilii
1260 1131 1333 1202 lore
1350 1129 1599 1222 dignoscuntur
1621 1132 1725 1202 nutele
1739 1130 1924 1226 imperialis

514 1251 740 1347 patrocinium
765 1251 810 1324 de
830 1252 908 1343 jure
928 1252 1129 1347 impendere
1153 1253 1361 1342 debeamus,
1385 1253 1433 1325 illi
1458 1263 1572 1326 tamen
1593 1254 1744 1346 quodam
1768 1256 1924 1350 specialis

517 1375 709 1448 dilectionis
726 1376 943 1470 premgativa
963 1399 983 1449 a
1001 1376 1101 1449 nobis
1120 1387 1201 1447 sunt
1219 1376 1448 1472 amplectendi
1464 1387 1500 1450 et
1517 1377 1666 1450 brachiis
1686 1379 1925 1478 consolationis

516 1500 656 1574 iuvandi
681 1521 829 1594 quorum
854 1498 941 1572 fides
961 1510 995 1572 et
1016 1501 1148 1573 sincera
1169 1502 1307 1574 devotio
1330 1501 1420 1574 circa
1440 1520 1503 1573 nos
1520 1509 1555 1573 et
1573 1501 1754 1594 imperium
1781 1503 1925 1576 eviden-

517 1626 609 1696 tibus
630 1623 879 1718 experimentis
900 1624 1118 1696 laudabilitcr
1136 1626 1343 1696 claruerunt.
1364 1625 1449 1697 Nam
1471 1624 1500 1696 si
1519 1645 1561 1696 ea
1577 1645 1646 1717 que
1664 1624 1710 1696 ab
1727 1633 1926 1696 antecesso-

519 1750 616 1821 ribus
639 1747 763 1819 nostris
784 1747 925 1838 regibus
948 1759 983 1820 et
1005 1747 1266 1842 imperatoribus
1291 1748 1460 1842 religiosis
1487 1748 1642 1842 personis
1667 1769 1827 1820 concessa
1848 1756 1928 1820 sunt

518 1893 581 1945 nos
595 1893 659 1966 pro
670 1891 789 1942 eorum
804 1883 839 1943 et
852 1881 968 1943 nostra
987 1872 1096 1943 salute
1114 1871 1368 1963 confirmamus,
1385 1872 1503 1966 prooul
1522 1872 1631 1946 dubio
1648 1871 1684 1942 iu
1697 1881 1813 1944 eterna
1830 1872 1927 1944 uobis

519 1997 591 2068 vita
610 1997 773 2089 majorem
793 1995 936 2087 gloriam
961 1997 1139 2090 pervenire
1159 1985 1302 2068 minime
1323 1995 1536 2068 dubitamus.
1556 1997 1769 2091 Quapropter
1787 2017 1930 2087 cognos-

521 2129 601 2192 cant
633 2119 785 2190 universi
812 2120 947 2214 imperii
974 2123 1079 2192 nostri
1110 2120 1230 2194 fideles
1254 2141 1316 2217 per
1343 2121 1472 2194 ltaliam
1497 2121 1670 2193 constituti
1698 2129 1877 2216 presentes.
1896 2129 1931 2192 et

522 2243 627 2316 loturi
651 2241 746 2337 quod
771 2263 898 2315 nosen
930 2255 1092 2317 consueta
1125 2245 1363 2318 benevolentia
1393 2253 1507 2317 nostre
1531 2245 1640 2338 gratia
1662 2253 1697 2316 et
1721 2245 1931 2339 prosedula

523 2369 687 2465 petitione
702 2367 815 2439 dilecti
831 2377 865 2438 et
880 2367 992 2441 fidelis
1013 2369 1118 2440 nostri
1137 2369 1297 2440 Almerici
1316 2369 1451 2441 abbatis
1466 2369 1608 2442 ecclesie
1622 2368 1736 2441 Sancti
1755 2367 1870 2440 Severi
1887 2368 1932 2440 de

524 2493 638 2566 Classe
662 2493 927 2587 suprascriptam
952 2494 1131 2565 ecclesiam
1158 2493 1271 2564 Sancti
1299 2494 1416 2566 Severi
1441 2501 1475 2564 et
1498 2492 1689 2588 predictum
1717 2493 1876 2565 abbatem
1899 2501 1933 2564 et

524 2637 643 2690 omnes
661 2615 715 2686 sui
735 2616 930 2688 monasterii
949 2617 1068 2688 fratres
1092 2629 1127 2688 et
1144 2617 1326 2688 universas
1349 2637 1404 2688 res
1426 2623 1460 2688 et
1477 2615 1707 2710 possessiones
1729 2635 1817 2708 quas
1840 2614 1934 2686 idem

483 2806 484 2809 ,
525 2739 770 2812 monasterium
792 2738 885 2810 intus
910 2749 945 2810 et
972 2749 1069 2812 extra
1097 2739 1133 2810 in
1158 2740 1308 2834 presenti
1331 2741 1422 2832 juste
1449 2738 1601 2834 possidet
1624 2739 1681 2810 vel
1704 2739 1738 2809 iu
1761 2745 1935 2832 prosterum

526 2864 666 2937 domino
695 2863 858 2956 largiente
882 2864 1126 2936 rationabiliter
1147 2865 1273 2958 poterit
1297 2864 1454 2960 adipisci,
1473 2864 1539 2935 sub
1553 2871 1703 2935 nostram
1725 2863 1934 2959 imperialem

527 2985 771 3084 protectionem
797 2995 900 3079 atque
927 2988 1066 3058 tutelam
1094 2988 1319 3082 suscipimus3
1345 2987 1565 3060 concedimus
1590 2993 1785 3080 quoquest
1805 2984 1936 3056 conlin-

528 3131 663 3181 mamus
681 3107 848 3200 jamdicto
866 3109 1071 3182 monasterio
1087 3111 1231 3203 ejusque
1248 3111 1438 3182 rectoribus
1456 3131 1525 3204 que
1544 3131 1606 3204 per
1622 3117 1783 3203 precepta
1804 3119 1839 3181 et
1857 3107 1936 3202 pri-

529 3233 655 3326 vilegia
682 3240 914 3304 antecessores
943 3232 1047 3304 nostri
1079 3240 1337 3324 concesserunt,
1367 3233 1528 3306 videlicet
1553 3241 1593 3304 nt
1618 3232 1653 3303 in
1680 3232 1794 3305 insula
1822 3240 1937 3304 nostra

530 3355 725 3429 domnicata
741 3355 789 3450 (a)
807 3365 946 3427 utantur
962 3356 1209 3450 piscationibus
1222 3365 1256 3427 et
1272 3356 1420 3450 pascuis,
1436 3366 1470 3430 et
1484 3356 1662 3430 dimidiam
1679 3364 1811 3450 portam
1823 3355 1937 3428 Sancti

531 3478 703 3553 Laurentii
722 3499 801 3550 cum
820 3479 904 3576 ripis
922 3479 1104 3550 lluminum
1120 3489 1155 3551 et
1169 3481 1285 3553 omnia
1302 3480 1442 3553 mobilia
1453 3488 1488 3552 et
1503 3481 1695 3552 immobiles
1708 3479 1938 3574 possessiones

531 3612 565 3674 et
582 3603 804 3698 pertinentias
818 3625 905 3696 quas
923 3603 1168 3675 monasterium
1185 3603 1297 3674 Sanoti
1319 3602 1436 3676 Severi
1456 3603 1559 3676 babet
1575 3603 1679 3676 modo
1695 3603 1750 3675 vel
1769 3603 1813 3676 de
1827 3610 1939 3674 oetem

526 3729 620 3820 juste
647 3726 772 3821 poterit
791 3725 936 3819 adipisci
962 3725 997 3798 iu
1024 3725 1163 3798 civitate
1180 3726 1342 3799 Ravenna
1361 3729 1419 3800 vel
1441 3727 1476 3798 in
1491 3726 1666 3799 suburbiis
1685 3734 1721 3796 et
1742 3725 1778 3828 in
1801 3725 1939 3820 episoc-

530 3858 615 3946 patu
635 3851 690 3921 vel
709 3849 745 3919 in
764 3849 924 3921 comitatu
945 3848 1158 3938 lincobensi,
1179 3859 1215 3922 el
1230 3849 1404 3945 quidquid
1428 3851 1534 3924 habet
1560 3849 1595 3921 in
1614 3849 1778 3922 comitatu
1801 3847 1859 3921 nsi
1884 3847 1941 3920 vel

532 3975 567 4045 in
595 3973 774 4068 Senugalie
800 3975 856 4045 vel
881 3974 915 4044 in
932 3974 1134 4046 Pesaurensi
1152 3975 1208 4046 rel
1231 3973 1439 4050 Ariminensi
1459 3975 1516 4047 vel
1539 3957 1725 4046 Fiooolensi
1747 3974 1806 4046 vel
1834 3971 1941 4044 Cese-

532 4100 630 4172 neusi
657 4100 713 4171 vel
735 4098 930 4192 Populiensi
951 4100 1007 4170 vel
1032 4099 1183 4170 Liviensi
1203 4100 1258 4170 vel
1283 4099 1472 4172 Faventino
1493 4099 1549 4172 vel
1572 4099 1730 4171 imolensi
1754 4100 1810 4170 vel
1827 4099 1942 4169 Bouo—

533 4223 642 4296 niensi
661 4223 717 4294 vel
731 4222 935 4294 Ferrarieusi
953 4223 1008 4294 vel
1027 4221 1236 4297 Comaoleusi
1252 4223 1308 4296 vel
1322 4221 1555 4296 Gabiensiant
1569 4221 1783 4298 incomitata
1797 4218 1941 4294 Callensi

534 4348 591 4419 vel
619 4347 655 4418 iu
680 4346 920 4418 castellanensi
939 4344 1123 4420 Felicitatis
1148 4349 1204 4423 vel
1223 4347 1384 4422 bobiensi
1409 4349 1466 4422 vel
1488 4349 1524 4418 in
1548 4367 1768 4441 quocumque
1791 4348 1942 4432 beorum

579 4569 616 4651 (a)
637 4573 673 4632 ln
686 4573 776 4632 altero
790 4570 930 4634 bucata
