4272 5886
147 508 333 588 lunrcr.14.]
602 503 801 568 HISTORIA
823 499 1114 564 nrunouaurcu.
1509 500 1572 564 559

149 647 271 721 Sicilie
287 665 363 718 rex.
380 641 475 716 Licet
491 641 681 740 imperialis
700 651 735 718 ct
750 641 846 736 regie
867 637 1045 736 dignitatis
1063 637 1277 712 immonsitas
1292 637 1473 716 decoretur
1490 632 1580 712 cum'

151 773 202 846 ad
218 771 400 845 utilitatem
419 769 575 843 omnium
591 770 825 862 subiectorum
845 787 987 841 suornm
1004 785 1146 838 manum
1162 763 1376 840 liberalitatis
1392 762 1568 855 extendit,

152 897 258 972 debet
279 907 393 970 tamen
410 895 570 968 voluntas
584 904 678 968 recte
700 893 919 988 regnantium
940 891 1016 966 illas
1037 889 1232 986 specialiter
1250 891 1307 986 pie
1324 889 1571 988 compassionis

151 1023 266 1096 oculis
278 1023 418 1114 intueri,
439 1042 509 1116 que
528 1021 683 1116 angelice
698 1020 860 1117 puritatis
874 1016 1138 1092 similitudinem
1157 1015 1246 1090 inter
1266 1016 1418 1090 humane
1435 1016 1571 1109 fragili-

152 1149 233 1220 tatis
246 1147 439 1244 periculosa
453 1145 633 1242 naufragia
649 1145 738 1218 felici
747 1144 956 1218 continentia
964 1151 1199 1239 representem
1207 1150 1256 1232 et,
1270 1141 1399 1214 relictis
1409 1140 1571 1212 humanis

151 1272 336 1364 illecebris,
356 1271 482 1346 devote
509 1323 760 1345 .......
788 1270 998 1343 famulantm
1012 1266 1204 1359 Altissimo,
1225 1265 1324 1340 etad
1342 1264 1472 1358 gaudia
1491 1286 1569 1360 per-

152 1407 260 1492 petuo
293 1395 460 1470 duratura
493 1394 583 1468 votis
616 1394 780 1468 continue
814 1393 964 1466 caritatis
997 1402 1162 1488 perpetuo
1196 1390 1360 1489 aspirant.
1392 1389 1571 1463 Universis

152 1521 262 1613 igitur
278 1520 413 1616 imperii
427 1519 532 1594 nostri
551 1517 714 1592 fidelibus
732 1529 803 1592 tum
819 1518 1036 1614 presentibus
1050 1537 1157 1612 quam
1175 1517 1300 1590 suturis
1319 1514 1479 1588 volumus
1493 1535 1570 1586 esse

151 1655 274 1718 notum
303 1643 399 1739 quod
426 1643 596 1719 accedens
623 1644 670 1718 ad
698 1645 907 1742 presentiam
936 1653 1087 1716 nostram
1118 1639 1338 1714 Gnelderada
1362 1639 1570 1712 venerabilis

152 1770 329 1844 abbatissa
346 1769 542 1842 monasterii
557 1770 672 1843 Sancti
688 1769 827 1844 llndree
843 1771 889 1844 de
902 1771 1079 1861 Ravenna,
1094 1766 1207 1842 fidelis
1222 1775 1352 1856 nostra,
1370 1765 1568 1838 celsitudini

152 1905 268 1968 nostre
283 1893 409 1968 devote
425 1895 509 1968 satis
529 1904 564 1969 et
583 1895 759 1970 humiliter
778 1895 989 1991 supplicavit
1007 1903 1046 1966 ut
1061 1915 1244 1990 personam
1261 1893 1337 1985 ejus
1357 1899 1391 1964 ct
1412 1911 1569 1964 sororum

152 2039 296 2091 suarum
314 2018 351 2090 in
367 2017 492 2092 eodem
506 2019 714 2092 monasterio
726 2019 830 2092 simul
845 2041 925 2092 cum
941 2041 984 2092 ea
999 2018 1146 2092 Domino
1159 2015 1398 2091 famulantium
1416 2037 1481 2090 nec
1499 2037 1568 2090 non

151 2151 188 2216 et
204 2143 451 2217 monasterium
474 2144 590 2240 ipsum
618 2143 685 2216 snb
709 2141 851 2239 speciali
873 2142 1085 2238 protectione
1110 2151 1144 2216 et
1171 2140 1372 2216 defensione
1394 2151 1510 2215 nostra
1534 2150 1570 2216 et

153 2267 290 2365 imperii
306 2269 529 2365 recipientes,
545 2291 668 2343 omnes
682 2268 917 2366 possessiones
932 2277 968 2340 et
985 2268 1075 2341 bona
1094 2269 1161 2342 alia
1178 2288 1250 2362 que
1263 2266 1443 2359 largitione
1458 2265 1569 2362 impe·

152 2401 307 2467 ratorum
316 2394 467 2468 felicium
480 2393 762 2491 predeoessorum
778 2402 985 2484 nostrorum,
998 2392 1183 2466 donatione
1196 2391 1392 2487 principum
1402 2391 1459 2462 vel
1472 2391 1568 2463 obla·

152 2517 248 2591 tione
270 2541 569 2615 quorumcumque
586 2520 730 2592 aliorum
746 2519 870 2592 Christi
888 2517 1056 2611 fidelium,
1077 2516 1323 2594 monasterium
1340 2515 1454 2612 ipsum
1473 2516 1567 2609 juste

154 2642 308 2739 possidet
325 2654 360 2718 et
374 2646 503 2740 quiete,
524 2645 727 2719 confirmare
744 2645 812 2718 sibi
829 2645 875 2718 de
892 2653 1008 2718 nostra
1027 2644 1138 2738 gratia
1156 2643 1390 2738 dignaremur.
1414 2643 1484 2714 Nos
1502 2665 1566 2716 au-

153 2779 223 2842 tem
242 2769 500 2845 considerantes
521 2770 777 2868 quodpropter
798 2771 1017 2866 fragilitatem
1041 2791 1148 2843 senus
1167 2769 1341 2842 abbatissa
1359 2769 1511 2864 predicta
1532 2778 1569 2842 et

152 2913 287 2968 sorores
314 2896 389 2986 ejus
414 2896 615 2970 defensione
637 2906 753 2970 nostra
777 2894 935 2992 indigent
956 2895 1113 2995 speciali,
1136 2895 1292 2970 uolentes
1315 2895 1420 2968 ctiam
1446 2905 1485 2968 ut
1505 2917 1567 2990 per

152 3018 407 3094 observantiam
434 3021 690 3118 tranquillitatis
718 3032 752 3096 et
775 3022 870 3118 pacis
897 3044 1003 3116 quam
1032 3019 1223 3116 specialiter
1247 3020 1456 3092 monasticus
1480 3018 1568 3093 ordo

153 3142 310 3236 requirit,
326 3143 362 3214 in
381 3145 503 3218 eodem
521 3146 727 3218 monasterio
742 3145 870 3218 cotidie
886 3142 1017 3218 crescat
1033 3153 1068 3216 et
1081 3143 1201 3218 floreat
1213 3145 1327 3216 cultus
1340 3143 1417 3236 Dei,
1434 3146 1567 3242 suppli·

153 3267 305 3342 cationes
323 3269 435 3364 ipsius
451 3270 636 3344 clementer
652 3271 877 3362 admisimus,
897 3279 932 3344 et
948 3291 1130 3366 personam
1145 3273 1221 3364 ejus
1235 3278 1270 3342 et
1285 3290 1419 3343 sorores
1434 3291 1516 3342 suas
1533 3281 1568 3344 et

153 3413 274 3468 omnes
294 3417 365 3491 que
385 3396 470 3492 ipsis
491 3398 719 3471 successerint
737 3398 774 3471 in
795 3399 951 3471 futurum
971 3398 1038 3472 sub
1057 3395 1200 3493 speciali
1221 3397 1432 3492 protectione
1455 3408 1490 3471 et
1507 3397 1568 3472 de·

154 3519 308 3592 tensione
335 3529 452 3596 nostra
477 3531 512 3596 ct
535 3523 672 3621 imperii
695 3523 918 3619 recipientes,
941 3543 1061 3596 omnes
1078 3520 1312 3618 possessiones
1333 3530 1368 3594 et
1389 3523 1569 3597 borealia

153 3663 223 3737 que
252 3643 433 3738 largitione
455 3645 700 3742 imperatorum
726 3649 879 3720 felicium
907 3645 1190 3744 predecessorum
1213 3657 1426 3741 nostrorum,
1453 3649 1569 3722 dona-

154 3765 248 3840 tione
281 3769 479 3867 principum
509 3771 566 3844 vel
603 3771 776 3846 oblatione
809 3792 1110 3866 quorumcumque
1141 3771 1284 3844 eliorum
1319 3772 1441 3844 Cbristi
1479 3772 1569 3846 lide-

153 3890 252 3981 lium,
266 3893 361 3985 juste
377 3902 471 3968 tenet
487 3904 523 3968 et
537 3895 701 3992 possidet,
721 3897 788 3993 ipsi
804 3897 1010 3969 monasterio
1025 3905 1193 3992 perpetuo
1210 3895 1469 3990 confirmamus3
1498 3907 1569 3971 ste-

153 4025 288 4092 tucntee
316 4028 351 4092 et
373 4021 541 4116 presentis
566 4023 739 4118 privilegii
765 4022 966 4096 auctoritate
994 4020 1135 4094 firmiter
1161 4021 1389 4116 injungentes·
1407 4033 1445 4095 ut
1472 4025 1568 4096 nullu

152 4141 294 4216 omnino
309 4165 456 4240 persona
475 4169 583 4242 parva
608 4149 662 4222 vel
681 4148 843 4242 humilis,
860 4147 1093 4222 ecclesiastica
1106 4147 1164 4220 vel
1179 4147 1357 4239 secularis,
1376 4148 1567 4242 predictam

152 4267 361 4343 abbatissam
380 4280 415 4344 et
431 4293 565 4346 sorores
584 4295 665 4346 suas
684 4295 727 4350 ac
742 4295 956 4350 successores
977 4294 1097 4346 earum
1120 4293 1254 4345 necnon
1271 4279 1305 4345 et
1320 4273 1566 4346 monasterium

152 4394 391 4488 supradictum
409 4397 445 4468 in
467 4399 623 4494 personis
644 4415 678 4473 ct
697 4399 797 4472 bonis
815 4399 891 4472 aliis
913 4398 1119 4495 supradictis
1138 4397 1328 4492 inquietare
1345 4417 1408 4470 sen
1430 4408 1566 4494 pertur-

152 4516 237 4590 bare
252 4531 439 4614 presumat.
459 4522 561 4609 Quod
574 4525 636 4619 qui
653 4523 899 4621 presumpserit
917 4524 952 4594 in
967 4545 1030 4597 sue
1043 4523 1241 4597 temeritatis
1256 4519 1446 4596 vindictam
1464 4527 1567 4621 quin·

152 4644 318 4738 quaginta
334 4646 440 4722 libras
456 4649 532 4724 auri
549 4649 629 4746 puri
646 4657 845 4747 componet,
863 4649 1084 4723 medietatem
1100 4669 1235 4722 camere
1251 4658 1379 4744 nostre,
1398 4651 1566 4748 reliquam
