4292 5894
237 794 332 850 lucrer.
351 783 409 872 ll]
684 783 881 846 tttsTOlttA
907 786 1198 850 llleOhlll'l'lCll.
1589 789 1648 848 337

237 926 388 999 tionibus
407 929 534 995 statum
558 941 677 994 eorum
696 921 880 995 liberaliter
900 923 1122 1017 ampliamus,
1147 922 1193 995 ad
1213 923 1347 996 illarum
1367 923 1543 1018 presertim
1565 924 1643 996 reli-

236 1050 410 1142 giosarum
431 1047 611 1121 domorum
635 1046 815 1120 commoda
839 1046 917 1118 tntis
940 1046 1118 1120 affectibus
1139 1048 1327 1140 aspirantes
1350 1047 1396 1120 de
1412 1069 1559 1142 quarum
1584 1049 1645 1119 in-

237 1172 417 1244 crementis
440 1170 595 1244 ordinata
615 1169 715 1242 nobis
735 1169 858 1242 caritas
879 1169 1003 1242 suadet
1020 1178 1060 1240 ut
1081 1191 1186 1264 opera
1206 1191 1276 1262 que
1293 1179 1432 1264 paterne
1453 1169 1646 1244 devotionis

237 1294 353 1369 audio
381 1295 584 1390 prodierunt
616 1294 847 1366 sollicitudine
878 1293 993 1366 debite
1020 1313 1283 1390 prosequamur,
1314 1303 1348 1364 et
1379 1295 1516 1387 augusti
1543 1296 1647 1388 patris

238 1420 342 1493 nostri
358 1419 526 1515 plantaria
551 1419 754 1514 propensius
771 1419 971 1490 excolamus
988 1418 1023 1488 in
1048 1418 1151 1490 vinea
1168 1417 1303 1489 Domini
1320 1417 1431 1490 altiori
1448 1417 1565 1492 radios
1581 1421 1646 1489 vlr-

238 1545 319 1616 tutis
336 1555 371 1615 et
384 1545 492 1638 gratie
508 1551 706 1639 propagata.
727 1543 814 1614 Hinc
827 1551 880 1614 est
897 1542 991 1636 quod
1010 1544 1068 1638 pio
1086 1541 1343 1614 considerantes
1360 1541 1483 1614 ellectu
1500 1543 1647 1636 qualiter

239 1667 320 1742 dive
335 1667 580 1741 recordationis
597 1667 764 1740 Henricus
778 1667 955 1761 quondam
971 1676 1069 1762 pater
1088 1677 1203 1739 noster
1221 1675 1390 1760 augustus
1406 1667 1547 1739 domum
1565 1668 1645 1739 lios-

239 1792 353 1886 pitalis
370 1793 493 1866 Sancte
510 1793 617 1866 Maris
633 1793 898 1865 Teutonicomm
914 1791 1220 1886 hierosolymitana
1239 1791 1295 1885 pia
1316 1791 1503 1864 intentione
1523 1791 1647 1864 lunda·

239 1917 374 1990 veritat
388 1917 497 2012 ipsam
512 1915 683 1990 dotaverit
695 1925 730 1988 et
745 1915 907 1989 diuvant
919 1917 1094 2011 opulentia
1108 1916 1259 2004 liberali,
1280 1915 1493 1988 attendentes
1508 1937 1648 2010 quoque

239 2041 334 2134 quod
353 2041 478 2114 devote
489 2040 526 2112 in
544 2040 666 2113 eadem
684 2041 787 2113 domo
803 2039 908 2112 divini
927 2039 1057 2112 servitii
1077 2041 1189 2111 cultus
1207 2050 1242 2111 et
1257 2040 1377 2130 religio
1389 2049 1644 2130 conserventur,

240 2183 430 2258 pauperum
458 2173 492 2236 et
518 2163 731 2238 infirmorum
758 2173 960 2259 procuretur
986 2165 1193 2251 necessitas,
1223 2164 1310 2257 quin
1336 2164 1452 2257 potius
1477 2173 1547 2235 tuta
1572 2165 1647 2256 ejus

240 2286 429 2361 substantia
456 2289 575 2362 divino
602 2288 740 2362 servitio
768 2284 951 2383 deputetur
979 2299 1013 2362 et
1042 2287 1168 2360 milites
1195 2288 1317 2360 Christi
1348 2286 1514 2381 degentes
1542 2289 1578 2358 in
1605 2309 1645 2360 sa

240 2419 356 2483 eontra
377 2433 590 2506 paganorum
609 2413 826 2508 tyrannidem
852 2435 1015 2508 personas
1037 2433 1119 2485 suas
1144 2397 1357 2487 in'victimas
1380 2413 1523 2484 offerant
1543 2411 1645 2484 obse·

240 2533 322 2625 quio
342 2534 520 2626 crucifixi,
543 2537 632 2610 circa
655 2538 780 2609 dumus
803 2536 958 2629 ejusdem
978 2535 1139 2608 continua
1165 2537 1372 2608 incrementa
1391 2543 1505 2608 nostre
1528 2535 1645 2607 firma·

240 2657 354 2730 umus
371 2659 582 2756 propositum
599 2663 797 2753 voluntatis,
818 2684 887 2733 non
903 2663 1012 2734 solum
1027 2671 1167 2758 paterna
1184 2681 1287 2755 snper
1304 2660 1369 2731 hoc
1388 2661 1566 2755 prosequi,
1584 2660 1645 2732 sed

240 2791 274 2851 et
300 2792 380 2854 vota
412 2794 526 2858 nostra
549 2787 754 2882 propensius
784 2808 960 2882 exponere
988 2787 1176 2881 cupientes.
1207 2785 1307 2858 Unde
1330 2807 1410 2857 oum
1433 2795 1647 2858 sacrosancta

240 2906 391 2978 llumana
414 2893 523 2981 mater
541 2909 710 3000 Ecclesia,
735 2921 848 3006 preter
873 2913 978 2984 multa
1005 2909 1172 2983 beneficia
1196 2919 1230 2982 et
1253 2909 1431 3005 privilegia
1454 2910 1648 2981 libertatum

241 3051 309 3121 quc
335 3032 392 3104 die
416 3035 680 3108 consecrationis
701 3043 735 3108 et
757 3036 984 3108 coronationis
1004 3044 1118 3107 nostre
1139 3034 1259 3106 domui
1281 3034 1433 3130 predicte
1454 3033 1597 3105 contulit
1616 3043 1650 3104 et

241 3156 425 3244 concessit,
445 3159 477 3229 ci
498 3159 544 3232 ad
566 3179 686 3253 preces
708 3169 841 3232 nostras
861 3158 1044 3253 dignanter
1070 3158 1244 3232 addiderit
1266 3180 1312 3231 ex
1334 3157 1519 3253 apostolice
1538 3159 1647 3252 gratia

242 3274 419 3367 dignitatis
447 3291 485 3351 ut
510 3282 547 3352 in
572 3283 724 3356 ecclesiis
747 3284 794 3357 ad
819 3259 1100 3356 sustentationem
1129 3283 1272 3354 fratrum
1299 3281 1582 3354 commorantium
1612 3282 1646 3351 in

241 3403 380 3474 servitio
406 3405 508 3477 Terre
535 3408 658 3479 Sancte
678 3410 850 3481 concessis
876 3408 1025 3498 eisdem,
1053 3408 1226 3500 assignato
1251 3407 1388 3481 vicariis
1412 3427 1531 3479 earum
1554 3408 1648 3480 unde

241 3525 382 3598 honeste
396 3527 517 3601 vivant
533 3538 568 3602 et
583 3531 618 3601 in
635 3531 871 3628 spiritualibus
889 3542 923 3603 et
938 3530 1164 3626 synodalibus
1181 3531 1350 3624 episcopis
1366 3551 1486 3602 carum
1502 3532 1559 3603 vel
1576 3531 1649 3602 suis

241 3650 444 3724 officialibus
470 3654 603 3747 possint
630 3655 855 3750 respondere,
882 3666 1071 3752 proventus
1100 3664 1231 3728 ceteros
1258 3654 1330 3726 suis
1356 3654 1478 3727 usibus
1502 3656 1649 3728 habeant

241 3773 443 3868 depuutos;
469 3775 515 3847 de
536 3784 630 3848 motu
652 3776 790 3872 proprie
814 3779 1024 3850 liberalitatis
1051 3777 1181 3850 inducti
1207 3775 1422 3871 providimus
1443 3795 1478 3850 et
1500 3779 1648 3872 nosipsi

240 3897 336 3990 quod
362 3898 451 3970 inter
474 3900 692 3973 liberalitates
715 3903 799 3974 alias
819 3902 949 3995 quibus
970 3923 1051 3993 erga
1071 3901 1213 3973 domum
1238 3900 1348 3994 ipsam
1370 3909 1484 3972 nostra
1510 3901 1649 3971 muniti·

241 4023 352 4094 centia
369 4044 407 4095 se
425 4023 580 4113 diffudit,
598 4025 781 4120 specialem
798 4047 915 4098 mcum
930 4025 965 4096 in
983 4025 1125 4119 imperio
1144 4035 1260 4097 nostro
1278 4025 1422 4117 gretiam
1439 4027 1645 4113 laceremus,

241 4145 422 4237 indignum
441 4147 629 4221 admodum
647 4158 843 4243 reputantes
857 4150 887 4222 si
903 4148 999 4244 quod
1017 4148 1157 4221 aliunde
1174 4149 1334 4243 precibus
1353 4160 1387 4220 et
1403 4151 1521 4222 lavore
1534 4157 1649 4220 nostro

241 4267 332 4341 dicta
356 4269 480 4343 dumus
505 4271 673 4364 obtinuit,
706 4273 818 4346 eidem
844 4281 958 4345 nostra
987 4269 1211 4345 beneficentia
1242 4281 1436 4366 negaretur.
1463 4273 1514 4343 De
1536 4282 1651 4344 nostre

242 4393 346 4486 igitur
370 4396 545 4468 alllnentia
569 4397 723 4492 pietatis,
752 4398 797 4471 ad
826 4397 923 4470 illurn
949 4397 1073 4470 mentis
1100 4409 1212 4468 nostre
1236 4398 1355 4469 oculos
1379 4395 1566 4491 dirigentes
1591 4419 1652 4490 per

240 4538 344 4612 wem
369 4519 556 4614 imperialis
575 4523 751 4616 regiminis
772 4523 928 4596 collatam
945 4523 1046 4595 nobis
1065 4522 1211 4617 desuper
1231 4544 1299 4595 non
1318 4523 1441 4616 ingrati
1461 4543 1652 4616 recognos-

242 4643 353 4716 cimus
373 4646 597 4739 dignitatem,
621 4669 684 4743 pro
705 4648 858 4722 remedio
875 4647 1067 4722 animarum
1088 4648 1249 4722 divorum
1271 4658 1496 4743 augustorum
1520 4671 1649 4745 proge-

243 4767 391 4841 nitorum
418 4779 612 4843 nostrorum
638 4782 672 4843 et
698 4772 755 4866 pie
780 4771 1110 4846 commemorationis
1138 4773 1276 4867 augusti
1303 4773 1411 4867 patris
1435 4772 1559 4863 nocui,
1588 4794 1650 4867 pro

243 4891 353 4964 salute
370 4913 510 4988 quoquo
531 4905 564 4966 et
588 4895 821 4969 incolumitate
838 4906 952 4968 nostra
974 4896 1194 4969 etheredum
1215 4905 1426 4988 nostrorum,
1447 4896 1493 4969 ad
1511 4903 1650 4969 susten-

323 5017 363 5075 11.
1441 5017 1493 5080 ra*
