4298 5898
560 443 623 506 m
1058 443 1272 506 ratbsatct
1296 445 1472 508 ssctthbt
1785 447 1869 526 [ltu.
1887 447 1963 510 lm.

562 577 703 674 potestis
728 577 912 672 procedere
937 577 986 650 ad
1016 578 1243 654 difinitione·
1272 583 1421 676 negotii,
1447 603 1517 658 non
1545 583 1703 656 obstante
1728 581 1817 656 rani
1847 582 1965 656 timoris

563 703 796 776 sollicitudine
810 713 927 776 utrum
941 704 1115 797 judicium
1129 707 1233 778 fuerit
1244 715 1485 781 contestatum.

612 827 747 914 Quibus
763 829 889 902 licteris
910 827 1015 902 fidem
1033 828 1222 925 plenariam
1242 830 1466 922 adhibentes,
1485 838 1626 927 utpote
1643 829 1689 903 de
1706 830 1785 922 ejus
1805 829 1963 923 legalitate

564 959 599 1024 et
614 951 821 1026 discretione
836 961 889 1024 est
910 973 981 1025 non
997 952 1167 1027 immerito
1188 953 1455 1047 confidendum,
1473 952 1733 1050 procedendum
1750 952 1906 1024 vidimus
1922 951 1961 1024 ad

563 1075 776 1172 questionem
791 1077 901 1170 ipsam
916 1075 1062 1150 finaliter
1074 1077 1338 1150 terminandam.
1354 1079 1487 1152 Deinde
1499 1079 1595 1150 cuda
1607 1076 1820 1173 procedente
1829 1060 1959 1170 Troyan

564 1201 624 1272 ubi
647 1201 845 1290 assidebant
862 1203 962 1275 nobis
979 1203 1096 1275 Simon
1114 1203 1160 1276 de
1180 1205 1309 1295 Tocco,
1327 1203 1526 1278 Guisaudus
1546 1203 1593 1276 de
1616 1203 1717 1275 llubo
1743 1211 1782 1274 et
1807 1201 1958 1273 Hearicm

564 1326 610 1399 de
628 1326 738 1399 Tcoco
756 1347 883 1421 magua
899 1328 995 1400 curie
1013 1327 1170 1420 judicas,
1192 1328 1415 1402 consideratis
1437 1338 1472 1402 et
1490 1329 1594 1425 plene
1612 1326 1783 1400 disurmis
1804 1325 1960 1420 probatio

565 1449 669 1523 nibus
686 1451 962 1547 supradictorum
985 1453 1148 1547 prepositi
1173 1461 1209 1525 et
1230 1451 1362 1526 domini
1382 1453 1528 1526 oderisii
1552 1452 1615 1546 qui
1636 1473 1752 1524 coram
1778 1451 1878 1522 uobis
1894 1471 1957 1544 per·

565 1577 727 1649 sonaliter
741 1575 941 1666 assistebat,
960 1577 1044 1671 quia
1060 1577 1106 1650 de
1118 1580 1196 1670 jure
1215 1578 1440 1672 prenominati
1457 1577 1620 1672 prepositi
1634 1598 1698 1670 pro
1713 1585 1814 1670 parte
1830 1573 1955 1647 acoleia

565 1699 668 1794 plene
688 1699 844 1772 vidimus
862 1701 935 1772 lore
950 1699 1131 1794 probatum
1147 1709 1182 1771 et
1199 1701 1416 1794 probationes
1435 1700 1583 1774 Oderisii
1607 1700 1680 1771 lore
1702 1699 1895 1771 inefficaces
1912 1697 1955 1766 iu·

565 1824 749 1914 venimus,
781 1824 900 1897 babitc
937 1823 1093 1917 diligenti
1126 1825 1269 1897 consilio
1300 1823 1602 1921 pronuntiavimus
1630 1821 1869 1916 supradictum
1902 1821 1953 1892 do

565 1948 699 2020 minum
722 1947 917 2022 Oderisinm
945 1948 1073 2022 debere
1098 1947 1134 2020 in
1159 1959 1365 2044 perpetuum
1388 1949 1561 2022 abstinere
1585 1947 1631 2020 ab
1663 1946 1872 2042 imponendo
1897 1944 1951 2016 col·

565 2071 690 2162 lectas,
714 2071 885 2164 adjutoria
912 2083 974 2144 aut
1000 2073 1068 2146 alia
1096 2073 1235 2146 servitia
1256 2073 1455 2146 bominibus
1477 2073 1620 2146 ecclesie
1646 2074 1774 2144 Sancte
1799 2072 1897 2144 llarie
1915 2068 1951 2140 dc

564 2195 741 2290 Mugilano
754 2197 815 2291 qui
831 2205 913 2269 sunt
934 2197 970 2268 in
985 2197 1089 2268 casali
1105 2197 1214 2290 ipsius
1232 2197 1375 2270 ecclesie
1394 2195 1490 2290 quod
1507 2205 1652 2270 vocatur
1667 2197 1889 2289 Mugilanum.
1905 2191 1949 2264 td

563 2321 665 2412 cujus
679 2319 730 2392 rei
749 2320 948 2392 memoriam
962 2328 997 2392 et
1011 2329 1213 2414 perpetuam
1230 2319 1436 2410 firmitatem,
1454 2341 1596 2415 proeens
1612 2320 1782 2414 scriptum
1800 2319 1876 2392 iude
1887 2311 1946 2388 lieri

565 2441 710 2516 lecimus
725 2465 789 2540 per
808 2466 931 2518 manus
949 2442 1120 2517 Guillelmi
1135 2444 1180 2518 de
1195 2445 1305 2517 Tcoco
1320 2465 1445 2538 magne
1469 2443 1655 2540 imperialis
1676 2445 1774 2516 curie
1791 2444 1854 2533 [iu]
1865 2439 1947 2534 justi·

563 2567 701 2642 tiariatu
725 2567 868 2661 notarii,
895 2577 1012 2642 nostra
1035 2577 1071 2642 et
1094 2568 1327 2665 predictorum
1348 2569 1507 2661 judicum
1535 2569 1845 2664 sumoeiptiontbus
1864 2565 1945 2636 robo
2071 2544 2072 2563 ¹

564 2701 691 2766 ratum.
710 2692 835 2766 Actum
859 2693 971 2786 ijs,
992 2713 1103 2786 auno,
1120 2715 1238 2768 mense
1250 2703 1286 2766 et
1300 2693 1488 2766 indictione
1504 2693 1722 2790 praetitulatis.
1745 2733 1787 2746 -
1804 2689 1944 2764 flauas
2071 2730 2072 2757 r

566 2816 612 2893 de
626 2819 739 2890 llcrra
761 2839 886 2911 magne
905 2817 1091 2912 imperialis
1106 2819 1202 2892 curie
1225 2817 1389 2912 magster
1406 2827 1441 2891 et
1457 2817 1674 2910 justitiarius.
1692 2857 1745 2870 -
1758 2818 1829 2910 Egu
1847 2814 1943 2886 Sinon

565 2963 691 3034 magne
706 2941 892 3038 imperialis
908 2942 1003 3016 curie
1017 2941 1176 3036 [judexl.
1193 2941 1448 3016 -Guisandus
1465 2943 1511 3016 de
1525 2943 1625 3015 llubo
1640 2961 1769 3035 magne
1784 2935 1941 3034 imperialis

565 3067 661 3142 curie
675 3075 711 3138 et
731 3065 932 3140 barensium
951 3065 1076 3158 judex.
1097 3105 1140 3120 -·
1159 3066 1235 3159 Ego
1256 3067 1424 3140 Heuncus
1444 3065 1490 3140 de
1508 3067 1618 3138 tocco
1635 3085 1764 3158 magne
1783 3057 1940 3158 impeditis

563 3191 659 3265 curie
667 3189 794 3282 judex.

562 3874 651 3932 eum
669 3848 816 3931 mittere
835 3845 1032 3954 Pelagium
1049 3845 1304 3928 Albanensem
1322 3843 1541 3952 episcopum
1558 3852 1595 3923 et
1613 3841 1819 3924 dudonem
1833 3823 1933 3970 Sancti

560 3982 712 4070 Martini
733 3980 994 4093 presbyterum
1016 3979 1246 4061 cardinalem
1273 4004 1362 4061 cum
1379 3975 1492 4086 pleno
1519 3974 1718 4086 legationis
1740 3970 1865 4067 officio,
1883 3983 1933 4069 qut

560 4116 743 4200 mandata
765 4141 835 4199 sua
853 4115 901 4198 de
922 4113 1158 4222 expeditione
1175 4112 1311 4196 Terrae
1329 4111 1488 4195 Sanctae
1505 4109 1677 4193 deferant
1692 4108 1878 4218 ipsumque
1895 4087 1931 4172 td

569 3743 573 3750 ·
617 3712 807 3797 Honorius
832 3736 931 3822 papa
956 3709 1145 3794 Friderico
1162 3711 1421 3795 Romanorum
1442 3706 1659 3818 imperatori
1686 3705 1814 3788 scribit
1840 3691 1935 3782 saud

561 4249 941 4333 ecservandaetiam
955 4255 1190 4329 sacramento
1209 4247 1433 4357 astringant.

640 4463 738 4545 (ΕΜ
753 4469 861 4544 wilm
882 4466 1084 4538 barsumas,
1099 4460 1207 4524 Amat
1223 4461 1328 4538 maha,
1344 4463 1384 4526 ad
1403 4480 1476 4526 anu.
1492 4469 1580 4538 1225,
1596 4455 1614 4540 5
1628 4445 1925 4536 11,eusgerr.flcucr·
2068 4413 2071 4587 p

679 4572 877 4646 111,1n.1x,
892 4575 977 4650 epist.
994 4570 1077 4650 ate.)
2067 4597 2070 4718 t
