4436 5870
544 599 585 662 86
1049 600 1263 664 rutuuulcl
1287 604 1462 668 SECUNDI
1770 607 1850 688 [dnn.
1868 607 1955 672 1220.

571 809 576 816 ,
596 734 707 826 Hujus
723 733 773 806 rei
793 742 896 810 testes
909 745 1008 827 sunt,
1026 744 1092 811 ete.
1113 735 1127 834 (
1150 738 1177 832 ).

597 859 741 954 Signum
759 857 892 932 domini
911 859 1075 938 Friderici
1096 863 1240 940 menndi
1260 864 1479 942 invictissimi
1493 867 1727 942 Romanorum
1746 866 1958 964 impe-atoris

548 983 689 1076 augusti
705 991 739 1056 et
753 982 845 1077 regis
860 982 988 1058 Sicilie.
1815 1041 1818 1050 .

596 1107 671 1201 Ego
689 1107 867 1182 Conredus
885 1107 1054 1203 spirensis
1068 1117 1103 1182 et
1117 1109 1280 1184 Metensis
1304 1111 1500 1208 episcopus,
1520 1112 1708 1210 imperialis
1726 1116 1806 1190 enle
1825 1119 1958 1192 cancel·

548 1233 673 1322 tarius,
700 1231 932 1312 vicedomini
955 1233 1152 1328 Engeiberti
1172 1233 1385 1313 Coicmensis
1410 1237 1715 1335 archiepiscopiet
1732 1241 1841 1316 totins
1864 1243 1959 1318 ltntie

546 1357 838 1432 archicancellarii
854 1358 1054 1454 recognovi.

596 1481 684 1556 Acte
702 1491 784 1556 sunt
800 1481 866 1554 hec
882 1503 976 1556 enne
994 1483 1168 1560 dominice
1184 1485 1428 1560 incemnticnis
1447 1485 1628 1560 millesimo
1646 1485 1883 1564 ducentesimo
1904 1490 1959 1562 vi·

549 1606 697 1702 gesimo,
722 1627 840 1682 mense
857 1607 1070 1700 decembris,
1093 1609 1283 1688 indictione
1296 1633 1406 1700 ncne,
1431 1622 1595 1708 regrtente
1621 1613 1762 1688 domino
1786 1615 1959 1689 Frideriec

548 1733 702 1806 secundo
719 1733 950 1808 Romanorum
968 1733 1174 1829 imperatore
1195 1735 1365 1831 glorioso,
1386 1757 1480 1812 enno
1503 1737 1601 1832 regni
1618 1739 1695 1831 ejns
1719 1739 1756 1812 in
1778 1739 1958 1814 Germanic

549 1867 687 1943 octavo,
704 1856 740 1928 in
757 1857 873 1934 Sicilie
888 1857 1058 1953 vigesimo
1073 1858 1185 1948 tertio
1201 1858 1338 1954 imperii
1351 1879 1435 1934 veru
1448 1860 1572 1957 primo.

598 1983 724 2056 Datum
742 1983 780 2054 in
799 1982 920 2056 cestris
937 1983 1034 2078 npnd
1048 1985 1211 2058 Sanctum
1230 1982 1457 2079 Germanum,
1478 2007 1597 2061 mense
1616 1996 1652 2062 et
1670 1971 1859 2062 indictione
1879 2009 1959 2084 prc-

550 2105 665 2197 dictis,
683 2106 837 2182 feliciter.
857 2107 982 2182 Amen.

784 2429 1107 2453 αι--ι--α-η--η

348 2730 527 2837 Qum?
554 2666 557 2684 ι
601 2722 829 2832 FridericuS,
847 2726 1107 2811 Romanorum
1124 2727 1345 2837 imperetur,
1359 2727 1572 2813 iohannem
1594 2727 1772 2814 ebitetent
1793 2753 1960 2813 menes-

550 2862 634 2946 terii
660 2859 828 2972 Virginis
844 2861 985 2945 Murice
1001 2863 1049 2946 de
1070 2862 1196 2947 Monte
1212 2862 1380 2975 Virginis
1397 2863 1629 2974 fratresque,
1646 2865 1903 2974 possessiones
1921 2874 1963 2946 et

378 2837 496 2882 decembri.

548 3020 731 3105 personas
749 2994 870 3079 eidem
898 2996 1128 3080 monasterie
1158 2996 1330 3080 subditas
1358 2996 1431 3080 suh
1458 2997 1610 3107 speciali
1632 2998 1863 3108 protectione
1889 3023 1962 3080 sue

549 3129 724 3239 suscipit,
748 3155 882 3214 omnes
907 3131 1167 3215 concessiones
1198 3139 1236 3216 et
1264 3130 1524 3214 immunitates
1552 3130 1601 3216 ab
1626 3131 1760 3215 codem
1786 3129 1961 3215 obtentus

547 3264 763 3372 confirmet,
778 3263 1087 3376 obedientiaeque
1103 3276 1142 3362 et
1160 3265 1340 3350 ecclesias
1357 3265 1440 3378 ejus
1457 3275 1638 3350 recenset.

630 3507 724 3590 (Edld.
737 3509 1046 3592 commurmurant
1060 3509 1181 3594 Vereins
1192 3525 1287 3593 repro,
1301 3527 1334 3591 p.
1352 3519 1410 3573 dtu
1423 3515 1455 3572 et
1464 3527 1561 3591 seqq,
1574 3510 1626 3573 sed
1638 3511 1737 3573 minus
1748 3507 1899 3588 cursem]

597 3723 782 3798 Fedcricus
803 3724 866 3796 Dei
890 3723 1007 3822 gretie
1028 3723 1259 3796 Romanorum
1285 3723 1486 3818 imperetur,
1515 3742 1652 3816 semper
1673 3729 1865 3814 angustus,
1895 3739 1961 3792 rex

548 3849 676 3924 Sicilie.
701 3847 843 3932 Quoties
861 3848 1003 3923 obtentu
1026 3848 1167 3943 superni
1192 3847 1346 3920 numinis
1369 3846 1415 3919 ed
1435 3845 1657 3920 ecclesiarum
1675 3851 1712 3918 et
1737 3845 1890 3917 locorum
1911 3840 1961 3938 (d)

548 3972 799 4048 venerabilium
824 3973 939 4046 cultus
959 3972 1069 4046 eciem
1088 3971 1288 4046 intentionis
1305 3980 1421 4046 nostre
1441 3969 1676 4044 convertimus
1687 3976 1724 4044 et
1746 3988 1865 4042 eornm
1880 3987 1962 4062 pro·

548 4099 657 4172 fectus
676 4108 711 4172 et
730 4098 912 4172 commoda
941 4097 998 4194 pie
1025 4098 1150 4172 nostris
1175 4093 1396 4192 commodis(
1419 4093 1455 4193 ')
1479 4095 1646 4186 intuetur,
1670 4091 1718 4168 ed
1742 4091 1962 4166 sublimitatis

547 4224 697 4318 potentie
725 4224 903 4296 cumulum
928 4231 1044 4297 nostre
1069 4222 1246 4319 potestatis
1270 4221 1382 4294 virtus
1410 4219 1554 4316 erigitur
1578 4229 1613 4294 et
1636 4218 1822 4313 majestatis
1846 4225 1961 4290 nostre

549 4347 673 4420 solium
690 4347 828 4443 pietatis
845 4347 944 4420 titulo
966 4347 1097 4443 largius
1118 4346 1311 4420 decoretur.
1328 4344 1420 4419 Nihil
1437 4343 1530 4417 enim
1548 4343 1695 4437 iustius,
1715 4342 1803 4416 nihil
1818 4340 1960 4437 dignius

591 4521 632 4604 (a)
652 4523 767 4586 Desunt
777 4529 898 4587 tretium
910 4527 1040 4602 nomine,
1056 4527 1118 4616 stre
1129 4525 1287 4590 Clnnelltns
1299 4526 1363 4604 ipse
1375 4539 1411 4586 ee
1423 4524 1664 4603 praetermiserit,
1679 4523 1743 4585 stre
1758 4520 1960 4584 deddermtnr

550 4635 583 4694 tn
595 4638 780 4709 munsumpto
793 4633 900 4693 noterit
913 4634 1000 4711 culus
1012 4647 1101 4710 snpra
1114 4633 1225 4692 mentio
1236 4629 1284 4692 iit.

587 4737 626 4822 (d)
645 4740 682 4802 ln
694 4742 834 4818 impresso
848 4734 920 4801 loco.
