4298 5898
203 553 301 614 lamen
319 549 380 632 121
660 549 857 612 HISTORIA
881 549 1174 613 blatotlllulca
1563 554 1625 616 tle

203 710 313 779 anno,
342 691 463 761 menae
486 693 521 759 et
541 684 731 759 indictione
752 687 968 784 subscriptis.
1001 689 1129 762 Datum
1155 689 1251 785 apud
1274 689 1502 782 Siracusiam',
1530 712 1623 764 anno

204 813 379 888 dominica
407 810 653 885 incarnationis
679 811 861 887 millesimo
884 810 1123 888 ducentesimo
1151 815 1317 888 vicesimo
1341 825 1483 911 quarto,
1503 837 1623 890 mense

199 939 294 1035 julii,
314 935 525 1012 duodecime
544 934 755 1028 indictionis,
773 947 940 1032 regnante
958 937 1100 1014 domino
1114 951 1231 1014 nostro
1248 941 1421 1016 Friderico
1436 942 1499 1015 Dei
1513 941 1624 1036 gratia

204 1062 433 1138 invictissimo
465 1063 698 1136 llomanornm
734 1063 959 1158 imperatore,
991 1085 1129 1162 semper
1158 1074 1308 1158 augusto
1338 1075 1373 1140 et
1407 1065 1625 1141 serenissimo

203 1211 287 1284 rege
304 1189 437 1280 Sicilie,
454 1187 590 1284 imperii
604 1190 680 1282 ejus
702 1209 794 1264 anno
811 1197 951 1286 quarto,
973 1190 1072 1284 regni
1090 1211 1176 1264 vero
1189 1191 1305 1264 Sicilie
1323 1191 1489 1266 vicesimo
1508 1200 1620 1282 sexto,

203 1315 358 1390 feliciter.
380 1314 505 1387 Amen.

253 1439 338 1512 ltem
356 1449 455 1512 tenor
471 1439 662 1512 litterarum
680 1439 841 1527 tulisset,
859 1461 930 1535 qua
945 1440 981 1512 in
997 1439 1110 1537 papiri
1126 1449 1221 1514 carta
1235 1439 1288 1538 (l)
1301 1441 1427 1538 scripte
1441 1452 1547 1516 sunt:

252 1563 448 1638 Fridericus
468 1565 531 1637 Dei
551 1563 661 1659 gratia
683 1565 915 1638 Romanorum
935 1565 1134 1662 imperator,
1156 1588 1293 1662 sempor
1313 1576 1484 1662 augustus
1505 1577 1622 1642 elren

203 1689 336 1782 Sicilie,
360 1688 549 1764 camerario
565 1689 732 1778 Calabria,
757 1690 883 1784 bajulis
907 1690 1026 1786 liegii,
1051 1691 1164 1782 Mese,
1189 1693 1314 1764 Sancte
1333 1691 1485 1785 Agathe,
1505 1694 1622 1767 Sancti

205 1815 317 1887 Niceti
328 1826 364 1888 et
375 1814 511 1906 Tucbii,
522 1813 686 1888 fidelibus
699 1815 786 1904 suis,
803 1817 950 1911 gratiam
962 1837 1063 1890 snam
1077 1825 1112 1890 et
1124 1817 1250 1890 bonam
1261 1817 1484 1892 voluntatem.
1496 1819 1622 1892 Notum

210 1942 356 2015 tacimus
374 1939 530 2014 fidelitati
546 1949 661 2014 vestre
675 1941 772 2036 quod
791 1941 1001 2015 venerabilis
1024 1940 1294 2017 archimandrita
1312 1945 1437 2018 Sancta
1453 1945 1561 2018 blada
1578 1944 1623 2019 de

203 2065 341 2140 Terrelo
366 2063 481 2140 fidelis
510 2075 626 2140 noster
657 2088 720 2164 per
752 2068 940 2162 quemdam
972 2065 1018 2141 de
1048 2067 1210 2141 fratribus
1237 2067 1311 2142 suis
1339 2068 1411 2143 dno
1439 2071 1624 2166 privilegia

203 2190 368 2265 idiomate
394 2212 497 2286 grem
522 2192 669 2287 scripta,
691 2212 840 2286 quornm
861 2194 1008 2266 alterum
1026 2192 1109 2265 olim
1132 2214 1248 2266 comes
1273 2193 1441 2287 Rogeriua
1466 2203 1501 2268 et
1525 2195 1623 2270 aliud

205 2338 270 2390 rex
288 2317 455 2412 Rogcrius
471 2338 560 2392 avus
577 2325 692 2390 noster
713 2319 921 2392 monasterio
938 2318 1180 2412 indulxerant,
1198 2318 1366 2393 intuenda
1390 2327 1506 2393 nostre
1526 2322 1621 2394 curie

202 2443 429 2538 presentavit,
448 2441 625 2516 humiliter
643 2443 844 2539 supplicans
861 2452 901 2515 nt
920 2442 1104 2540 privilegia
1119 2442 1195 2538 ipsa
1211 2441 1416 2518 confirmare
1431 2443 1525 2519 dicto
1541 2467 1622 2519 mo·
1743 2495 1745 2498 -

204 2567 355 2642 uastario
383 2565 618 2661 dignaremur.
643 2566 749 2662 Cujus
774 2567 1088 2665 supplicationibus
1115 2567 1303 2662 benignius
1329 2568 1504 2662 inclinati,
1527 2569 1620 2644 dicta

201 2692 404 2790 privilegia,
425 2693 515 2766 sicut
532 2693 583 2767 eis
606 2693 823 2767 nominatum
839 2693 1088 2768 monasterium
1108 2715 1131 2766 a
1154 2701 1307 2790 tempore
1328 2693 1480 2768 felicium
1498 2715 1620 2789 regum

202 2818 484 2916 predecessorum
517 2831 711 2891 nostrorum
741 2841 852 2914 usquc
884 2840 980 2890 nunc
1009 2818 1061 2891 uti
1091 2819 1272 2892 consuevit
1307 2819 1553 2894 rationabiliter
1586 2830 1622 2893 et

202 2944 319 3041 quieta
333 2951 369 3016 et
384 2943 492 3016 utitur
507 2944 544 3015 in
558 2943 726 3040 presenti,
744 2943 837 3018 dicto
856 2943 1065 3018 monasterio
1080 2943 1117 3016 in
1130 2954 1335 3040 perpetuum
1349 2944 1518 3018 duximus
1530 2965 1621 3020 cou-

204 3066 385 3142 firmanda.
415 3069 530 3154 Quare
557 3087 619 3164 per
648 3067 777 3142 litteras
804 3077 919 3143 vestre
946 3067 1145 3142 discretioni
1169 3068 1392 3165 precipiendo
1414 3072 1621 3145 mandamus

200 3193 368 3289 quatinus
389 3191 628 3290 prenominato
645 3194 852 3268 monasterio
870 3196 997 3269 Sancte
1014 3195 1123 3268 llario
1139 3193 1185 3268 dc
1199 3196 1337 3268 Terreto
1358 3217 1463 3292 super
1483 3217 1621 3292 posses·

201 3317 374 3408 sionibus,
393 3318 592 3391 bominibus
619 3327 654 3392 et
677 3318 756 3393 aliis
777 3319 878 3392 bonis
898 3319 1057 3416 suisque
1075 3320 1111 3392 in
1131 3319 1320 3393 tenimento
1323 3373 1617 3394 ........

203 3499 215 3518 .
247 3498 257 3516 .
290 3497 299 3516 .
331 3451 500 3518 terrarum
520 3445 615 3536 iuste
637 3453 672 3519 et
693 3446 943 3522 rationabiliter
972 3446 1139 3544 adeptum
1164 3455 1218 3519 est
1242 3453 1277 3518 et
1306 3443 1484 3542 possidere
1509 3444 1621 3520 nosci·

202 3577 259 3642 tur
261 3621 886 3645 ................
911 3579 1033 3645 tenore
1053 3570 1315 3668 privilegiorum
1338 3591 1494 3644 suorum.
1525 3625 1535 3642 .
1566 3624 1575 3643 .
1608 3627 1616 3642 .

204 3747 744 3771 ..............
768 3695 903 3770 cionem
924 3706 1076 3770 nostram
1093 3697 1275 3769 molestare
1297 3717 1359 3793 par
1383 3716 1449 3769 vos
1466 3693 1620 3770 indebite

198 3821 398 3896 nullatenus
428 3821 671 3918 presummatis
699 3842 764 3894 nec
795 3819 1001 3920 permittatis
1020 3842 1126 3917 super
1144 3820 1275 3896 eisdem
1278 3874 1615 3896 .........

194 3947 286 4041 juris
319 3945 477 4020 ordinem
503 3947 703 4044 perturbare
707 3997 1613 4021 .......................

201 4199 329 4272 Datum
346 4197 535 4291 Siracusie,
555 4199 708 4274 secundo
726 4199 821 4292 julii,
841 4197 1049 4274 duodecime
1066 4196 1277 4272 indictionis.

240 4401 277 4476 (t)
295 4403 381 4462 Usum
395 4403 504 4462 chartae
517 4401 619 4478 papiri,
631 4403 689 4476 jam
709 4403 779 4462 circa
794 4402 915 4462 seculum
928 4402 1099 4462 undecimum
1112 4402 1169 4460 lere
1182 4401 1291 4460 omnino
1306 4400 1474 4472 obsoletum,
1489 4417 1575 4476 nsque
1590 4401 1618 4459 in

198 4514 301 4556 annum
315 4498 380 4558 Cbr.
396 4503 464 4559 tant
477 4517 666 4577 perseverasse
683 4502 745 4577 quis
758 4518 791 4560 ex
807 4501 858 4560 isto
871 4501 1026 4561 testimonio
1043 4499 1206 4559 crediderit?
1216 4497 1348 4558 Arbitrari
1363 4505 1453 4558 autem
1467 4499 1530 4558 licet
1542 4506 1617 4558 nota·

200 4597 271 4655 rium
283 4599 404 4656 chartam
415 4599 606 4675 bombycinam
619 4601 670 4659 sub
683 4602 735 4660 boc
745 4602 830 4661 verbo
841 4601 1034 4676 designandam
1045 4601 1073 4659 iu
1087 4600 1177 4659 animo
1188 4599 1325 4659 babuisse.
1337 4599 1378 4660 (Ἰ.
1391 4599 1509 4658 Obtulit.
1524 4599 1616 4670 nicol,

198 4693 246 4752 lib.
258 4695 285 4767 1,
299 4696 345 4752 tit.
358 4698 409 4769 to,
423 4697 471 4756 ubi
486 4699 567 4757 etiam
577 4699 612 4758 de
625 4697 731 4757 obortit
741 4701 843 4774 papyri
855 4699 955 4758 mentio
969 4699 1010 4757 fit.
