4292 5894
174 521 274 582 lemur.
291 516 351 602 ta]
627 514 827 578 tttsrottta
852 513 1170 578 altitonantem·
1533 519 1592 580 399

174 658 336 730 beralitas
356 653 489 749 optinet
510 651 760 748 principatum,
783 651 841 724 illa
861 651 1112 747 precipueque
1132 649 1179 724 ad
1198 652 1420 725 commodum
1445 661 1481 726 et
1497 653 1591 724 utili-

174 791 279 856 tatam
301 781 455 854 locorum
477 776 728 851 venerabilium
745 786 937 850 exercetor.
956 777 1043 849 Nam
1061 775 1091 848 si
1112 798 1133 849 a
1151 785 1286 849 terreno
1307 775 1464 873 principe
1486 778 1593 874 parti-

175 905 255 980 cula
275 904 390 995 detur,
409 902 503 975 illins
524 902 719 975 interventu
738 902 801 997 qni
820 901 999 976 affluenter
1020 901 1142 975 tribuit
1161 901 1341 986 universa,
1357 902 1454 996 quod
1471 901 1531 976 dat
1546 902 1592 977 ad

175 1051 351 1104 eumcum
367 1030 484 1102 lenore
499 1028 608 1101 multo
622 1027 821 1117 revertitur,
833 1027 997 1124 precipue
1011 1048 1090 1099 cnm
1108 1049 1169 1124 per
1187 1027 1253 1100 hoc
1264 1027 1403 1102 videtur
1415 1027 1511 1123 qnod
1530 1050 1593 1123 pro

177 1152 319 1226 terrenis
350 1160 467 1226 eterna
498 1151 644 1247 provida
675 1149 898 1224 meditatione
925 1159 1109 1224 mereatur.
1142 1152 1269 1224 Noscat
1299 1151 1404 1247 igitur
1436 1150 1591 1225 fidelium

178 1285 528 1379 nostrorumppresens
542 1283 616 1350 etus
630 1283 666 1351 et
681 1275 795 1348 lutura
811 1275 991 1372 posteritas
1003 1273 1100 1370 quod
1117 1276 1220 1350 irater
1235 1277 1471 1365 dermannus,
1486 1299 1592 1352 vene·

177 1401 295 1473 rabilis
312 1400 477 1494 magister
502 1397 626 1472 domus
655 1397 834 1496 hospitalis
859 1402 983 1472 Sancte
1002 1399 1110 1474 Maris
1131 1398 1415 1474 Theotonicorum
1438 1401 1474 1474 in
1494 1404 1591 1476 Jeru-

176 1526 300 1615 salem,
322 1545 436 1597 coram
455 1531 571 1598 nostra
588 1523 761 1620 presentia
778 1524 985 1598 constitutus
1002 1522 1155 1598 ostendit
1173 1525 1274 1598 nobis
1289 1524 1467 1621 quoddam
1486 1527 1593 1623 privi-

177 1650 306 1744 legium
321 1670 524 1723 concessum
540 1649 678 1722 anobis
692 1649 805 1724 eidem
822 1647 942 1724 domui
961 1649 1122 1746 hospitali
1145 1647 1280 1723 dudum
1300 1659 1380 1724 ente
1393 1661 1592 1748 susceptum

176 1774 311 1871 imperii
328 1773 509 1865 diadema,
526 1785 560 1847 et
574 1774 743 1868 majestati
766 1781 881 1848 nostre
899 1773 1069 1847 attencins
1086 1774 1295 1870 supplicavit
1315 1783 1355 1847 nt
1369 1776 1591 1872 privilegium

176 1902 290 1996 ipsum
305 1900 451 1972 nuncin
466 1899 573 1974 nostri
589 1899 799 1973 sublimitate
813 1899 948 1996 imperii
962 1899 1130 1974 innovare
1145 1911 1179 1973 et
1197 1899 1400 1976 confirmare
1416 1900 1461 1976 de
1477 1913 1590 1976 nostre

175 2025 285 2117 gratia
303 2024 544 2119 dignaremur;
562 2025 661 2116 cujus
677 2023 849 2120 privilegii
865 2031 962 2096 tenor
979 2023 1057 2096 talis
1070 2033 1148 2096 est:

225 2148 417 2222 Fridaricns
433 2149 495 2222 Dei
514 2148 623 2244 gaba
642 2149 872 2222 Romanorum
890 2168 971 2240 rex,
986 2168 1122 2245 semper
1139 2157 1309 2242 angustus
1325 2157 1359 2221 et
1378 2169 1442 2222 rex
1459 2149 1586 2223 Sicilie.

174 2275 346 2369 (Sequitur
356 2275 576 2372 privilegium
592 2275 669 2367 jum
689 2296 793 2368 supra
810 2273 953 2346 relatum
972 2271 1018 2346 ad
1040 2295 1122 2346 ann.
1150 2274 1267 2364 l2l6‚
1292 2275 1314 2344 8
1332 2274 1536 2369 septembris
1558 2285 1589 2346 et

175 2401 215 2472 dc
232 2401 329 2472 verbo
353 2400 399 2472 cd
420 2401 555 2472 vetum
571 2399 622 2470 lo'c
642 2398 862 2495 retentum.)
880 2400 949 2472 Nos
971 2409 1088 2472 autem
1114 2398 1423 2494 supplicationibus
1445 2399 1589 2496 predicti

175 2525 330 2620 magistri
353 2525 538 2620 benignius
558 2523 731 2616 inclinati,
754 2523 961 2620 diligencius
985 2523 1203 2596 attendentes
1220 2523 1433 2597 honestatem
1457 2533 1491 2596 et
1514 2524 1590 2597 reli·

174 2650 312 2745 gionem
336 2649 545 2725 laudabilem
560 2650 636 2743 ejus
653 2657 688 2722 et
704 2649 847 2722 iratrnm
863 2669 1005 2720 snorum
1027 2669 1162 2720 necnon
1182 2656 1278 2741 grata
1300 2655 1335 2720 et
1357 2657 1496 2743 accepta
1517 2669 1588 2721 scr·

174 2777 266 2849 vicia
277 2798 346 2871 qne
362 2776 463 2849 nobis
478 2797 615 2872 semper
627 2774 863 2848 exbibuerunt
876 2782 910 2847 et
921 2773 1087 2847 exhibere
1102 2795 1170 2846 non
1183 2773 1348 2846 desinunt
1362 2772 1585 2866 incessanter,

174 2900 367 2997 predictum
384 2901 604 2998 privilegium
621 2897 666 2974 de
683 2899 896 2994 benignitate
910 2897 1010 2971 solita
1026 2897 1280 2988 confirmantes,
1292 2897 1407 2994 ipsum
1424 2899 1469 2973 da
1481 2900 1588 2972 verbo

173 3025 221 3100 ad
239 3027 385 3100 verbnm
401 3027 490 3100 sicut
512 3026 673 3123 superins
695 3026 932 3123 scriptumest
950 3024 1119 3117 iussimus
1137 3023 1307 3097 innovari.
1329 3022 1533 3098 Mandantes
1555 3035 1588 3098 et

174 3151 344 3245 presentis
358 3149 531 3247 privilegii
546 3150 747 3223 auctoritate
764 3147 906 3222 firmiter
926 3148 1147 3243 injungentes
1168 3148 1324 3220 utnulla
1343 3148 1483 3221 omnino
1509 3169 1587 3244 per·

173 3295 259 3348 sona
274 3297 381 3370 parve
397 3273 453 3346 vel
468 3273 627 3358 humilis,
643 3273 873 3346 ecclesiastica
888 3272 947 3345 vel
962 3271 1139 3362 secularis,
1157 3270 1298 3344 domum
1316 3269 1495 3367 hospitalis
1509 3293 1588 3368 pre·

174 3396 258 3471 dicti
276 3405 394 3471 contra
409 3395 498 3470 banc
512 3394 805 3470 confirmationem
820 3403 972 3470 nostram
992 3403 1027 3467 et
1040 3403 1193 3468 tenorem
1209 3395 1381 3491 privilegii
1398 3393 1586 3492 supradicti

174 3521 221 3596 de
241 3523 372 3619 prelato
397 3519 558 3618 hospitali
581 3521 677 3618 apud
700 3520 859 3615 Cillingin
876 3519 928 3618 (l)
947 3517 1135 3618 (Ellingin)
1158 3542 1247 3593 ausu
1268 3519 1448 3594 temerario
1473 3519 1588 3614 impe-

174 3647 251 3721 dire
272 3667 334 3720 sen
353 3647 535 3720 molestare
558 3654 746 3743 presumat.
772 3645 874 3732 Quod
896 3645 956 3740 qni
981 3644 1227 3740 presumpserit
1245 3644 1281 3716 in
1304 3666 1367 3716 sue
1391 3643 1588 3716 temeritatis

172 3771 363 3846 vindictam
388 3769 661 3866 indignationem
689 3777 902 3844 nostramet
927 3789 1052 3865 penam
1085 3777 1224 3842 centnm
1251 3769 1417 3842 librarum
1447 3767 1587 3840 eurise

174 3873 577 3984 novent'incursurum
598 3891 817 3967 medietatem
843 3913 978 3966 camere
1000 3900 1116 3966 nostre
1138 3902 1173 3966 et
1195 3893 1336 3966 alteram
1368 3892 1585 3966 medietatem

173 4019 328 4117 predicto
344 4019 503 4116 hospitali
523 4040 625 4116 passo
646 4017 807 4113 injuriam
829 4014 1106 4113 persolvendam.
1126 4015 1181 4089 Ad
1203 4017 1310 4108 hujus
1330 4025 1445 4089 anum
1461 4014 1586 4088 confir·

172 4143 334 4218 metionis
353 4153 388 4218 et
404 4141 635 4218 innovationis
657 4151 771 4217 nostre
787 4141 988 4215 memoriam
1004 4150 1040 4213 et
1055 4149 1256 4237 perpetuam
1276 4138 1488 4232 firmitatem,
1508 4161 1587 4235 pre·

171 4291 253 4343 sens
272 4267 490 4365 privilegium
505 4265 609 4340 scribi
622 4275 656 4339 et
672 4265 786 4359 sigillo
802 4265 989 4358 majestatis
1005 4272 1121 4336 nostre
1133 4263 1301 4356 jussimus
1314 4261 1533 4335 communiri.

209 4474 244 4548 (tl
263 4473 350 4530 Locus
372 4472 400 4529 in
420 4472 598 4529 instrumento
616 4471 716 4528 inserto
735 4470 805 4529 trina
821 4469 881 4530 vioe
905 4469 1042 4542 Gelllupr'u
1063 4474 1092 4524 et
1110 4467 1137 4523 in
1159 4467 1210 4524 bac
1229 4467 1287 4542 ipsa
1308 4463 1510 4524 confirmatione
1529 4465 1587 4524 Gil-

172 4571 265 4643 b'npiu
276 4585 388 4628 erroneo
401 4569 494 4643 ntique
508 4567 670 4640 nominatur,
687 4583 749 4626 cunr
762 4582 859 4625 nornen
872 4566 930 4639 ejus
944 4565 1088 4624 resumsit
1102 4565 1230 4638 Etlinpcu
1247 4564 1274 4621 in
1292 4563 1447 4646 episcopatu
1466 4562 1587 4622 llicbsta-

170 4668 265 4728 diano.
