4298 5898
549 643 610 705 tin
1051 639 1260 703 ruthenici
1286 641 1462 703 socoth!
1773 637 1853 716 [Ass.
1871 636 1950 698 lttt

551 800 631 852 cum
646 777 729 851 duci
744 775 894 866 Austris,
914 775 1105 870 lantgravio
1121 777 1309 873 Thuringie
1330 799 1372 851 ac
1389 775 1512 850 ceteris
1528 774 1744 872 principibus
1759 772 1953 847 nominatim

550 921 708 974 necnon
734 897 807 992 regi
834 898 983 994 Ungarie
1006 920 1048 972 ac
1072 898 1146 972 sois
1170 901 1389 994 magnatibus
1415 899 1463 973 ad
1485 900 1588 972 Terre
1611 900 1736 971 Sancte
1763 897 1953 970 subsidium

550 1023 744 1097 transituris
772 1021 992 1116 passagium,
1018 1022 1171 1115 victum,
1198 1025 1382 1118 pecuniam
1406 1032 1443 1096 ct
1472 1023 1541 1096 alic
1573 1022 1764 1096 necessaria
1790 1021 1826 1092 iu
1852 1042 1954 1114 regno

550 1157 666 1222 nostro
685 1148 868 1220 liberaliter
884 1146 1100 1234 exhibenda,
1118 1156 1221 1243 prout
1233 1147 1327 1222 idem
1339 1147 1503 1243 magister
1515 1168 1620 1242 quem
1638 1147 1685 1221 ad
1700 1155 1848 1220 vestram
1861 1149 1954 1240 prins

548 1273 755 1369 presentium
773 1270 987 1345 destinamus
1003 1281 1170 1367 proponet
1193 1273 1230 1344 in
1250 1279 1437 1368 conspectu
1454 1279 1570 1344 vestro
1589 1271 1728 1362 singula
1744 1269 1951 1364 singillatim.

550 1399 614 1471 Per
634 1419 740 1494 quem
762 1397 866 1470 etiam
888 1397 1025 1492 plenius
1046 1397 1240 1490 agnoscetis
1259 1394 1356 1492 qood
1381 1397 1524 1468 illustris
1547 1395 1875 1490 Hierosolymitanus
1895 1415 1954 1466 rex

549 1543 661 1620 nuper
678 1521 852 1617 scripserit
870 1521 970 1595 nohis
987 1531 1022 1594 et
1036 1521 1185 1616 qualiter
1200 1521 1237 1594 in
1254 1521 1428 1618 proposito
1449 1521 1494 1592 sit
1509 1519 1556 1594 cb
1573 1520 1640 1593 illis
1660 1519 1815 1615 partibus
1831 1516 1883 1614 (a)
1900 1541 1955 1592 re-

548 1643 710 1735 cedendi,
730 1665 792 1740 pro
809 1665 852 1717 so
869 1642 966 1739 quod
984 1667 1106 1740 parum
1125 1645 1174 1717 ihi
1193 1643 1349 1740 proficiat
1366 1665 1429 1740 pro
1444 1646 1582 1739 negotio
1599 1646 1701 1717 Terre
1720 1645 1855 1716 Sancte.
1873 1643 1954 1715 Num

550 1769 781 1866 predicatores
804 1770 865 1864 qni
890 1769 1072 1866 predicant
1094 1771 1240 1844 verbum
1267 1769 1385 1843 Crucis
1406 1770 1442 1841 in
1464 1777 1599 1842 tuntum
1624 1767 1886 1865 vilipendantur
1911 1769 1954 1840 ah

550 1893 728 1984 omnihus,
748 1902 822 1966 tum
838 1893 934 1987 quod
951 1893 1069 1967 infime
1084 1915 1230 1990 persone
1245 1895 1430 1984 videntur,
1449 1904 1522 1968 tum
1539 1893 1637 1989 quod
1651 1893 1781 1966 nullum
1805 1894 1951 1965 auctori·

551 2025 655 2088 tatem
675 2017 732 2088 vel
758 2016 911 2112 aliquam
933 2017 1024 2090 siout
1044 2019 1151 2091 moris
1174 2028 1226 2092 est
1248 2020 1284 2090 in
1309 2018 1436 2092 talibus
1459 2019 1611 2092 habeant
1633 2017 1816 2113 prestando
1839 2016 1953 2090 indul-

551 2141 667 2235 gentie
691 2149 913 2236 potestatem,
931 2143 1027 2238 quod
1047 2164 1117 2216 non
1138 2152 1190 2216 eet
1210 2143 1272 2238 qui
1296 2165 1356 2216 cos
1377 2143 1497 2218 audian
1516 2144 1574 2218 vcl
1591 2141 1757 2215 intendat.
1775 2143 1818 2214 Et
1832 2142 1951 2214 sicma

552 2266 699 2340 diversis
723 2267 876 2362 partibus
898 2268 993 2340 orbis
1011 2271 1181 2362 majorum
1197 2277 1232 2340 ot
1253 2269 1484 2364 potentiorum
1504 2267 1551 2342 ad
1574 2289 1639 2340 nos
1658 2267 1767 2340 littere
1788 2287 1952 2362 pervene-

553 2377 653 2483 runt,
663 2390 805 2464 videtur
819 2390 871 2464 cis
883 2392 979 2486 qood
994 2393 1137 2464 remisse
1154 2391 1199 2464 ab
1214 2391 1407 2465 ecclesiast
1423 2413 1444 2464 a
1459 2391 1561 2465 vohis
1579 2391 1628 2488 (t)
1650 2391 1686 2464 in
1708 2399 1803 2463 tanto
1823 2391 1952 2484 negotio

553 2515 772 2611 procedatur.
794 2516 972 2610 Magnetes
994 2516 1086 2588 enim
1108 2537 1293 2610 regnorum
1317 2516 1459 2589 Francis
1480 2524 1516 2588 et
1538 2516 1681 2609 hughe,
1702 2515 1792 2588 sicut
1814 2513 1952 2612 predicti

551 2640 643 2734 rogis
665 2638 898 2713 insinuatione
923 2643 1169 2734 cognovimus,
1190 2641 1320 2712 unllam
1344 2638 1508 2712 videntur
1529 2640 1743 2712 voluntatem
1765 2637 1890 2712 hahme
1911 2637 1951 2710 de

551 2763 669 2836 Crucis
683 2764 821 2858 negotio
834 2761 1058 2855 assumendo,
1072 2763 1140 2837 nisi
1154 2765 1251 2860 prius
1266 2773 1306 2836 ut
1319 2762 1437 2838 decuit
1450 2763 1538 2836 inter
1551 2771 1739 2858 utrumque
1754 2783 1900 2856 regnum
1914 2782 1952 2833 ea

551 2888 654 2960 luerit
674 2888 710 2959 in
724 2888 912 2983 longevum
926 2899 1047 2983 treuga
1061 2887 1195 2962 firmata
1213 2910 1284 2984 quo
1300 2909 1421 2962 secure
1437 2887 1487 2962 ire
1505 2887 1644 2962 valeant
1659 2897 1694 2962 et
1707 2887 1831 2961 redire.
1850 2887 1953 2960 Pleri-

551 3033 621 3105 que
641 3033 725 3085 vcro
747 3012 792 3086 de
814 3013 1064 3108 potentioribus
1082 3013 1206 3109 Anglie
1229 3013 1290 3110 qui
1316 3013 1482 3109 prolicere
1500 3021 1639 3110 possent
1660 3012 1697 3086 in
1719 3013 1859 3086 servitio
1878 3013 1953 3085 lesu

552 3134 677 3207 Christi
693 3145 728 3208 et
748 3137 831 3208 olim
857 3148 1114 3234 assumpserant
1140 3139 1280 3234 signum
1303 3137 1438 3231 Crucis,
1459 3138 1668 3234 pretendunt
1689 3159 1726 3212 se
1750 3159 1771 3212 a
1791 3139 1890 3212 vohis
1912 3138 1953 3212 de

553 3259 672 3332 Crucis
696 3259 884 3333 ministerio
904 3261 1096 3353 absolutos,
1119 3269 1154 3334 et
1175 3263 1225 3335 sic
1247 3263 1350 3358 pauci
1374 3263 1430 3336 vol
1453 3263 1541 3334 nulli
1563 3271 1645 3334 sunt
1664 3262 1726 3357 qui
1756 3285 1819 3359 per
1841 3283 1953 3336 omnes

554 3383 749 3479 provincias
772 3385 848 3456 illas
865 3407 954 3480 quas
979 3385 1095 3459 dictus
1118 3408 1182 3459 rex
1207 3385 1334 3460 dicitnr
1355 3409 1577 3482 peragrasse,
1596 3387 1704 3460 veiint
1726 3409 1763 3460 sc
1780 3385 1827 3461 ad
1843 3387 1952 3460 Crucis
2048 3471 2051 3476 ¹

553 3508 780 3582 ministerium
801 3532 996 3607 preparare.
1024 3513 1093 3586 Nos
1113 3513 1219 3607 igitur
1244 3513 1329 3586 tanti
1357 3513 1485 3606 negotii
1509 3513 1582 3586 nelo
1603 3512 1700 3586 ducti
1716 3511 1869 3608 predicto
1886 3512 1953 3605 regi

552 3653 683 3706 moram
701 3655 762 3730 per
775 3636 905 3711 litteras
921 3644 1054 3710 nonnas
1071 3637 1108 3709 in
1127 3637 1283 3734 partibus
1300 3637 1368 3710 illis
1383 3637 1617 3733 persuasimus
1630 3637 1837 3732 longiorem,
1855 3659 1950 3732 quem

592 3807 634 3888 (a)
657 3809 860 3872 verisimiliter
872 3809 910 3871 ab
923 3809 1108 3873 Akmonia.

590 3913 630 3995 (b)
650 3917 684 3977 ln
698 3919 842 3995 lmprcsso
855 3917 951 3992 uobis,
966 3921 1059 3994 mole,
1074 3935 1168 3998 quum
1183 3935 1289 3980 sensus
1301 3919 1380 3980 clere
1394 3915 1470 3980 cobis
1481 3919 1602 3982 lndlcet.

552 4187 707 4246 »continuo
723 4187 840 4246 Phsmm
858 4188 1013 4264 disponeret
1031 4191 1145 4250 transire
1166 4197 1194 4250 et
1214 4208 1309 4252 versus
1329 4193 1485 4254 Teutonism
1506 4195 1598 4255 venire
1615 4203 1722 4256 etcum
1739 4200 1905 4274 principibus
1921 4201 1951 4258 ds

553 4305 566 4338 n
581 4301 709 4361 processo
720 4301 770 4344 suo
782 4292 811 4345 et
821 4287 918 4346 Terrae
929 4287 1044 4347 Sanctae
1056 4289 1165 4363 negotio
1177 4291 1419 4352 ordinarevorum
1428 4293 1540 4352 audiens
1551 4294 1696 4369 imperator
1704 4295 1864 4356 Samaosms
1874 4299 1951 4373 quiin

552 4404 567 4436 ι
582 4389 674 4442 monte
685 4383 795 4445 Platano
808 4385 917 4460 (Pium)
929 4387 1052 4446 habitant
1062 4388 1130 4446 vella
1141 4403 1172 4447 se
1181 4405 1246 4448 snae
1260 4391 1362 4464 gratias
1372 4391 1529 4466 subjugare,
1544 4392 1620 4451 misit
1629 4409 1680 4468 pro
1693 4396 1855 4454 mmsscslco
1869 4395 1954 4454 sicin

553 4501 566 4534 n
582 4481 720 4541 obsidione
732 4485 890 4554 constituto,
905 4485 998 4543 volsus
1008 4485 1044 4543 ah
1060 4503 1093 4545 ao
1109 4486 1269 4561 investigare
1288 4487 1322 4546 ds
1344 4493 1416 4548 statu
1437 4491 1643 4550 Sarraceuomm
1654 4491 1815 4567 diligentius.
1826 4493 1869 4551 Ob
1879 4509 1954 4568 qoam

553 4599 566 4630 ι
582 4593 691 4638 canem
707 4579 824 4639 Pharum
842 4583 956 4641 transire
969 4583 1085 4656 distulit,
1101 4585 1189 4658 ipsum
1207 4585 1388 4644 llarmannum
1403 4589 1571 4662 praedictum
1586 4606 1636 4664 pro
1647 4589 1760 4648 Sanctam
1774 4591 1871 4649 Terrae
1884 4593 1954 4667 prin·

553 4675 660 4750 »cipali
682 4677 795 4736 tuitione
819 4695 852 4736 ac
876 4680 982 4754 imperii
1005 4683 1122 4756 negotiis
1145 4683 1173 4740 in
1196 4684 1378 4744 Alamanniam
1401 4687 1583 4761 praemittens
1609 4707 1622 4740 s
1644 4689 1768 4748 Gonnrn.
1788 4689 1901 4761 Coros,
1923 4690 1954 4746 ad

550 4789 614 4832 sun.
631 4777 715 4846 inst,
729 4789 771 4850 ap
789 4777 938 4850 Bonum
952 4779 1063 4852 Fontes,
1077 4786 1097 4838 t.
1113 4781 1153 4853 11,
1170 4799 1195 4857 p
1213 4785 1277 4843 ³55.
