4298 5898
226 554 324 614 lantcr.
343 549 405 628 la]
685 542 882 606 HISTORIA
908 542 1202 605 ulammaulas.
1587 537 1649 600 493

227 687 367 776 nensis,
395 681 565 758 ilenricus
589 679 794 754 Basileensis
822 680 994 778 episcopi,
1024 683 1125 776 Ilugo
1152 677 1385 754 ltlorhacensis
1407 675 1535 768 abhas,
1560 675 1647 746 Wil-

227 811 352 884 lelmus
378 829 494 882 comes
522 805 777 895 Gabennensis,
811 827 928 881 comes
955 807 1170 904 Stephanus,
1202 802 1392 899 Diepoldus
1421 798 1576 872 marchio
1602 799 1647 873 da

227 934 470 1027 Hohemburg,
483 930 658 1004 Gerardus
670 951 786 1004 comes
798 929 842 1005 de
857 931 958 1022 Diok,
971 931 1170 1006 Everardus
1182 926 1256 1026 (sic)
1271 928 1437 1025 pincerna
1450 924 1496 999 de
1506 923 1644 1015 Schitla,

227 1057 425 1133 Everardus
438 1057 571 1152 dapifer
580 1055 785 1150 dellalpnrg
796 1065 831 1128 et
843 1057 901 1128 alii
912 1058 1148 1153 quamplures.
1161 1055 1285 1128 Actum
1300 1074 1391 1126 auno
1404 1051 1577 1124 dominice
1591 1051 1649 1122 in-

228 1184 437 1258 carnationis
453 1181 662 1258 ntccxxtv.
684 1182 757 1254 Hoc
775 1188 829 1254 est
849 1181 990 1275 signum
1003 1182 1140 1255 llenrici
1156 1179 1292 1276 septimi
1308 1179 1539 1250 Romanorum
1557 1176 1649 1270 regis

229 1437 355 1526 nuarii,
378 1434 568 1509 indictione
583 1432 718 1506 decima
732 1431 850 1504 tercia.

276 1562 346 1633 Nos
377 1568 491 1632 autem
525 1557 762 1652 predictorum
790 1555 915 1629 decani
943 1564 978 1628 et
1005 1555 1146 1652 capituli
1181 1555 1343 1652 precihus
1367 1553 1541 1643 inclinati,
1568 1576 1648 1650 pre·

228 1685 362 1760 dictum
379 1684 601 1781 privilegium
620 1683 712 1755 sicut
726 1681 772 1754 de
793 1682 901 1755 verbo
922 1681 1131 1756 adverbum
1153 1681 1312 1777 superins
1334 1680 1501 1775 scriptum
1518 1687 1570 1752 est
1587 1681 1648 1752 be·

231 1813 373 1905 nignius
399 1811 647 1906 approbantes,
678 1810 793 1904 ipsum
824 1807 1046 1905 privilegium
1074 1818 1110 1880 et
1135 1829 1177 1880 ea
1199 1828 1269 1903 qua
1294 1806 1514 1878 continentur
1537 1805 1573 1877 in
1604 1829 1646 1880 eo

223 1937 389 2030 jamdicta
407 1934 557 2007 Tullensi
578 1934 723 2008 ecclesie
745 1933 791 2008 do
806 1933 1020 2007 liberalitatis
1042 1943 1158 2006 nostre
1178 1933 1288 2028 gratia
1301 1931 1559 2024 confirmamus,
1576 1943 1647 2005 sta·

227 2072 364 2134 tuentes
378 2069 413 2134 et
427 2060 494 2132 snb
509 2060 651 2135 obtentu
671 2058 781 2154 gratie
799 2067 914 2132 nostre
930 2058 1083 2132 strictius
1098 2059 1320 2154 injungentes
1335 2066 1375 2130 ut
1390 2057 1484 2130 nulla
1503 2057 1646 2131 omnino

227 2207 375 2281 persona
400 2206 527 2278 magna
555 2185 611 2256 vel
639 2183 798 2276 humilis,
826 2184 1060 2258 ecclesiastica
1080 2185 1136 2257 vel
1162 2183 1345 2275 secularis,
1373 2185 1541 2280 prolatam
1566 2184 1645 2257 Tul·

227 2309 357 2381 lensem
379 2309 559 2382 ecclesiam
580 2331 686 2404 snper
703 2308 758 2382 his
777 2311 940 2382 omnibus
959 2331 1030 2404 que
1053 2309 1090 2381 in
1111 2309 1204 2382 dicto
1226 2308 1407 2403 privilegio
1426 2309 1646 2382 continentur

228 2455 316 2506 ausu
346 2434 528 2506 temerario
557 2434 738 2508 molestare
767 2444 956 2530 presumat.
984 2433 1087 2519 Quod
1115 2434 1177 2529 qui
1209 2433 1456 2529 presumpserit
1483 2433 1645 2528 indigna·

229 2558 356 2632 tionem
375 2568 577 2632 nostramet
593 2581 717 2653 penam
734 2567 873 2632 centnm
889 2560 1057 2632 librarum
1076 2558 1185 2652 [auri]
1204 2581 1241 2632 se
1254 2558 1390 2632 noverit
1406 2557 1642 2653 incursurum,

229 2705 376 2778 quarum
395 2682 563 2756 medietas
582 2703 718 2754 camere
737 2690 871 2775 nostre,
890 2683 996 2756 altera
1021 2682 1131 2776 passis
1147 2681 1309 2774 injuriam
1334 2681 1561 2776 persolvatur.
1587 2682 1644 2757 Ad

228 2806 333 2900 hujus
348 2815 463 2880 autam
480 2805 740 2903 approbationis
768 2815 802 2882 ot
827 2805 1097 2880 confirmationis
1123 2815 1240 2879 nostre
1262 2806 1462 2881 memoriam
1481 2817 1515 2880 et
1540 2808 1645 2882 robur

228 2941 394 3029 perpetuo
424 2933 637 3026 valiturum,
672 2955 813 3030 presens
841 2933 1064 3031 privilegium
1100 2931 1176 3006 fieri
1205 2943 1241 3007 et
1266 2933 1363 3006 bulla
1391 2955 1497 3006 aurea
1522 2935 1646 3032 tipario

229 3055 364 3150 [nostre
381 3059 588 3153 majestatis]
607 3059 776 3154 impressa
788 3061 958 3152 jussimus
978 3058 1198 3132 communiri.

276 3183 388 3274 Hujus
412 3192 527 3256 autem
550 3183 600 3256 rei
630 3192 733 3257 testes
763 3192 844 3256 sunt
868 3185 988 3258 Laudo
1012 3183 1220 3259 venerabilis
1242 3185 1448 3279 Baginensis
1472 3186 1644 3284 archiepi-

228 3327 424 3401 scopus,...
456 3306 726 3402 Bamburgensis
750 3308 1001 3405 opiscopus‚...
1030 3309 1269 3403 Euburgensis
1293 3307 1345 3405 (α)
1368 3310 1573 3406 episcopus,
1598 3314 1641 3384 ll.

228 3431 391 3525 magister
409 3431 533 3504 domus
549 3434 673 3505 Sancte
697 3433 803 3506 Maria
823 3432 1114 3506 Theutonioorum
1131 3433 1167 3504 in
1184 3433 1384 3526 Jerusalem,
1403 3435 1444 3508 R.
1466 3435 1542 3509 dux
1558 3439 1646 3533 Spo-

228 3554 302 3648 leti,
321 3577 438 3629 comes
455 3558 499 3630 de
516 3557 709 3652 Eberstein,
728 3580 844 3631 comes
860 3559 1080 3653 Acerrarum‚
1099 3558 1291 3633 Richardus
1308 3561 1517 3634 camerarius
1534 3571 1569 3636 et
1587 3565 1646 3636 alii

228 3681 464 3775 quamplures.

268 3804 421 3898 ‚Signum
447 3805 579 3878 domini
602 3805 777 3879 Frederici
799 3805 944 3881 secundi
968 3807 1030 3880 Dei
1056 3807 1164 3902 gratia
1182 3807 1398 3880 invictissimi
1417 3811 1647 3886 Romanorum

228 3927 492 4025 [imperatoris],
513 3953 649 4027 semper
667 3931 807 4025 augusti
822 3941 857 4005 et
872 3931 965 4027 regis
982 3933 1110 4006 Sicilie.
1131 3929 1428 4031 (Monoprommo.)

267 4100 308 4186 (a)
327 4106 376 4168 Sic
388 4108 420 4168 tn
433 4107 568 4188 dnobus,
578 4107 632 4170 aad
645 4125 781 4185 erronee,
794 4125 891 4187 quum
904 4109 983 4172 clare
995 4109 1150 4188 legendum
1164 4112 1202 4171 alt
1213 4108 1468 4192 Merctor-penso.

228 4397 372 4474 episcopos
386 4399 570 4474 augustenses
590 4401 801 4461 Tarentasiensis
813 4403 967 4478 provinciae
979 4405 1075 4478 (loeta)
1086 4411 1209 4464 auctores
1222 4404 1331 4464 Galliae
1342 4403 1509 4464 electiones
1521 4423 1651 4466 annume-

230 4501 304 4564 rant,
318 4501 340 4553 t.
353 4497 422 4570 Xll,
436 4515 466 4572 p.
479 4503 542 4557 843.
557 4500 647 4571 Quum
665 4507 757 4560 autern
777 4501 881 4560 nullum
901 4502 972 4562 aliud
991 4503 1074 4562 robor
1091 4520 1156 4562 suae
1172 4503 1291 4578 opinioni
1305 4504 1447 4578 adJiciant,
1461 4504 1529 4565 istos
1544 4523 1651 4568 errasse

230 4592 393 4763 ppbitrprpnr
414 4601 443 4654 et
466 4595 594 4656 Sitridnm
619 4615 674 4657 non
697 4599 778 4658 alium
799 4615 861 4658 esse
884 4599 936 4658 nisi
963 4600 1120 4676 episcopum
1144 4602 1257 4660 civitatis
1278 4601 1416 4676 Augustae
1440 4603 1512 4678 apud
1536 4604 1651 4664 aarum

267 4709 315 4766 aps
352 4693 408 4767 η).
