4272 5886
572 524 633 588 560
1074 521 1288 586 lutosam!
1313 523 1490 588 SEClllllll
1799 527 1882 613 [dn.
1901 529 1988 591 lm

570 660 682 760 pessis
701 659 864 752 injuriam
885 656 1160 756 persolvendam.
1179 661 1224 734 Ut
1246 671 1363 736 antem
1388 661 1455 736 lieo
1471 671 1587 737 nostra
1609 663 1775 760 protectio
1798 674 1834 738 et
1855 665 1989 738 contir-

570 786 676 860 matio
691 794 766 860 rata
781 806 917 882 semper
936 793 972 858 et
992 785 1196 860 inconvulsa
1215 798 1426 884 pomaneat,
1451 811 1593 886 presens
1609 789 1832 886 privilegiam
1854 788 1931 864 lieri
1954 801 1990 863 et

569 912 684 1008 sigillo
700 911 886 1006 mejestatis
902 920 1017 984 nostre
1026 909 1195 1002 jussimus
1210 915 1429 987 communiri.

617 1038 729 1130 Hujus
742 1045 858 1109 eutem
870 1035 920 1108 rei
936 1045 1039 1108 testes
1057 1045 1140 1108 snnt
1155 1035 1317 1112 eilbertus
1329 1039 1637 1134 magdeburgensis
1651 1049 1686 1114 et
1700 1040 1822 1114 lando
1834 1041 1987 1131 Reginus

568 1162 860 1258 archiepiscopi„
885 1214 895 1232 .
918 1159 1461 1257 .Cnrensisepisoopnsetablres
1470 1165 1586 1238 Sancti
1595 1165 1700 1254 Galli,
1722 1217 1732 1236 .
1755 1221 1765 1236 .
1790 1164 1982 1252 .Cioensis,

568 1288 717 1364 lacobus
741 1285 979 1376 laurinensis,
1004 1285 1255 1382 Maynardinns
1281 1287 1476 1361 Ymolensis
1502 1289 1676 1384 episcopi,
1706 1289 1786 1362 dnx
1812 1289 1983 1375 Saxonie,

568 1413 769 1511 Raynaldns
790 1413 867 1486 dnx
884 1411 1032 1508 Spoleti,
1052 1409 1097 1482 Α.
1118 1411 1271 1486 marchio
1287 1413 1455 1506 Estsnsis,
1472 1435 1588 1487 comes
1603 1413 1777 1487 Gnnoerns
1795 1414 1843 1487 dc
1861 1414 1986 1499 Qnen-

569 1541 682 1615 robert
698 1538 761 1636 (a),
781 1559 897 1612 onmes
915 1538 956 1610 ll.
977 1537 1023 1610 de
1040 1536 1285 1626 Ravenshnrc,
1307 1540 1477 1612 consess.
1499 1540 1545 1614 de
1563 1541 1698 1613 Vienna
1717 1549 1753 1612 et
1773 1539 1833 1612 alii
1853 1561 1985 1632 quarn-

571 1665 699 1760 plures.

618 1791 764 1885 Signum
790 1787 922 1862 domini
945 1786 1106 1862 Friderici
1127 1788 1271 1862 soenndi
1296 1789 1358 1861 Dei
1379 1790 1489 1884 gratia
1510 1788 1728 1862 invictissimi
1750 1789 1982 1861 Romanorum

570 1914 797 2011 imperatoris,
812 1935 949 2010 semper
962 1913 1117 2008 angusti,
1135 1915 1324 1988 Jerusalem
1340 1923 1376 1988 et
1392 1915 1508 1988 Sicilie
1524 1914 1627 2010 regis.
1642 1913 1932 2011 (Moooprommo).

618 2040 703 2114 Acta
721 2048 803 2112 sunt
819 2040 884 2112 heo
899 2059 993 2112 enno
1014 2038 1186 2113 dominice
1204 2039 1448 2113 incarnationis
1466 2040 1647 2113 millesimo
1665 2039 1902 2113 ducentesimo
1920 2041 1981 2112 ri-

572 2166 701 2242 oesimo
715 2174 835 2248 sexto,
852 2183 971 2236 mense
982 2163 1119 2260 aprilis,
1138 2164 1394 2258 quartedeeime
1408 2165 1619 2256 indictionis,
1641 2165 1851 2261 [imperante
1864 2165 1979 2238 Fride·

568 2293 678 2384 riool,
699 2291 760 2364 Ilei
783 2289 894 2386 gratia
910 2288 1138 2362 invictissimo
1157 2290 1388 2362 Romanorum
1409 2291 1634 2386 imperatore,
1655 2311 1791 2386 semper
1813 2301 1977 2384 angusto,

566 2417 754 2494 Jerusalem
770 2424 805 2488 et
819 2414 936 2488 Sicilie
952 2435 1051 2509 rege,
1068 2435 1160 2488 anno
1175 2415 1318 2488 Romani
1335 2415 1468 2511 imperii
1486 2415 1563 2507 ejns
1579 2425 1692 2508 sexto,
1709 2415 1848 2510 [regni]
1865 2417 1979 2488 Sidlie

566 2542 733 2617 vicesimo
746 2549 891 2630 octavo,
912 2539 1070 2614 feliciter.
1087 2538 1212 2613 Amen.

613 2669 739 2742 Datum
756 2665 853 2763 apud
870 2666 1087 2757 Ravennam,
1105 2685 1210 2759 anno,
1231 2685 1350 2738 mense
1366 2673 1400 2738 et
1413 2663 1603 2740 indictione
1618 2665 1829 2763 prescriptis.

380 3331 521 3440 mmm,
616 3307 853 3414 Fridericns,
873 3305 1134 3392 Romanorum
1157 3307 1383 3417 imperator,
1408 3307 1590 3393 Herluino
1612 3305 1849 3394 Musteriensi
1872 3305 1973 3418 (Te-

412 3442 486 3496 ⁸¹²¹¹¹¹·
560 3441 805 3553 rentasiensi)
835 3441 1118 3551 archiepiscopo
1144 3441 1386 3553 privilegium
1412 3441 1564 3526 Henrici
1594 3441 1833 3552 imperatoris
1860 3439 1971 3550 patris
2131 3423 2133 3440 ⁴

562 3577 622 3660 sui
644 3577 768 3660 eidem
798 3576 978 3660 ecclesiae
1003 3576 1197 3660 indultum
1218 3587 1377 3662 renovat
1402 3585 1440 3661 et
1465 3577 1686 3679 confirmat,
1709 3575 1915 3686 sonticpre
1934 3585 1972 3656 nt

560 3709 664 3796 hona
684 3711 946 3795 decedentium
972 3711 1343 3821 archiepiscoporum
1369 3712 1516 3824 integre
1538 3710 1820 3794 suecessoribus
1844 3735 1969 3794 eorum

561 3854 813 3930 reserventur.

643 4065 739 4141 (Edit.
761 4067 793 4126 tn
813 4061 913 4125 Gallia
934 4063 1113 4140 meno,
1133 4069 1158 4126 t.
1177 4065 1253 4141 llll,
1276 4081 1308 4143 p.
1333 4073 1405 4127 set.
1427 4064 1510 4141 Qnac
1532 4065 1565 4124 ln
1580 4065 1735 4143 prlrlleglo
1754 4063 1876 4124 llenrld
1897 4061 1966 4122 santi

681 4171 805 4234 deerant
815 4172 1018 4251 snpplcrlrnns
1030 4189 1070 4234 ex
1084 4173 1238 4252 prlrllcglo
1250 4171 1392 4236 Frldoelcl
1403 4174 1503 4252 prtrnt,
1516 4170 1603 4245 ibid,
1613 4188 1644 4250 p.
1662 4169 1746 4251 set.)

609 4364 649 4434 ln
666 4363 806 4435 nominc
826 4370 944 4435 sancte
964 4371 999 4434 et
1019 4359 1203 4435 individue
1224 4360 1411 4434 Trinitatis.
1435 4359 1637 4434 Fredericus
1660 4359 1836 4433 secundos
1853 4356 1963 4431 divina

561 4486 698 4559 favente
717 4487 897 4560 clementia
913 4488 1144 4559 Romanorum
1160 4486 1358 4582 imperator,
1378 4508 1514 4582 semper
1529 4495 1718 4581 augustus,
1736 4483 1918 4557 Jerusalem
1933 4489 1965 4550 et

604 4660 646 4740 (a)
668 4663 717 4725 Slc
729 4679 783 4741 pro
797 4661 971 4741 Quonim
983 4669 1018 4726 nt
1029 4665 1061 4724 ln
1073 4664 1179 4739 altero,
1193 4663 1304 4726 scillcet
1316 4661 1506 4744 semino.
1555 4729 1560 4737 ,
