4296 5898
214 608 312 669 imru.
331 604 392 684 10.]
664 603 865 666 HISTORIA
891 605 1184 670 pinnamellari.
1573 602 1635 665 249

213 766 304 824 oum
321 765 367 824 eo
385 746 514 844 erant3
532 737 667 847 etipse
685 737 846 824 feelinm
866 739 906 822 in
929 739 1097 825 Siciliam
1119 766 1292 826 reuersus
1312 747 1382 824 est.
1398 784 1454 804 —
1466 737 1566 821 Rrec.
1588 761 1634 818 ns

214 873 256 956 S.
279 873 419 980 Grau,
436 871 627 978 chronia,
642 875 695 954 ad
712 899 801 955 aun.

270 1515 503 1625 Friderious,
523 1516 785 1602 Romanorum
812 1519 1038 1628 imperator,
1063 1525 1221 1601 renovat
1242 1527 1279 1600 et
1305 1517 1507 1601 confirmat
1524 1519 1634 1602 Petro
1701 1535 1759 1619 ¹¹„

215 1649 393 1760 episeopo
419 1651 643 1736 Massiliensi
670 1651 913 1763 privilegium
939 1649 1047 1734 alteri
1069 1649 1247 1759 episeopo
1270 1649 1436 1734 nominis
1463 1649 1634 1760 ejusdem
1764 1642 1778 1674 ⁰

217 1782 268 1866 ab
288 1784 515 1894 imperatore
532 1784 722 1870 Friderioo
739 1785 865 1895 primo
884 1810 955 1868 avo
972 1811 1042 1868 suo
1060 1783 1274 1890 indultum,
1295 1810 1396 1868 anno
1417 1788 1521 1902 illici
1539 1809 1634 1894 sep-

217 1916 313 1999 timo
330 1917 477 2002 decimo
495 1918 557 2002 die
574 1919 725 2029 aprilis,
740 1919 781 2001 in
799 1945 878 2029 quo
897 1919 1156 2029 possessiones
1173 1916 1291 2028 hujus
1308 1918 1547 2028 episcopatus
1565 1944 1635 2002 re-

217 2060 421 2136 censentur
437 2079 508 2136 nea
525 2078 603 2137 non
620 2062 658 2137 et
675 2053 798 2139 multa
811 2053 902 2165 jura
919 2051 1182 2140 conferuntur.

302 2293 424 2365 (lnedlt.
438 2312 477 2356 ex
494 2295 573 2358 arab.
588 2296 765 2375 praeieetur.
781 2296 909 2370 Masail.;
924 2298 993 2360 coll.
1008 2299 1042 2358 in
1059 2297 1155 2358 tribus
1172 2295 1407 2374 exemplaribus:
1429 2304 1457 2357 1ο
1470 2297 1555 2358 ltere
1568 2295 1639 2359 eard

339 2399 375 2461 da
387 2398 534 2479 tndem,
549 2405 602 2468 iol.
616 2415 630 2467 1
646 2413 742 2480 reeta,
757 2422 796 2467 ax
806 2407 890 2484 eopia
898 2425 907 2480 ;
928 2414 960 2466 2ο
969 2405 1104 2488 Parparia
1119 2402 1268 2474 deserta,
1283 2413 1317 2465 n⁰
1329 2411 1383 2477 29,
1399 2421 1438 2464 ex
1451 2411 1637 2482 transumpto

339 2511 450 2572 menate
467 2513 567 2589 aprilis
583 2521 678 2588 12443
694 2521 725 2574 ³⁰
740 2515 845 2594 neque.
863 2529 947 2592 epea,
961 2511 1015 2574 iol.
1030 2521 1066 2574 is
1081 2519 1111 2573 et
1130 2512 1433 2572 16.—idemoratum
1445 2527 1495 2590 ap.
1511 2513 1638 2591 Peyrase

341 2615 464 2696 (aebeat
480 2619 557 2681 bibl.
574 2617 771 2700 carpentur.)‚'
782 2625 885 2699 regat
902 2627 957 2694 rt,
973 2620 1033 2680 vol.
1049 2619 1090 2692 Π,
1105 2617 1159 2680 iol.
1177 2626 1226 2680 12.
1240 2620 1276 2680 ln
1287 2623 1476 2695 nausnmpto
1486 2617 1568 2698 quod
1580 2619 1638 2679 lete

340 2723 416 2786 vidit
429 2725 634 2804 appendebant
646 2731 759 2806 septem
771 2727 867 2806 sigilla
880 2742 965 2790 aerea
977 2742 1047 2788 eum
1064 2725 1124 2788 illis
1140 2727 1259 2800 sericis,
1273 2726 1418 2805 imagines
1431 2727 1638 2804 epuooporam

340 2833 523 2910 exhibentia,
536 2836 570 2895 in
581 2840 671 2897 ovata
683 2840 713 2897 et
726 2841 814 2897 acuta
826 2832 947 2916 forma.)

270 3045 465 3120 Fridericus
486 3046 664 3122 secundus
687 3047 808 3122 divina
827 3050 967 3123 favente
988 3048 1170 3122 elementia
1187 3047 1420 3121 Romanorum
1438 3048 1637 3145 imperator,

220 3192 357 3267 semper
385 3181 556 3267 augustus
578 3181 614 3246 et
638 3195 702 3246 rex
728 3172 857 3246 Sicilie.
888 3173 945 3246 Ex
975 3172 1226 3246 cousuetudine
1249 3171 1437 3269 imperialis
1458 3171 1640 3246 clementie

224 3500 239 3536 ι
254 3479 327 3540 misit
337 3479 423 3540 illium
433 3496 527 3554 aarum
537 3481 587 3540 eod
595 3495 658 3540 orm
666 3481 788 3540 obtinere
800 3497 860 3540 eam
871 3496 926 3541 aon
934 3485 1036 3556 posset,
1048 3484 1146 3540 eontra
1153 3480 1244 3556 ipsum
1250 3481 1440 3560 imperatorem
1451 3496 1482 3540 ee
1489 3481 1518 3539 in
1526 3481 1640 3540 Rectam

225 3595 240 3632 a
253 3577 350 3654 resipit
361 3579 498 3653 tingendi,
514 3579 651 3639 eomitissa
661 3596 744 3639 uxore
755 3595 805 3639 sue
818 3580 847 3637 in
857 3581 946 3638 Rosea
956 3579 1048 3654 Bojeni
1062 3579 1209 3638 constituta
1221 3585 1250 3638 et
1260 3578 1354 3638 relicta
1367 3594 1431 3637 eum
1444 3579 1512 3638 suis.

262 3673 371 3745 »[ὓίιω
383 3675 486 3750 primos
495 3692 603 3736 meuses
611 3693 675 3736 anu.
687 3677 780 3752 tastu
791 3677 920 3751 bojanum
928 3677 1085 3751 imperatori
1098 3693 1129 3736 ee
1143 3676 1275 3747 reddidit,
1287 3675 1335 3734 ubi
1349 3692 1411 3734 eum
1423 3675 1539 3736 bunnae
1548 3676 1641 3734 eomi-

226 3791 242 3826 ι
256 3779 332 3831 tatus
348 3773 396 3848 qui
416 3773 572 3849 imperatori
583 3790 696 3834 manum
710 3775 839 3834 dederent
849 3781 944 3834 eontra
960 3775 1090 3833 Thomam
1104 3773 1195 3833 Gelam
1207 3779 1235 3832 at
1244 3774 1341 3833 dialisii
1356 3775 1482 3832 comitem
1496 3775 1643 3833 convenis·

227 3888 242 3922 »
256 3875 333 3943 sent,
346 3885 438 3930 eomes
452 3886 535 3946 anper
547 3887 594 3931 eos
606 3872 667 3948 ipse
678 3873 784 3932 inuans
796 3874 825 3931 in
839 3873 929 3947 lugam
939 3873 1024 3931 vertit
1033 3872 1157 3944 eosdem,
1174 3872 1304 3945 bojanum
1315 3871 1465 3930 eombussit
1477 3877 1505 3930 et
1518 3873 1552 3929 de
1569 3871 1641 3930 illim

227 3967 418 4028 »riuudbue
437 3969 553 4030 nomam
570 3971 663 4047 Bojani
681 3971 811 4044 munirb,
831 3985 941 4030 uxorem
961 3985 1039 4030 suam
1062 3969 1226 4030 comitissam
1239 3985 1331 4029 maun
1351 3968 1453 4028 duoene
1473 3967 1509 4026 ad
1525 3969 1642 4028 ltoeeam

228 4082 242 4117 a
256 4066 388 4140 mgnum

265 4183 279 4218 e
292 4163 419 4234 [rhomae
430 4165 464 4224 de
474 4165 592 4243 dqrrino]
600 4167 760 4226 deauramus
771 4181 862 4226 eomes
875 4165 998 4244 [mamus
1007 4165 1169 4240 lustitiariue
1178 4164 1288 4242 Apuliae
1302 4172 1330 4224 et
1341 4166 1438 4224 Terrae
1449 4163 1571 4240 babone]
1580 4180 1643 4224 eum

228 4279 243 4315 a
258 4262 388 4336 imputati
400 4264 519 4322 exerdtu
531 4265 648 4324 Roseam
656 4264 749 4339 bujani
762 4265 855 4324 adiens
864 4265 937 4323 illam
951 4269 1039 4323 arelat
1051 4271 1079 4323 et
1089 4264 1204 4324 obsidet.
1220 4265 1274 4336 Qui
1282 4279 1342 4322 eam
1356 4279 1407 4339 per
1419 4265 1643 4339 oompoeitionem

227 4377 243 4412 ι
258 4359 385 4419 obtinens
394 4376 445 4437 pro
458 4361 518 4436 ipse
529 4361 702 4438 imperatore,
715 4362 803 4422 dinae
813 4363 921 4422 Raucae
930 4362 1055 4437 blegenui
1068 4363 1096 4422 in
1114 4379 1168 4438 qaia
1185 4363 1275 4422 dietus
1288 4377 1381 4422 eomes
1395 4361 1514 4422 Thomas
1526 4377 1557 4422 ee
1569 4379 1644 4423 reee-

229 4474 243 4509 ι
257 4463 334 4532 perat
347 4457 515 4519 ohsidionem
527 4467 615 4537 parat.

266 4572 280 4607 r
296 4551 425 4614 (lebnam
435 4557 590 4633 imperatori
602 4575 633 4618 se
645 4558 772 4628 reddidit,
790 4558 953 4634 quibusdam
964 4557 991 4616 in
1003 4558 1070 4616 turri
1082 4557 1173 4618 Gelam
1186 4566 1216 4617 et
1226 4558 1255 4616 in
1266 4557 1383 4617 Obinulo
1394 4574 1425 4618 ee
1437 4558 1473 4617 ad
1487 4559 1646 4620 fidelitatem

231 4669 246 4705 a
259 4653 366 4711 uomitu
376 4653 472 4714 lloliaii
485 4656 691 4732 redpientibus3
703 4663 816 4733 propter
827 4657 900 4732 quod
911 4656 1074 4716 Gelonem
1089 4657 1259 4732 imperatoris
1271 4662 1380 4732 gentem
1395 4657 1424 4715 in
1440 4673 1520 4716 suum
1537 4674 1648 4717 succur-

231 4767 246 4803 a
260 4765 322 4808 mm
334 4758 446 4826 vocant,
461 4769 524 4813 eram
536 4770 591 4830 qua
603 4755 700 4814 turrim
713 4756 801 4832 ipsam
812 4755 999 4831 aggrediemes
1007 4754 1120 4816 viriliter
1132 4755 1159 4814 ri
1172 4771 1232 4816 mm
1243 4771 1342 4832 capere
1350 4755 1556 4832 nequiverant.»

329 4851 371 4914 11.
1451 4865 1488 4919 ³²
