4292 5894
529 537 590 598 :tet
1029 540 1242 604 tolosulct
1268 542 1441 605 stctttlol
1755 544 1836 622 [trs.
1857 544 1936 606 122³.

531 671 694 746 fidelitate
710 673 933 748 certissimam
955 673 1119 750 fiduciam
1135 677 1346 766 obtinentes,
1365 679 1407 750 ll.
1431 677 1647 752 carissimum
1664 675 1773 752 lilium
1789 689 1937 754 nostum

528 799 759 872 Romanorum
780 819 898 894 regem
920 799 1086 874 illustrem
1107 803 1404 900 circumspectioni
1425 811 1484 876 tue
1508 803 1675 878 duximus
1698 804 1938 878 commendan-

529 923 633 1015 dum,
660 945 723 1020 pro
749 925 898 998 servitiis
920 925 1033 1000 eidem
1062 925 1133 1002 filio
1159 937 1275 1004 nostro
1299 951 1320 1004 a
1343 937 1377 1002 te
1403 927 1508 1002 modo
1529 927 1695 1002 exhibitis
1721 929 1758 1000 in
1788 929 1938 1002 absentia

530 1055 645 1122 nostra
665 1057 759 1122 tento
778 1049 840 1122 tibi
862 1050 1039 1126 uberiores
1062 1053 1191 1148 gratias
1218 1054 1403 1128 relerentes
1421 1062 1553 1150 quanto
1584 1053 1619 1126 in
1650 1053 1805 1126 absentia
1828 1063 1939 1126 nostra

530 1173 640 1268 magis
666 1195 771 1269 quam
797 1175 833 1246 in
862 1177 1035 1272 presentia
1065 1177 1248 1274 purissime
1283 1176 1364 1252 fidei
1396 1186 1454 1251 lue
1485 1178 1623 1252 animus
1649 1177 1873 1276 approbatur.
1899 1179 1938 1251 Ut

530 1298 648 1392 igitur,
666 1321 747 1372 ecce
766 1300 868 1373 nobis
891 1301 926 1372 in
948 1301 1187 1376 Alemanniam
1209 1303 1441 1396 venientibus,
1462 1301 1664 1398 gratissimis
1684 1303 1752 1374 tuis
1771 1303 1939 1400 possimm

530 1423 660 1496 meritis
678 1423 907 1521 respondere,
926 1449 1089 1520 rogamus
1105 1429 1291 1524 plurimum
1312 1439 1347 1502 et
1366 1451 1547 1502 monemus
1564 1429 1729 1523 quatinus
1743 1428 1779 1500 in
1793 1428 1939 1502 servitiis

529 1549 653 1620 nostris
666 1557 701 1620 et
712 1547 868 1642 ejusdem
886 1548 947 1624 filii
963 1551 1070 1624 nostri
1085 1573 1180 1625 more
1196 1553 1296 1626 solito
1312 1575 1524 1650 perseveres.
1541 1555 1631 1626 Sane
1648 1552 1790 1626 relatum
1804 1560 1857 1625 est
1873 1551 1939 1624 cel·

528 1671 674 1746 situdini
689 1684 803 1748 nostre
814 1673 910 1769 quod
925 1697 986 1750 rex
1003 1677 1109 1750 Dacic
1127 1698 1168 1750 ac
1185 1675 1278 1750 filins
1295 1679 1371 1772 ejus
1388 1679 1479 1774 capti
1499 1700 1520 1752 a
1538 1679 1661 1751 comite
1679 1677 1721 1748 H.
1743 1674 1788 1750 de
1804 1675 1937 1750 Zwerin

528 1799 654 1872 dilecto
684 1797 778 1872 lideli
804 1811 921 1874 nostro
944 1801 980 1873 in
1007 1801 1164 1876 custodia
1183 1801 1379 1876 detinentur
1401 1801 1473 1898 (l);
1501 1802 1562 1897 qui
1586 1825 1668 1894 rex,
1694 1801 1784 1874 siout
1807 1809 1846 1872 tu
1869 1801 1938 1896 ipsc

530 1925 639 2012 nosti,
660 1932 773 2020 preter
793 1923 1033 2020 precedentem
1053 1947 1191 2000 causum
1212 1927 1319 2000 multa
1341 1925 1386 2000 de
1406 1927 1508 2000 bonis
1524 1927 1658 2024 imperii
1676 1925 1878 2024 occupavit,
1894 1925 1936 1999 ad

529 2069 593 2121 nos
610 2057 645 2121 et
659 2048 841 2146 imperium
858 2059 1052 2146 respectum
1065 2071 1171 2146 quem
1186 2050 1307 2125 debuit
1323 2073 1392 2125 non
1410 2049 1593 2144 hobend03
1615 2050 1709 2125 unde
1725 2072 1805 2123 oum
1819 2047 1866 2124 ad
1880 2071 1937 2121 re-

529 2173 783 2270 cuperationem
797 2175 968 2248 bonorum
981 2175 1116 2273 imperii
1130 2177 1208 2250 totis
1222 2177 1356 2251 viribus
1367 2186 1401 2250 et
1412 2177 1593 2250 affectibus
1606 2177 1807 2250 anhelemus
1818 2185 1856 2248 ut
1867 2175 1936 2272 ipsa

530 2300 701 2396 possimus
723 2299 769 2374 ad
791 2300 974 2396 imperinm
995 2323 1174 2395 revocare,
1199 2300 1415 2376 allectionem
1440 2309 1535 2374 tuam
1562 2301 1752 2397 rogandam
1775 2299 1936 2374 duximus

528 2424 737 2499 omnimodis
752 2434 786 2499 et
802 2425 1010 2500 monendam
1025 2436 1197 2522 quaterms
1211 2425 1258 2500 ad
1273 2427 1339 2500 boc
1355 2425 1451 2523 quod
1467 2427 1543 2522 ipsc
1557 2433 1672 2501 texet
1689 2423 1781 2498 filius
1802 2426 1876 2518 ejus
1891 2421 1935 2494 ad

529 2574 652 2625 manus
666 2561 798 2626 vestras
812 2550 998 2626 deveniant
1009 2573 1149 2649 prorsus
1166 2563 1201 2626 et
1212 2551 1359 2626 totaliter
1370 2552 1542 2643 elabores,
1558 2552 1711 2624 facturus
1724 2547 1822 2645 quod
1835 2545 1935 2643 qnid·

529 2677 616 2772 quid
633 2677 838 2750 venerabilis
854 2676 1112 2774 Herbipolensis
1133 2677 1317 2774 episcopus
1331 2687 1468 2774 propter
1485 2675 1552 2750 hoo
1568 2675 1721 2773 promisit
1739 2674 1795 2748 vel
1813 2673 1934 2746 debinc

531 2802 722 2900 promiserit
735 2803 850 2876 comiti
867 2801 1020 2899 predicto
1035 2813 1070 2876 et
1086 2804 1159 2898 ipse
1177 2803 1356 2899 promittas
1377 2824 1454 2874 curn
1472 2823 1530 2893 eo,
1548 2801 1632 2896 quia
1646 2822 1709 2872 nos
1725 2798 1811 2872 illud
1828 2807 1934 2870 ratum

381 2921 400 2952 ⁸
530 2929 735 3002 babebimus
753 2938 787 3002 et
801 2929 917 3004 omnia
934 2951 1014 3002 cum
1031 2929 1173 3003 oonsilio
1187 2939 1247 3002 tuo
1264 2928 1463 3002 curabimus
1479 2927 1660 3000 efficaciter
1677 2925 1871 2999 observare.

584 3566 773 3650 llonorius
791 3589 891 3676 papa
908 3563 1096 3648 Friderioo
1110 3565 1370 3648 Romanorum
1389 3561 1607 3671 imperatori
1629 3559 1759 3644 scribit
1778 3583 1819 3644 se
1840 3582 1934 3642 nuc-

533 3702 680 3785 loritate
708 3699 965 3811 praesentium
990 3699 1209 3808 dispensare
1241 3708 1284 3781 ut
1315 3695 1512 3806 copuletur
1546 3719 1635 3778 eum
1671 3692 1832 3776 Isabello
1862 3689 1935 3771 lilio

531 3835 632 3947 regis
650 3833 999 3946 Hierosolymiteni‚
1028 3858 1128 3945 quae
1153 3833 1225 3942 ipsi
1254 3833 1292 3913 in
1317 3841 1453 3944 quarta
1478 3827 1819 3940 consanguinitatis
1840 3825 1934 3908 linea

533 3971 691 4054 attinere
710 3969 861 4052 dicitur.

1638 4169 1932 4183 υσ-ικη---ο--ι-αο-

564 4292 601 4365 (l)
621 4292 679 4350 lico
692 4307 762 4350 anno
777 4293 890 4362 l223,9
906 4289 982 4361 utsii,
998 4287 1188 4346 waldemarus
1205 4303 1251 4346 rex
1272 4285 1369 4346 Daciae
1387 4292 1416 4344 et
1433 4285 1504 4344 tilius
1524 4286 1583 4358 eiua
1603 4299 1651 4358 per
1668 4281 1847 4359 proditionem
1866 4278 1932 4354 eupli

529 4387 637 4446 luerunt
649 4389 684 4446 ab
697 4388 812 4447 ilenrico
827 4388 925 4447 comite
940 4387 976 4445 de
991 4386 1133 4446 Schwerin
1150 4391 1178 4444 et
1196 4385 1268 4460 apud
1283 4385 1462 4458 Dauneuberg
1481 4382 1587 4442 inclusi.
1605 4381 1648 4440 Cl.
1661 4381 1781 4439 chronic.
1793 4380 1932 4453 sampetr„

528 4486 639 4544 Godelr.
659 4487 751 4544 Goion.
770 4491 798 4543 et
816 4485 919 4544 ¹libert.
936 4485 1012 4542 Slad.
1033 4483 1067 4542 ad
1091 4499 1155 4542 aun.
1173 4484 1213 4540 lle
1235 4483 1308 4540 ouria
1328 4483 1400 4557 apud
1418 4481 1572 4540 Nortbuseu
1591 4495 1673 4554 snper
1693 4475 1849 4536 liberatione
1870 4473 1936 4546 regis

529 4584 667 4642 mensibus
685 4589 797 4658 angtnsto
820 4590 848 4642 et
867 4582 1013 4659 septembri
1031 4583 1111 4655 bujus
1128 4581 1190 4639 anni
1211 4579 1357 4648 celebrata,
1382 4579 1444 4639 ride
1465 4579 1616 4636 Histonium
1639 4577 1755 4635 chrici
1771 4575 1880 4649 eapdrni
1895 4569 1935 4628 di·

528 4683 715 4757 plooroticom.
