<?xml version="1.0" encoding="UTF-8"?>
<!DOCTYPE html PUBLIC "-//W3C//DTD XHTML 1.0 Transitional//EN"
    "http://www.w3.org/TR/xhtml1/DTD/xhtml1-transitional.dtd">
<html xmlns="http://www.w3.org/1999/xhtml" xml:lang="en" lang="en">
 <head>
  <title>
</title>
<meta http-equiv="Content-Type" content="text/html;charset=utf-8" />
  <meta name='ocr-system' content='tesseract 3.04.00' />
  <meta name='ocr-capabilities' content='ocr_page ocr_carea ocr_par ocr_line ocrx_word'/>
</head>
<body>
  <div class='ocr_page' id='page_1' title='image "./historiadiploma08fredgoog_0133.png"; bbox 0 0 4368 5876; ppageno 0'>
   <div class='ocr_carea' id='block_1_1' title="bbox 251 571 1671 657">
    <p class='ocr_par' dir='ltr' id='par_1_1' title="bbox 251 571 1671 657">
     <span class='ocr_line' id='line_1_1' title="bbox 251 571 1671 657; baseline -0.003 -17"><span class='ocrx_word' id='word_1_1' title='bbox 251 580 348 640; x_wconf 81' lang='lat' dir='ltr'><strong>lunrcr.</strong></span> <span class='ocrx_word' id='word_1_2' title='bbox 365 577 409 657; x_wconf 85' lang='grc'><strong>9.]</strong></span> <span class='ocrx_word' id='word_1_3' title='bbox 697 571 896 634; x_wconf 73' lang='lat' dir='ltr'><strong>lllsloala</strong></span> <span class='ocrx_word' id='word_1_4' title='bbox 920 571 1218 633; x_wconf 75' lang='lat' dir='ltr'><strong>olrlouarlcs.</strong></span> <span class='ocrx_word' id='word_1_5' title='bbox 1615 573 1671 636; x_wconf 78' lang='lat'><strong>121</strong></span> 
     </span>
    </p>
   </div>
   <div class='ocr_carea' id='block_1_2' title="bbox 238 699 1673 4057">
    <p class='ocr_par' dir='ltr' id='par_1_2' title="bbox 238 699 1673 4057">
     <span class='ocr_line' id='line_1_2' title="bbox 250 699 1672 797; baseline -0.003 -17"><span class='ocrx_word' id='word_1_6' title='bbox 250 730 328 780; x_wconf 88' lang='lat' dir='ltr'><strong>rum</strong></span> <span class='ocrx_word' id='word_1_7' title='bbox 346 727 427 780; x_wconf 88' lang='lat' dir='ltr'><strong>oum</strong></span> <span class='ocrx_word' id='word_1_8' title='bbox 440 703 591 780; x_wconf 73' lang='lat' dir='ltr'><strong>roralis</strong></span> <span class='ocrx_word' id='word_1_9' title='bbox 606 701 714 776; x_wconf 82' lang='lat' dir='ltr'><strong>nostri</strong></span> <span class='ocrx_word' id='word_1_10' title='bbox 728 699 880 776; x_wconf 87' lang='lat' dir='ltr'><strong>demanii</strong></span> <span class='ocrx_word' id='word_1_11' title='bbox 899 723 962 776; x_wconf 91' lang='lat' dir='ltr'><strong>seu</strong></span> <span class='ocrx_word' id='word_1_12' title='bbox 982 701 1127 775; x_wconf 88' lang='lat' dir='ltr'><strong>aliorum</strong></span> <span class='ocrx_word' id='word_1_13' title='bbox 1141 700 1362 776; x_wconf 89' lang='lat' dir='ltr'><strong>dominorum</strong></span> <span class='ocrx_word' id='word_1_14' title='bbox 1380 701 1415 773; x_wconf 92' lang='lat' dir='ltr'><strong>in</strong></span> <span class='ocrx_word' id='word_1_15' title='bbox 1438 703 1534 776; x_wconf 91' lang='lat' dir='ltr'><strong>nullo</strong></span> <span class='ocrx_word' id='word_1_16' title='bbox 1547 711 1672 797; x_wconf 76' lang='lat' dir='ltr'><strong>preter·</strong></span> 
     </span>
     <span class='ocr_line' id='line_1_3' title="bbox 248 824 1673 924; baseline -0.001 -22"><span class='ocrx_word' id='word_1_17' title='bbox 248 853 356 924; x_wconf 90' lang='lat' dir='ltr'><strong>quam</strong></span> <span class='ocrx_word' id='word_1_18' title='bbox 375 829 411 902; x_wconf 92' lang='lat' dir='ltr'><strong>in</strong></span> <span class='ocrx_word' id='word_1_19' title='bbox 425 827 647 920; x_wconf 78' lang='lat' dir='ltr'>generalibus</span> <span class='ocrx_word' id='word_1_20' title='bbox 662 825 954 900; x_wconf 81' lang='lat' dir='ltr'>subventionibus</span> <span class='ocrx_word' id='word_1_21' title='bbox 969 827 1255 918; x_wconf 88' lang='lat' dir='ltr'><strong>[eommunioent]</strong></span> <span class='ocrx_word' id='word_1_22' title='bbox 1269 824 1336 922; x_wconf 82' lang='lat' dir='ltr'><strong>(t),</strong></span> <span class='ocrx_word' id='word_1_23' title='bbox 1351 835 1386 900; x_wconf 90' lang='lat' dir='ltr'><strong>et</strong></span> <span class='ocrx_word' id='word_1_24' title='bbox 1401 827 1469 901; x_wconf 88' lang='lat' dir='ltr'><strong>hoo</strong></span> <span class='ocrx_word' id='word_1_25' title='bbox 1487 827 1673 902; x_wconf 78' lang='lat' dir='ltr'><strong>dumtaxat</strong></span> 
     </span>
     <span class='ocr_line' id='line_1_4' title="bbox 249 951 1671 1048; baseline 0.001 -22"><span class='ocrx_word' id='word_1_26' title='bbox 249 956 286 1028; x_wconf 93' lang='lat' dir='ltr'><strong>in</strong></span> <span class='ocrx_word' id='word_1_27' title='bbox 305 955 389 1029; x_wconf 86' lang='lat' dir='ltr'><strong>locis</strong></span> <span class='ocrx_word' id='word_1_28' title='bbox 404 953 441 1026; x_wconf 90' lang='lat' dir='ltr'><strong>in</strong></span> <span class='ocrx_word' id='word_1_29' title='bbox 456 953 586 1048; x_wconf 91' lang='lat' dir='ltr'><strong>quibus</strong></span> <span class='ocrx_word' id='word_1_30' title='bbox 599 952 681 1026; x_wconf 91' lang='lat' dir='ltr'><strong>talia</strong></span> <span class='ocrx_word' id='word_1_31' title='bbox 698 951 928 1025; x_wconf 83' lang='lat' dir='ltr'><strong>communiter</strong></span> <span class='ocrx_word' id='word_1_32' title='bbox 947 953 1081 1026; x_wconf 88' lang='lat' dir='ltr'><strong>solvere</strong></span> <span class='ocrx_word' id='word_1_33' title='bbox 1100 951 1156 1024; x_wconf 91' lang='lat' dir='ltr'><strong>usi</strong></span> <span class='ocrx_word' id='word_1_34' title='bbox 1178 961 1279 1042; x_wconf 88' lang='lat' dir='ltr'><strong>sunt,</strong></span> <span class='ocrx_word' id='word_1_35' title='bbox 1298 951 1493 1047; x_wconf 87' lang='lat' dir='ltr'><strong>eademqne</strong></span> <span class='ocrx_word' id='word_1_36' title='bbox 1514 953 1671 1028; x_wconf 87' lang='lat' dir='ltr'><strong>libertato</strong></span> 
     </span>
     <span class='ocr_line' id='line_1_5' title="bbox 248 1074 1670 1174; baseline -0.001 -22"><span class='ocrx_word' id='word_1_37' title='bbox 248 1088 284 1152; x_wconf 93' lang='lat' dir='ltr'><strong>et</strong></span> <span class='ocrx_word' id='word_1_38' title='bbox 301 1078 412 1174; x_wconf 77' lang='lat' dir='ltr'><strong>gratm</strong></span> <span class='ocrx_word' id='word_1_39' title='bbox 429 1078 650 1172; x_wconf 83' lang='lat' dir='ltr'><strong>pertruantur</strong></span> <span class='ocrx_word' id='word_1_40' title='bbox 671 1098 742 1171; x_wconf 88' lang='lat' dir='ltr'><strong>qua</strong></span> <span class='ocrx_word' id='word_1_41' title='bbox 759 1075 939 1171; x_wconf 89' lang='lat' dir='ltr'><strong>potiuntur</strong></span> <span class='ocrx_word' id='word_1_42' title='bbox 953 1074 1012 1147; x_wconf 93' lang='lat' dir='ltr'><strong>alii</strong></span> <span class='ocrx_word' id='word_1_43' title='bbox 1029 1075 1065 1146; x_wconf 93' lang='lat' dir='ltr'><strong>in</strong></span> <span class='ocrx_word' id='word_1_44' title='bbox 1086 1097 1236 1168; x_wconf 88' lang='lat' dir='ltr'><strong>quornm</strong></span> <span class='ocrx_word' id='word_1_45' title='bbox 1254 1074 1430 1148; x_wconf 78' lang='lat' dir='ltr'><strong>territoriis</strong></span> <span class='ocrx_word' id='word_1_46' title='bbox 1448 1097 1580 1149; x_wconf 91' lang='lat' dir='ltr'><strong>moram</strong></span> <span class='ocrx_word' id='word_1_47' title='bbox 1596 1085 1670 1151; x_wconf 86' lang='lat' dir='ltr'><strong>tru-</strong></span> 
     </span>
     <span class='ocr_line' id='line_1_6' title="bbox 248 1199 1668 1296; baseline 0.001 -22"><span class='ocrx_word' id='word_1_48' title='bbox 248 1202 350 1276; x_wconf 85' lang='lat' dir='ltr'><strong>hunt.</strong></span> <span class='ocrx_word' id='word_1_49' title='bbox 366 1203 401 1274; x_wconf 91' lang='lat' dir='ltr'><strong>Si</strong></span> <span class='ocrx_word' id='word_1_50' title='bbox 422 1202 502 1296; x_wconf 90' lang='lat' dir='ltr'><strong>quis</strong></span> <span class='ocrx_word' id='word_1_51' title='bbox 519 1209 636 1276; x_wconf 89' lang='lat' dir='ltr'><strong>autem</strong></span> <span class='ocrx_word' id='word_1_52' title='bbox 654 1209 723 1274; x_wconf 92' lang='lat' dir='ltr'><strong>tam</strong></span> <span class='ocrx_word' id='word_1_53' title='bbox 738 1201 784 1274; x_wconf 92' lang='lat' dir='ltr'><strong>de</strong></span> <span class='ocrx_word' id='word_1_54' title='bbox 801 1199 963 1274; x_wconf 91' lang='lat' dir='ltr'><strong>demanio</strong></span> <span class='ocrx_word' id='word_1_55' title='bbox 978 1207 1095 1272; x_wconf 88' lang='lat' dir='ltr'><strong>nostro</strong></span> <span class='ocrx_word' id='word_1_56' title='bbox 1115 1221 1221 1295; x_wconf 91' lang='lat' dir='ltr'><strong>quam</strong></span> <span class='ocrx_word' id='word_1_57' title='bbox 1246 1199 1388 1274; x_wconf 78' lang='lat' dir='ltr'><strong>aliunde</strong></span> <span class='ocrx_word' id='word_1_58' title='bbox 1414 1207 1495 1274; x_wconf 89' lang='lat' dir='ltr'><strong>tuus</strong></span> <span class='ocrx_word' id='word_1_59' title='bbox 1512 1201 1568 1273; x_wconf 87' lang='lat' dir='ltr'><strong>vel</strong></span> <span class='ocrx_word' id='word_1_60' title='bbox 1585 1201 1668 1276; x_wconf 89' lang='lat' dir='ltr'><strong>dicti</strong></span> 
     </span>
     <span class='ocr_line' id='line_1_7' title="bbox 248 1322 1666 1422; baseline 0.002 -23"><span class='ocrx_word' id='word_1_61' title='bbox 248 1327 445 1400; x_wconf 90' lang='lat' dir='ltr'><strong>monasterii</strong></span> <span class='ocrx_word' id='word_1_62' title='bbox 475 1326 621 1400; x_wconf 89' lang='lat' dir='ltr'><strong>voluerit</strong></span> <span class='ocrx_word' id='word_1_63' title='bbox 644 1326 806 1398; x_wconf 72' lang='lat' dir='ltr'><strong>vasallus</strong></span> <span class='ocrx_word' id='word_1_64' title='bbox 830 1322 923 1415; x_wconf 86' lang='lat' dir='ltr'><strong>lieri,</strong></span> <span class='ocrx_word' id='word_1_65' title='bbox 944 1345 1007 1419; x_wconf 96' lang='lat' dir='ltr'><strong>pro</strong></span> <span class='ocrx_word' id='word_1_66' title='bbox 1029 1323 1184 1398; x_wconf 89' lang='lat' dir='ltr'><strong>remedio</strong></span> <span class='ocrx_word' id='word_1_67' title='bbox 1208 1324 1323 1398; x_wconf 88' lang='lat' dir='ltr'><strong>anima</strong></span> <span class='ocrx_word' id='word_1_68' title='bbox 1348 1333 1462 1398; x_wconf 86' lang='lat' dir='ltr'><strong>nostre</strong></span> <span class='ocrx_word' id='word_1_69' title='bbox 1484 1337 1666 1422; x_wconf 88' lang='lat' dir='ltr'><strong>parentum</strong></span> 
     </span>
     <span class='ocr_line' id='line_1_8' title="bbox 247 1451 1668 1547; baseline 0.001 -23"><span class='ocrx_word' id='word_1_70' title='bbox 247 1474 318 1547; x_wconf 89' lang='lat' dir='ltr'><strong>que</strong></span> <span class='ocrx_word' id='word_1_71' title='bbox 336 1462 529 1526; x_wconf 87' lang='lat' dir='ltr'><strong>nostrorum</strong></span> <span class='ocrx_word' id='word_1_72' title='bbox 548 1452 771 1526; x_wconf 90' lang='lat' dir='ltr'><strong>oonoedimus</strong></span> <span class='ocrx_word' id='word_1_73' title='bbox 786 1461 823 1523; x_wconf 93' lang='lat' dir='ltr'><strong>ut</strong></span> <span class='ocrx_word' id='word_1_74' title='bbox 839 1451 953 1524; x_wconf 85' lang='lat' dir='ltr'><strong>taoere</strong></span> <span class='ocrx_word' id='word_1_75' title='bbox 971 1451 1037 1523; x_wconf 88' lang='lat' dir='ltr'><strong>hoo</strong></span> <span class='ocrx_word' id='word_1_76' title='bbox 1054 1451 1162 1547; x_wconf 84' lang='lat' dir='ltr'><strong>possit</strong></span> <span class='ocrx_word' id='word_1_77' title='bbox 1178 1452 1311 1546; x_wconf 83' lang='lat' dir='ltr'>absque</span> <span class='ocrx_word' id='word_1_78' title='bbox 1328 1451 1514 1542; x_wconf 81' lang='lat' dir='ltr'><strong>cujuslibet</strong></span> <span class='ocrx_word' id='word_1_79' title='bbox 1532 1462 1668 1526; x_wconf 88' lang='lat' dir='ltr'><strong>contra·</strong></span> 
     </span>
     <span class='ocr_line' id='line_1_9' title="bbox 249 1574 1667 1671; baseline -0.002 -20"><span class='ocrx_word' id='word_1_80' title='bbox 249 1578 400 1652; x_wconf 82' lang='lat' dir='ltr'><strong>dictione</strong></span> <span class='ocrx_word' id='word_1_81' title='bbox 414 1578 665 1671; x_wconf 83' lang='lat' dir='ltr'><strong>cujuscumque</strong></span> <span class='ocrx_word' id='word_1_82' title='bbox 680 1577 889 1650; x_wconf 90' lang='lat' dir='ltr'><strong>conditionis</strong></span> <span class='ocrx_word' id='word_1_83' title='bbox 908 1576 1061 1650; x_wconf 87' lang='lat' dir='ltr'><strong>extiterit</strong></span> <span class='ocrx_word' id='word_1_84' title='bbox 1078 1574 1146 1671; x_wconf 84' lang='lat' dir='ltr'><strong>(a),</strong></span> <span class='ocrx_word' id='word_1_85' title='bbox 1164 1577 1231 1648; x_wconf 90' lang='lat' dir='ltr'><strong>nisi</strong></span> <span class='ocrx_word' id='word_1_86' title='bbox 1256 1597 1377 1649; x_wconf 89' lang='lat' dir='ltr'><strong>servus</strong></span> <span class='ocrx_word' id='word_1_87' title='bbox 1400 1576 1502 1648; x_wconf 89' lang='lat' dir='ltr'><strong>luerit</strong></span> <span class='ocrx_word' id='word_1_88' title='bbox 1521 1599 1583 1649; x_wconf 90' lang='lat' dir='ltr'><strong>seu</strong></span> <span class='ocrx_word' id='word_1_89' title='bbox 1608 1577 1667 1650; x_wconf 91' lang='lat' dir='ltr'><strong>alii</strong></span> 
     </span>
     <span class='ocr_line' id='line_1_10' title="bbox 247 1700 1668 1800; baseline 0 -26"><span class='ocrx_word' id='word_1_90' title='bbox 247 1702 295 1777; x_wconf 89' lang='lat' dir='ltr'><strong>ad</strong></span> <span class='ocrx_word' id='word_1_91' title='bbox 310 1703 503 1800; x_wconf 81' lang='lat' dir='ltr'><strong>personalia</strong></span> <span class='ocrx_word' id='word_1_92' title='bbox 518 1703 659 1776; x_wconf 90' lang='lat' dir='ltr'><strong>servitia</strong></span> <span class='ocrx_word' id='word_1_93' title='bbox 677 1700 874 1775; x_wconf 87' lang='lat' dir='ltr'><strong>adstrictus.</strong></span> <span class='ocrx_word' id='word_1_94' title='bbox 891 1701 935 1774; x_wconf 84' lang='lat' dir='ltr'><strong>Et</strong></span> <span class='ocrx_word' id='word_1_95' title='bbox 953 1709 992 1774; x_wconf 90' lang='lat' dir='ltr'><strong>ut</strong></span> <span class='ocrx_word' id='word_1_96' title='bbox 1005 1709 1060 1791; x_wconf 91' lang='lat' dir='ltr'><strong>tu,</strong></span> <span class='ocrx_word' id='word_1_97' title='bbox 1079 1700 1234 1796; x_wconf 89' lang='lat' dir='ltr'><strong>prediote</strong></span> <span class='ocrx_word' id='word_1_98' title='bbox 1250 1701 1376 1793; x_wconf 87' lang='lat' dir='ltr'><strong>abbas,</strong></span> <span class='ocrx_word' id='word_1_99' title='bbox 1397 1722 1503 1794; x_wconf 91' lang='lat' dir='ltr'><strong>super</strong></span> <span class='ocrx_word' id='word_1_100' title='bbox 1522 1701 1565 1773; x_wconf 90' lang='lat' dir='ltr'><strong>iis</strong></span> <span class='ocrx_word' id='word_1_101' title='bbox 1590 1723 1668 1774; x_wconf 90' lang='lat' dir='ltr'><strong>mu·</strong></span> 
     </span>
     <span class='ocr_line' id='line_1_11' title="bbox 247 1827 1669 1922; baseline 0 -22"><span class='ocrx_word' id='word_1_102' title='bbox 247 1827 422 1902; x_wconf 88' lang='lat' dir='ltr'><strong>nilioentie</strong></span> <span class='ocrx_word' id='word_1_103' title='bbox 444 1838 560 1902; x_wconf 90' lang='lat' dir='ltr'><strong>nostre</strong></span> <span class='ocrx_word' id='word_1_104' title='bbox 586 1837 705 1921; x_wconf 78' lang='lat' dir='ltr'><strong>gustes</strong></span> <span class='ocrx_word' id='word_1_105' title='bbox 727 1827 952 1900; x_wconf 77' lang='lat' dir='ltr'><strong>favorabilius</strong></span> <span class='ocrx_word' id='word_1_106' title='bbox 975 1827 1165 1900; x_wconf 90' lang='lat' dir='ltr'><strong>ubertatem</strong></span> <span class='ocrx_word' id='word_1_107' title='bbox 1192 1848 1263 1919; x_wconf 89' lang='lat' dir='ltr'><strong>que</strong></span> <span class='ocrx_word' id='word_1_108' title='bbox 1287 1828 1324 1898; x_wconf 91' lang='lat' dir='ltr'><strong>in</strong></span> <span class='ocrx_word' id='word_1_109' title='bbox 1347 1827 1398 1898; x_wconf 91' lang='lat' dir='ltr'><strong>tui</strong></span> <span class='ocrx_word' id='word_1_110' title='bbox 1426 1827 1573 1922; x_wconf 87' lang='lat' dir='ltr'><strong>predicti</strong></span> <span class='ocrx_word' id='word_1_111' title='bbox 1596 1847 1669 1900; x_wconf 88' lang='lat' dir='ltr'><strong>mo-</strong></span> 
     </span>
     <span class='ocr_line' id='line_1_12' title="bbox 247 1950 1668 2051; baseline -0.001 -25"><span class='ocrx_word' id='word_1_112' title='bbox 247 1955 386 2026; x_wconf 90' lang='lat' dir='ltr'><strong>nasterii</strong></span> <span class='ocrx_word' id='word_1_113' title='bbox 401 1963 625 2051; x_wconf 87' lang='lat' dir='ltr'><strong>perpetuetur</strong></span> <span class='ocrx_word' id='word_1_114' title='bbox 642 1961 885 2047; x_wconf 79' lang='lat' dir='ltr'><strong>augmentum,</strong></span> <span class='ocrx_word' id='word_1_115' title='bbox 907 1950 953 2024; x_wconf 90' lang='lat' dir='ltr'><strong>de</strong></span> <span class='ocrx_word' id='word_1_116' title='bbox 967 1951 1086 2024; x_wconf 90' lang='lat' dir='ltr'><strong>innata</strong></span> <span class='ocrx_word' id='word_1_117' title='bbox 1102 1951 1203 2024; x_wconf 91' lang='lat' dir='ltr'><strong>nobis</strong></span> <span class='ocrx_word' id='word_1_118' title='bbox 1222 1952 1402 2025; x_wconf 88' lang='lat' dir='ltr'><strong>clementia</strong></span> <span class='ocrx_word' id='word_1_119' title='bbox 1423 1950 1668 2026; x_wconf 79' lang='lat' dir='ltr'><strong>confirmamus</strong></span> 
     </span>
     <span class='ocr_line' id='line_1_13' title="bbox 248 2073 1667 2170; baseline 0.002 -24"><span class='ocrx_word' id='word_1_120' title='bbox 248 2077 355 2149; x_wconf 87' lang='lat' dir='ltr'><strong>tibist</strong></span> <span class='ocrx_word' id='word_1_121' title='bbox 370 2077 483 2150; x_wconf 91' lang='lat' dir='ltr'><strong>eidem</strong></span> <span class='ocrx_word' id='word_1_122' title='bbox 495 2076 642 2149; x_wconf 88' lang='lat' dir='ltr'><strong>Cavensi</strong></span> <span class='ocrx_word' id='word_1_123' title='bbox 660 2074 866 2148; x_wconf 89' lang='lat' dir='ltr'><strong>monasterio</strong></span> <span class='ocrx_word' id='word_1_124' title='bbox 881 2074 1036 2169; x_wconf 86' lang='lat' dir='ltr'><strong>aeoipere</strong></span> <span class='ocrx_word' id='word_1_125' title='bbox 1053 2073 1160 2148; x_wconf 89' lang='lat' dir='ltr'><strong>libere</strong></span> <span class='ocrx_word' id='word_1_126' title='bbox 1171 2076 1393 2170; x_wconf 87' lang='lat' dir='ltr'><strong>plateaticum</strong></span> <span class='ocrx_word' id='word_1_127' title='bbox 1406 2076 1442 2147; x_wconf 92' lang='lat' dir='ltr'><strong>in</strong></span> <span class='ocrx_word' id='word_1_128' title='bbox 1455 2077 1593 2150; x_wconf 86' lang='lat' dir='ltr'><strong>castello</strong></span> <span class='ocrx_word' id='word_1_129' title='bbox 1606 2084 1667 2151; x_wconf 90' lang='lat' dir='ltr'><strong>tuo</strong></span> 
     </span>
     <span class='ocr_line' id='line_1_14' title="bbox 246 2198 1666 2297; baseline 0.001 -25"><span class='ocrx_word' id='word_1_130' title='bbox 246 2201 367 2275; x_wconf 88' lang='lat' dir='ltr'><strong>Cilenti</strong></span> <span class='ocrx_word' id='word_1_131' title='bbox 382 2208 418 2274; x_wconf 91' lang='lat' dir='ltr'><strong>et</strong></span> <span class='ocrx_word' id='word_1_132' title='bbox 434 2202 470 2273; x_wconf 91' lang='lat' dir='ltr'><strong>in</strong></span> <span class='ocrx_word' id='word_1_133' title='bbox 491 2201 661 2296; x_wconf 79' lang='lat' dir='ltr'><strong>portubus</strong></span> <span class='ocrx_word' id='word_1_134' title='bbox 677 2200 794 2274; x_wconf 79' lang='lat' dir='ltr'><strong>Fontis</strong></span> <span class='ocrx_word' id='word_1_135' title='bbox 811 2210 846 2272; x_wconf 89' lang='lat' dir='ltr'><strong>et</strong></span> <span class='ocrx_word' id='word_1_136' title='bbox 860 2198 992 2273; x_wconf 87' lang='lat' dir='ltr'><strong>Veteris</strong></span> <span class='ocrx_word' id='word_1_137' title='bbox 1013 2220 1055 2273; x_wconf 85' lang='lat' dir='ltr'><strong>ao</strong></span> <span class='ocrx_word' id='word_1_138' title='bbox 1076 2200 1112 2271; x_wconf 93' lang='lat' dir='ltr'><strong>in</strong></span> <span class='ocrx_word' id='word_1_139' title='bbox 1129 2201 1293 2274; x_wconf 90' lang='lat' dir='ltr'><strong>omnibus</strong></span> <span class='ocrx_word' id='word_1_140' title='bbox 1314 2200 1390 2273; x_wconf 91' lang='lat' dir='ltr'><strong>aliis</strong></span> <span class='ocrx_word' id='word_1_141' title='bbox 1411 2203 1581 2297; x_wconf 88' lang='lat' dir='ltr'><strong>portubus</strong></span> <span class='ocrx_word' id='word_1_142' title='bbox 1597 2202 1666 2275; x_wconf 89' lang='lat' dir='ltr'><strong>tuis</strong></span> 
     </span>
     <span class='ocr_line' id='line_1_15' title="bbox 246 2324 1666 2421; baseline 0.002 -26"><span class='ocrx_word' id='word_1_143' title='bbox 246 2335 317 2398; x_wconf 91' lang='lat' dir='ltr'><strong>tam</strong></span> <span class='ocrx_word' id='word_1_144' title='bbox 334 2325 379 2399; x_wconf 87' lang='lat' dir='ltr'><strong>ab</strong></span> <span class='ocrx_word' id='word_1_145' title='bbox 394 2325 594 2398; x_wconf 91' lang='lat' dir='ltr'><strong>bominibus</strong></span> <span class='ocrx_word' id='word_1_146' title='bbox 615 2325 685 2397; x_wconf 92' lang='lat' dir='ltr'><strong>tuis</strong></span> <span class='ocrx_word' id='word_1_147' title='bbox 702 2346 807 2421; x_wconf 88' lang='lat' dir='ltr'><strong>quarn</strong></span> <span class='ocrx_word' id='word_1_148' title='bbox 827 2325 874 2396; x_wconf 89' lang='lat' dir='ltr'><strong>ab</strong></span> <span class='ocrx_word' id='word_1_149' title='bbox 894 2324 971 2397; x_wconf 93' lang='lat' dir='ltr'><strong>aliis</strong></span> <span class='ocrx_word' id='word_1_150' title='bbox 990 2324 1035 2399; x_wconf 88' lang='lat' dir='ltr'><strong>do</strong></span> <span class='ocrx_word' id='word_1_151' title='bbox 1055 2324 1097 2396; x_wconf 90' lang='lat' dir='ltr'><strong>iis</strong></span> <span class='ocrx_word' id='word_1_152' title='bbox 1115 2325 1278 2398; x_wconf 90' lang='lat' dir='ltr'><strong>omnibus</strong></span> <span class='ocrx_word' id='word_1_153' title='bbox 1295 2348 1364 2419; x_wconf 90' lang='lat' dir='ltr'><strong>que</strong></span> <span class='ocrx_word' id='word_1_154' title='bbox 1378 2326 1484 2399; x_wconf 90' lang='lat' dir='ltr'><strong>vendi</strong></span> <span class='ocrx_word' id='word_1_155' title='bbox 1506 2326 1554 2398; x_wconf 94' lang='lat' dir='ltr'><strong>ibi</strong></span> <span class='ocrx_word' id='word_1_156' title='bbox 1578 2349 1666 2400; x_wconf 89' lang='lat' dir='ltr'><strong>con-</strong></span> 
     </span>
     <span class='ocr_line' id='line_1_16' title="bbox 246 2448 1667 2546; baseline 0.004 -27"><span class='ocrx_word' id='word_1_157' title='bbox 246 2449 361 2544; x_wconf 80' lang='lat' dir='ltr'><strong>tigerit</strong></span> <span class='ocrx_word' id='word_1_158' title='bbox 387 2451 443 2524; x_wconf 90' lang='lat' dir='ltr'><strong>vel</strong></span> <span class='ocrx_word' id='word_1_159' title='bbox 470 2451 557 2543; x_wconf 89' lang='lat' dir='ltr'><strong>emi,</strong></span> <span class='ocrx_word' id='word_1_160' title='bbox 583 2450 673 2522; x_wconf 89' lang='lat' dir='ltr'><strong>siout</strong></span> <span class='ocrx_word' id='word_1_161' title='bbox 699 2449 736 2521; x_wconf 91' lang='lat' dir='ltr'><strong>in</strong></span> <span class='ocrx_word' id='word_1_162' title='bbox 762 2449 954 2544; x_wconf 81' lang='lat' dir='ltr'><strong>privilegiis</strong></span> <span class='ocrx_word' id='word_1_163' title='bbox 977 2448 1172 2522; x_wconf 90' lang='lat' dir='ltr'><strong>donationis</strong></span> <span class='ocrx_word' id='word_1_164' title='bbox 1202 2450 1357 2546; x_wconf 90' lang='lat' dir='ltr'><strong>ipsorum</strong></span> <span class='ocrx_word' id='word_1_165' title='bbox 1384 2461 1546 2546; x_wconf 90' lang='lat' dir='ltr'><strong>portuum</strong></span> <span class='ocrx_word' id='word_1_166' title='bbox 1578 2453 1667 2526; x_wconf 84' lang='lat' dir='ltr'><strong>laete</strong></span> 
     </span>
     <span class='ocr_line' id='line_1_17' title="bbox 246 2574 1666 2671; baseline 0.004 -26"><span class='ocrx_word' id='word_1_167' title='bbox 246 2574 382 2669; x_wconf 91' lang='lat' dir='ltr'><strong>plenius</strong></span> <span class='ocrx_word' id='word_1_168' title='bbox 394 2575 600 2663; x_wconf 83' lang='lat' dir='ltr'><strong>continetur,</strong></span> <span class='ocrx_word' id='word_1_169' title='bbox 617 2597 687 2671; x_wconf 90' lang='lat' dir='ltr'><strong>que</strong></span> <span class='ocrx_word' id='word_1_170' title='bbox 703 2576 739 2647; x_wconf 94' lang='lat' dir='ltr'><strong>in</strong></span> <span class='ocrx_word' id='word_1_171' title='bbox 753 2585 869 2649; x_wconf 91' lang='lat' dir='ltr'><strong>nostra</strong></span> <span class='ocrx_word' id='word_1_172' title='bbox 881 2575 977 2648; x_wconf 90' lang='lat' dir='ltr'><strong>curia</strong></span> <span class='ocrx_word' id='word_1_173' title='bbox 990 2584 1041 2666; x_wconf 87' lang='lat' dir='ltr'><strong>tu,</strong></span> <span class='ocrx_word' id='word_1_174' title='bbox 1056 2575 1264 2649; x_wconf 89' lang='lat' dir='ltr'><strong>venerabilis</strong></span> <span class='ocrx_word' id='word_1_175' title='bbox 1278 2576 1399 2667; x_wconf 88' lang='lat' dir='ltr'><strong>abbas,</strong></span> <span class='ocrx_word' id='word_1_176' title='bbox 1416 2587 1456 2649; x_wconf 90' lang='lat' dir='ltr'><strong>ut</strong></span> <span class='ocrx_word' id='word_1_177' title='bbox 1468 2577 1666 2650; x_wconf 87' lang='lat' dir='ltr'><strong>authentica</strong></span> 
     </span>
     <span class='ocr_line' id='line_1_18' title="bbox 245 2700 1665 2798; baseline 0.003 -26"><span class='ocrx_word' id='word_1_178' title='bbox 245 2701 445 2796; x_wconf 89' lang='lat' dir='ltr'><strong>presentasti</strong></span> <span class='ocrx_word' id='word_1_179' title='bbox 459 2711 494 2774; x_wconf 92' lang='lat' dir='ltr'><strong>et</strong></span> <span class='ocrx_word' id='word_1_180' title='bbox 511 2701 605 2774; x_wconf 90' lang='lat' dir='ltr'><strong>idem</strong></span> <span class='ocrx_word' id='word_1_181' title='bbox 620 2700 866 2774; x_wconf 88' lang='lat' dir='ltr'><strong>monasterium</strong></span> <span class='ocrx_word' id='word_1_182' title='bbox 886 2701 1000 2773; x_wconf 90' lang='lat' dir='ltr'><strong>taliter</strong></span> <span class='ocrx_word' id='word_1_183' title='bbox 1018 2701 1112 2797; x_wconf 91' lang='lat' dir='ltr'><strong>ipsos</strong></span> <span class='ocrx_word' id='word_1_184' title='bbox 1135 2710 1256 2796; x_wconf 91' lang='lat' dir='ltr'><strong>portus</strong></span> <span class='ocrx_word' id='word_1_185' title='bbox 1279 2725 1392 2796; x_wconf 87' lang='lat' dir='ltr'><strong>nsque</strong></span> <span class='ocrx_word' id='word_1_186' title='bbox 1410 2724 1504 2776; x_wconf 86' lang='lat' dir='ltr'><strong>nuno</strong></span> <span class='ocrx_word' id='word_1_187' title='bbox 1521 2701 1665 2798; x_wconf 80' lang='lat' dir='ltr'><strong>panitiae</strong></span> 
     </span>
     <span class='ocr_line' id='line_1_19' title="bbox 245 2823 1663 2920; baseline 0.003 -24"><span class='ocrx_word' id='word_1_188' title='bbox 245 2823 422 2919; x_wconf 88' lang='lat' dir='ltr'><strong>possidere</strong></span> <span class='ocrx_word' id='word_1_189' title='bbox 442 2833 512 2898; x_wconf 84' lang='lat' dir='ltr'><strong>tam</strong></span> <span class='ocrx_word' id='word_1_190' title='bbox 539 2845 602 2920; x_wconf 91' lang='lat' dir='ltr'><strong>per</strong></span> <span class='ocrx_word' id='word_1_191' title='bbox 627 2823 855 2898; x_wconf 87' lang='lat' dir='ltr'><strong>instrumenta</strong></span> <span class='ocrx_word' id='word_1_192' title='bbox 878 2823 1032 2920; x_wconf 87' lang='lat' dir='ltr'><strong>predicta</strong></span> <span class='ocrx_word' id='word_1_193' title='bbox 1055 2845 1160 2918; x_wconf 89' lang='lat' dir='ltr'><strong>qnam</strong></span> <span class='ocrx_word' id='word_1_194' title='bbox 1184 2847 1248 2920; x_wconf 91' lang='lat' dir='ltr'><strong>per</strong></span> <span class='ocrx_word' id='word_1_195' title='bbox 1265 2834 1368 2900; x_wconf 88' lang='lat' dir='ltr'><strong>testes</strong></span> <span class='ocrx_word' id='word_1_196' title='bbox 1387 2825 1529 2899; x_wconf 88' lang='lat' dir='ltr'><strong>idoneos</strong></span> <span class='ocrx_word' id='word_1_197' title='bbox 1548 2837 1663 2900; x_wconf 90' lang='lat' dir='ltr'><strong>nostre</strong></span> 
     </span>
     <span class='ocr_line' id='line_1_20' title="bbox 239 2948 1662 3048; baseline 0.003 -24"><span class='ocrx_word' id='word_1_198' title='bbox 239 2953 313 3043; x_wconf 78' lang='lat' dir='ltr'><strong>iam</strong></span> <span class='ocrx_word' id='word_1_199' title='bbox 331 2951 423 3024; x_wconf 83' lang='lat' dir='ltr'><strong>dicte</strong></span> <span class='ocrx_word' id='word_1_200' title='bbox 446 2949 541 3024; x_wconf 89' lang='lat' dir='ltr'><strong>ourie</strong></span> <span class='ocrx_word' id='word_1_201' title='bbox 559 2948 710 3045; x_wconf 76' lang='lat' dir='ltr'><strong>legitime</strong></span> <span class='ocrx_word' id='word_1_202' title='bbox 729 2960 886 3024; x_wconf 84' lang='lat' dir='ltr'><strong>oonstare</strong></span> <span class='ocrx_word' id='word_1_203' title='bbox 908 2950 1030 3025; x_wconf 81' lang='lat' dir='ltr'><strong>iecisti.</strong></span> <span class='ocrx_word' id='word_1_204' title='bbox 1049 2952 1099 3023; x_wconf 89' lang='lat' dir='ltr'><strong>De</strong></span> <span class='ocrx_word' id='word_1_205' title='bbox 1121 2951 1365 3025; x_wconf 91' lang='lat' dir='ltr'><strong>abundantiori</strong></span> <span class='ocrx_word' id='word_1_206' title='bbox 1388 2973 1529 3048; x_wconf 91' lang='lat' dir='ltr'><strong>quoque</strong></span> <span class='ocrx_word' id='word_1_207' title='bbox 1545 2963 1662 3028; x_wconf 87' lang='lat' dir='ltr'><strong>nostra</strong></span> 
     </span>
     <span class='ocr_line' id='line_1_21' title="bbox 242 3075 1662 3168; baseline 0.002 -20"><span class='ocrx_word' id='word_1_208' title='bbox 242 3075 353 3168; x_wconf 82' lang='lat' dir='ltr'><strong>gratia</strong></span> <span class='ocrx_word' id='word_1_209' title='bbox 367 3075 591 3150; x_wconf 88' lang='lat' dir='ltr'><strong>oonoedimns</strong></span> <span class='ocrx_word' id='word_1_210' title='bbox 607 3085 642 3150; x_wconf 90' lang='lat' dir='ltr'><strong>et</strong></span> <span class='ocrx_word' id='word_1_211' title='bbox 659 3075 903 3150; x_wconf 87' lang='lat' dir='ltr'><strong>oonfirmemus</strong></span> <span class='ocrx_word' id='word_1_212' title='bbox 919 3075 1034 3150; x_wconf 92' lang='lat' dir='ltr'><strong>eidem</strong></span> <span class='ocrx_word' id='word_1_213' title='bbox 1049 3077 1268 3167; x_wconf 89' lang='lat' dir='ltr'><strong>monasterio,</strong></span> <span class='ocrx_word' id='word_1_214' title='bbox 1285 3077 1392 3150; x_wconf 83' lang='lat' dir='ltr'><strong>tibist</strong></span> <span class='ocrx_word' id='word_1_215' title='bbox 1405 3075 1662 3151; x_wconf 87' lang='lat' dir='ltr'><strong>suecessoribus</strong></span> 
     </span>
     <span class='ocr_line' id='line_1_22' title="bbox 244 3200 1660 3298; baseline 0.001 -26"><span class='ocrx_word' id='word_1_216' title='bbox 244 3201 329 3293; x_wconf 87' lang='lat' dir='ltr'><strong>tuis,</strong></span> <span class='ocrx_word' id='word_1_217' title='bbox 346 3201 524 3274; x_wconf 88' lang='lat' dir='ltr'><strong>monachis</strong></span> <span class='ocrx_word' id='word_1_218' title='bbox 545 3211 580 3275; x_wconf 89' lang='lat' dir='ltr'><strong>et</strong></span> <span class='ocrx_word' id='word_1_219' title='bbox 601 3200 800 3275; x_wconf 89' lang='lat' dir='ltr'><strong>hominibus</strong></span> <span class='ocrx_word' id='word_1_220' title='bbox 813 3201 888 3298; x_wconf 71' lang='lat' dir='ltr'><strong>tuis</strong></span> <span class='ocrx_word' id='word_1_221' title='bbox 909 3202 945 3274; x_wconf 93' lang='lat' dir='ltr'><strong>in</strong></span> <span class='ocrx_word' id='word_1_222' title='bbox 964 3212 1171 3298; x_wconf 88' lang='lat' dir='ltr'><strong>perpetuum</strong></span> <span class='ocrx_word' id='word_1_223' title='bbox 1189 3222 1309 3274; x_wconf 88' lang='lat' dir='ltr'><strong>omnes</strong></span> <span class='ocrx_word' id='word_1_224' title='bbox 1325 3201 1532 3298; x_wconf 80' lang='lat' dir='ltr'><strong>dignitates,</strong></span> <span class='ocrx_word' id='word_1_225' title='bbox 1550 3202 1660 3275; x_wconf 93' lang='lat' dir='ltr'><strong>bonos</strong></span> 
     </span>
     <span class='ocr_line' id='line_1_23' title="bbox 243 3324 1660 3422; baseline 0.003 -26"><span class='ocrx_word' id='word_1_226' title='bbox 243 3347 328 3399; x_wconf 91' lang='lat' dir='ltr'><strong>usus</strong></span> <span class='ocrx_word' id='word_1_227' title='bbox 351 3337 386 3400; x_wconf 90' lang='lat' dir='ltr'><strong>et</strong></span> <span class='ocrx_word' id='word_1_228' title='bbox 409 3329 615 3422; x_wconf 92' lang='lat' dir='ltr'><strong>approbatas</strong></span> <span class='ocrx_word' id='word_1_229' title='bbox 642 3327 909 3401; x_wconf 88' lang='lat' dir='ltr'><strong>eonsuetudines</strong></span> <span class='ocrx_word' id='word_1_230' title='bbox 934 3327 1063 3422; x_wconf 90' lang='lat' dir='ltr'><strong>quibus</strong></span> <span class='ocrx_word' id='word_1_231' title='bbox 1088 3324 1349 3422; x_wconf 81' lang='lat' dir='ltr'><strong>predecessores</strong></span> <span class='ocrx_word' id='word_1_232' title='bbox 1372 3327 1443 3418; x_wconf 87' lang='lat' dir='ltr'><strong>tui,</strong></span> <span class='ocrx_word' id='word_1_233' title='bbox 1468 3327 1560 3399; x_wconf 91' lang='lat' dir='ltr'><strong>idem</strong></span> <span class='ocrx_word' id='word_1_234' title='bbox 1586 3349 1660 3400; x_wconf 77' lang='lat' dir='ltr'><strong>mo</strong></span> 
     </span>
     <span class='ocr_line' id='line_1_24' title="bbox 242 3439 1660 3548; baseline 0.001 -24"><span class='ocrx_word' id='word_1_235' title='bbox 242 3453 428 3524; x_wconf 87' lang='lat' dir='ltr'><strong>nasterium</strong></span> <span class='ocrx_word' id='word_1_236' title='bbox 446 3474 488 3526; x_wconf 85' lang='lat' dir='ltr'><strong>ao</strong></span> <span class='ocrx_word' id='word_1_237' title='bbox 505 3453 661 3526; x_wconf 89' lang='lat' dir='ltr'><strong>homines</strong></span> <span class='ocrx_word' id='word_1_238' title='bbox 679 3453 789 3548; x_wconf 89' lang='lat' dir='ltr'><strong>ipsius</strong></span> <span class='ocrx_word' id='word_1_239' title='bbox 802 3451 1015 3547; x_wconf 86' lang='lat' dir='ltr'><strong>temporibus</strong></span> <span class='ocrx_word' id='word_1_240' title='bbox 1029 3439 1183 3547; x_wconf 86' lang='lat' dir='ltr'><strong>ipsorum</strong></span> <span class='ocrx_word' id='word_1_241' title='bbox 1199 3473 1321 3546; x_wconf 83' lang='lat' dir='ltr'><strong>regum</strong></span> <span class='ocrx_word' id='word_1_242' title='bbox 1337 3452 1490 3524; x_wconf 88' lang='lat' dir='ltr'><strong>lelioium</strong></span> <span class='ocrx_word' id='word_1_243' title='bbox 1505 3451 1561 3526; x_wconf 88' lang='lat' dir='ltr'><strong>nsi</strong></span> <span class='ocrx_word' id='word_1_244' title='bbox 1578 3461 1660 3525; x_wconf 91' lang='lat' dir='ltr'><strong>sunt</strong></span> 
     </span>
     <span class='ocr_line' id='line_1_25' title="bbox 241 3576 1654 3673; baseline 0.002 -25"><span class='ocrx_word' id='word_1_245' title='bbox 241 3586 276 3648; x_wconf 90' lang='lat' dir='ltr'><strong>et</strong></span> <span class='ocrx_word' id='word_1_246' title='bbox 302 3577 395 3650; x_wconf 91' lang='lat' dir='ltr'><strong>idem</strong></span> <span class='ocrx_word' id='word_1_247' title='bbox 421 3599 557 3651; x_wconf 90' lang='lat' dir='ltr'><strong>sacrum</strong></span> <span class='ocrx_word' id='word_1_248' title='bbox 580 3577 764 3650; x_wconf 91' lang='lat' dir='ltr'><strong>oenobium</strong></span> <span class='ocrx_word' id='word_1_249' title='bbox 790 3577 835 3650; x_wconf 89' lang='lat' dir='ltr'><strong>ab</strong></span> <span class='ocrx_word' id='word_1_250' title='bbox 860 3576 954 3650; x_wconf 90' lang='lat' dir='ltr'><strong>omni</strong></span> <span class='ocrx_word' id='word_1_251' title='bbox 977 3577 1181 3672; x_wconf 88' lang='lat' dir='ltr'><strong>plateatioo,</strong></span> <span class='ocrx_word' id='word_1_252' title='bbox 1205 3579 1428 3673; x_wconf 89' lang='lat' dir='ltr'><strong>portulatioo,</strong></span> <span class='ocrx_word' id='word_1_253' title='bbox 1457 3577 1654 3670; x_wconf 88' lang='lat' dir='ltr'><strong>herbatioo,</strong></span> 
     </span>
     <span class='ocr_line' id='line_1_26' title="bbox 240 3701 1655 3800; baseline 0.003 -28"><span class='ocrx_word' id='word_1_254' title='bbox 240 3703 383 3797; x_wconf 89' lang='lat' dir='ltr'><strong>ripatioo</strong></span> <span class='ocrx_word' id='word_1_255' title='bbox 400 3713 504 3800; x_wconf 89' lang='lat' dir='ltr'><strong>atque</strong></span> <span class='ocrx_word' id='word_1_256' title='bbox 522 3704 568 3777; x_wconf 90' lang='lat' dir='ltr'><strong>ab</strong></span> <span class='ocrx_word' id='word_1_257' title='bbox 592 3703 687 3776; x_wconf 92' lang='lat' dir='ltr'><strong>omni</strong></span> <span class='ocrx_word' id='word_1_258' title='bbox 712 3704 849 3776; x_wconf 86' lang='lat' dir='ltr'><strong>exitura</strong></span> <span class='ocrx_word' id='word_1_259' title='bbox 877 3701 1010 3776; x_wconf 83' lang='lat' dir='ltr'><strong>lundici</strong></span> <span class='ocrx_word' id='word_1_260' title='bbox 1034 3723 1095 3775; x_wconf 91' lang='lat' dir='ltr'><strong>seu</strong></span> <span class='ocrx_word' id='word_1_261' title='bbox 1117 3702 1255 3777; x_wconf 90' lang='lat' dir='ltr'><strong>dohane</strong></span> <span class='ocrx_word' id='word_1_262' title='bbox 1273 3712 1439 3799; x_wconf 91' lang='lat' dir='ltr'><strong>perpetuo</strong></span> <span class='ocrx_word' id='word_1_263' title='bbox 1461 3724 1523 3799; x_wconf 91' lang='lat' dir='ltr'><strong>per</strong></span> <span class='ocrx_word' id='word_1_264' title='bbox 1545 3713 1655 3777; x_wconf 91' lang='lat' dir='ltr'><strong>totum</strong></span> 
     </span>
     <span class='ocr_line' id='line_1_27' title="bbox 238 3827 1657 3924; baseline -0.001 -24"><span class='ocrx_word' id='word_1_265' title='bbox 238 3827 432 3923; x_wconf 87' lang='lat' dir='ltr'><strong>predictum</strong></span> <span class='ocrx_word' id='word_1_266' title='bbox 454 3851 598 3924; x_wconf 81' lang='lat' dir='ltr'><strong>regnum</strong></span> <span class='ocrx_word' id='word_1_267' title='bbox 616 3829 730 3902; x_wconf 86' lang='lat' dir='ltr'><strong>Sicilia</strong></span> <span class='ocrx_word' id='word_1_268' title='bbox 747 3829 886 3924; x_wconf 90' lang='lat' dir='ltr'><strong>penitus</strong></span> <span class='ocrx_word' id='word_1_269' title='bbox 909 3828 954 3900; x_wconf 91' lang='lat' dir='ltr'><strong>sit</strong></span> <span class='ocrx_word' id='word_1_270' title='bbox 975 3829 1146 3920; x_wconf 88' lang='lat' dir='ltr'><strong>immune;</strong></span> <span class='ocrx_word' id='word_1_271' title='bbox 1168 3827 1374 3901; x_wconf 88' lang='lat' dir='ltr'><strong>mandantes</strong></span> <span class='ocrx_word' id='word_1_272' title='bbox 1399 3838 1439 3900; x_wconf 91' lang='lat' dir='ltr'><strong>ut</strong></span> <span class='ocrx_word' id='word_1_273' title='bbox 1460 3829 1527 3900; x_wconf 88' lang='lat' dir='ltr'><strong>sibi</strong></span> <span class='ocrx_word' id='word_1_274' title='bbox 1551 3850 1657 3923; x_wconf 89' lang='lat' dir='ltr'><strong>snper</strong></span> 
     </span>
     <span class='ocr_line' id='line_1_28' title="bbox 239 3950 1654 4057; baseline 0.001 -35"><span class='ocrx_word' id='word_1_275' title='bbox 239 3951 282 4024; x_wconf 92' lang='lat' dir='ltr'><strong>iis</strong></span> <span class='ocrx_word' id='word_1_276' title='bbox 309 3954 403 4057; x_wconf 90' lang='lat' dir='ltr'><strong>nulle</strong></span> <span class='ocrx_word' id='word_1_277' title='bbox 429 3953 475 4026; x_wconf 91' lang='lat' dir='ltr'><strong>de</strong></span> <span class='ocrx_word' id='word_1_278' title='bbox 500 3964 613 4026; x_wconf 87' lang='lat' dir='ltr'><strong>cetero</strong></span> <span class='ocrx_word' id='word_1_279' title='bbox 640 3953 794 4027; x_wconf 79' lang='lat' dir='ltr'><strong>molestie</strong></span> <span class='ocrx_word' id='word_1_280' title='bbox 820 3956 875 4026; x_wconf 91' lang='lat' dir='ltr'><strong>vel</strong></span> <span class='ocrx_word' id='word_1_281' title='bbox 901 3950 1104 4048; x_wconf 79' lang='lat' dir='ltr'><strong>gravamina</strong></span> <span class='ocrx_word' id='word_1_282' title='bbox 1128 3953 1330 4026; x_wconf 86' lang='lat' dir='ltr'><strong>inferantur.</strong></span> <span class='ocrx_word' id='word_1_283' title='bbox 1359 3953 1393 4025; x_wconf 89' lang='lat' dir='ltr'><strong>Si</strong></span> <span class='ocrx_word' id='word_1_284' title='bbox 1420 3975 1505 4027; x_wconf 89' lang='lat' dir='ltr'><strong>vem</strong></span> <span class='ocrx_word' id='word_1_285' title='bbox 1528 3953 1654 4048; x_wconf 91' lang='lat' dir='ltr'><strong>aliquis</strong></span> 
     </span>
    </p>
   </div>
   <div class='ocr_carea' id='block_1_3' title="bbox 277 4132 938 4212">
    <p class='ocr_par' dir='ltr' id='par_1_3' title="bbox 277 4132 938 4212">
     <span class='ocr_line' id='line_1_29' title="bbox 277 4132 938 4212; baseline 0.006 -22"><span class='ocrx_word' id='word_1_286' title='bbox 277 4133 318 4206; x_wconf 83' lang='lat' dir='ltr'><strong>(a)</strong></span> <span class='ocrx_word' id='word_1_287' title='bbox 336 4132 393 4210; x_wconf 78' lang='lat' dir='ltr'><strong>Ap.</strong></span> <span class='ocrx_word' id='word_1_288' title='bbox 409 4134 570 4212; x_wconf 78' lang='lat' dir='ltr'><strong>Margarin.</strong></span> <span class='ocrx_word' id='word_1_289' title='bbox 583 4134 723 4206; x_wconf 63' lang='lat' dir='ltr'><strong>wirunt,</strong></span> <span class='ocrx_word' id='word_1_290' title='bbox 737 4137 837 4196; x_wconf 88' lang='lat' dir='ltr'><strong>minus</strong></span> <span class='ocrx_word' id='word_1_291' title='bbox 850 4141 938 4195; x_wconf 83' lang='lat' dir='ltr'><strong>reete.</strong></span> 
     </span>
    </p>
   </div>
   <div class='ocr_carea' id='block_1_4' title="bbox 235 4421 1653 4796">
    <p class='ocr_par' dir='ltr' id='par_1_4' title="bbox 235 4421 1653 4796">
     <span class='ocr_line' id='line_1_30' title="bbox 273 4421 1653 4499; baseline 0.004 -23"><span class='ocrx_word' id='word_1_292' title='bbox 273 4423 311 4495; x_wconf 81' lang='grc'><strong>(4)</strong></span> <span class='ocrx_word' id='word_1_293' title='bbox 329 4421 413 4480; x_wconf 74' lang='lat' dir='ltr'><strong>Adest</strong></span> <span class='ocrx_word' id='word_1_294' title='bbox 424 4421 538 4480; x_wconf 84' lang='lat' dir='ltr'><strong>alterum</strong></span> <span class='ocrx_word' id='word_1_295' title='bbox 554 4423 722 4498; x_wconf 75' lang='lat' dir='ltr'><strong>privilegium</strong></span> <span class='ocrx_word' id='word_1_296' title='bbox 736 4439 790 4498; x_wconf 89' lang='lat' dir='ltr'><strong>quo</strong></span> <span class='ocrx_word' id='word_1_297' title='bbox 802 4424 946 4499; x_wconf 90' lang='lat' dir='ltr'><strong>imperator</strong></span> <span class='ocrx_word' id='word_1_298' title='bbox 960 4424 1055 4482; x_wconf 87' lang='lat' dir='ltr'><strong>statuit</strong></span> <span class='ocrx_word' id='word_1_299' title='bbox 1066 4429 1098 4481; x_wconf 84' lang='lat' dir='ltr'><strong>ut</strong></span> <span class='ocrx_word' id='word_1_300' title='bbox 1117 4425 1145 4480; x_wconf 92' lang='lat' dir='ltr'><strong>in</strong></span> <span class='ocrx_word' id='word_1_301' title='bbox 1159 4421 1330 4497; x_wconf 83' lang='lat' dir='ltr'><strong>generalibus</strong></span> <span class='ocrx_word' id='word_1_302' title='bbox 1349 4421 1572 4481; x_wconf 85' lang='lat' dir='ltr'><strong>subventionibus</strong></span> <span class='ocrx_word' id='word_1_303' title='bbox 1587 4437 1653 4481; x_wconf 77' lang='grc' dir='ltr'>ιιι-</span> 
     </span>
     <span class='ocr_line' id='line_1_31' title="bbox 235 4517 1652 4596; baseline 0.001 -18"><span class='ocrx_word' id='word_1_304' title='bbox 235 4519 294 4578; x_wconf 90' lang='lat' dir='ltr'><strong>salli</strong></span> <span class='ocrx_word' id='word_1_305' title='bbox 304 4517 433 4578; x_wconf 84' lang='lat' dir='ltr'><strong>Cavensis</strong></span> <span class='ocrx_word' id='word_1_306' title='bbox 443 4522 596 4578; x_wconf 89' lang='lat' dir='ltr'><strong>monasterii</strong></span> <span class='ocrx_word' id='word_1_307' title='bbox 606 4521 699 4579; x_wconf 86' lang='lat' dir='ltr'><strong>uncias</strong></span> <span class='ocrx_word' id='word_1_308' title='bbox 710 4522 767 4579; x_wconf 87' lang='lat' dir='ltr'><strong>auri</strong></span> <span class='ocrx_word' id='word_1_309' title='bbox 781 4529 891 4579; x_wconf 87' lang='lat' dir='ltr'><strong>centum</strong></span> <span class='ocrx_word' id='word_1_310' title='bbox 902 4519 1041 4580; x_wconf 83' lang='lat' dir='ltr'><strong>exsolvant</strong></span> <span class='ocrx_word' id='word_1_311' title='bbox 1058 4522 1123 4596; x_wconf 87' lang='lat' dir='ltr'><strong>(vid.</strong></span> <span class='ocrx_word' id='word_1_312' title='bbox 1138 4527 1204 4578; x_wconf 87' lang='lat' dir='ltr'><strong>tom.</strong></span> <span class='ocrx_word' id='word_1_313' title='bbox 1219 4522 1266 4593; x_wconf 88' lang='lat' dir='ltr'><strong>ill,</strong></span> <span class='ocrx_word' id='word_1_314' title='bbox 1283 4538 1311 4596; x_wconf 93' lang='lat' dir='ltr'><strong>p.</strong></span> <span class='ocrx_word' id='word_1_315' title='bbox 1326 4525 1398 4594; x_wconf 72' lang='lat'>2591.</span> <span class='ocrx_word' id='word_1_316' title='bbox 1413 4521 1488 4580; x_wconf 88' lang='lat' dir='ltr'><strong>Lioet</strong></span> <span class='ocrx_word' id='word_1_317' title='bbox 1499 4522 1577 4580; x_wconf 91' lang='lat' dir='ltr'><strong>valde</strong></span> <span class='ocrx_word' id='word_1_318' title='bbox 1589 4537 1652 4580; x_wconf 89' lang='lat' dir='ltr'><strong>sus-</strong></span> 
     </span>
     <span class='ocr_line' id='line_1_32' title="bbox 236 4618 1649 4696; baseline 0.004 -23"><span class='ocrx_word' id='word_1_319' title='bbox 236 4618 419 4691; x_wconf 88' lang='lat' dir='ltr'><strong>pioemurhoo</strong></span> <span class='ocrx_word' id='word_1_320' title='bbox 427 4621 711 4696; x_wconf 81' lang='lat' dir='ltr'><strong>quoqueprivilagium</strong></span> <span class='ocrx_word' id='word_1_321' title='bbox 724 4621 758 4679; x_wconf 92' lang='lat' dir='ltr'><strong>ad</strong></span> <span class='ocrx_word' id='word_1_322' title='bbox 771 4637 892 4679; x_wconf 88' lang='lat' dir='ltr'><strong>mensem</strong></span> <span class='ocrx_word' id='word_1_323' title='bbox 902 4621 1065 4680; x_wconf 78' lang='lat' dir='ltr'><strong>februarium</strong></span> <span class='ocrx_word' id='word_1_324' title='bbox 1074 4622 1155 4694; x_wconf 83' lang='lat' dir='ltr'><strong>hujus</strong></span> <span class='ocrx_word' id='word_1_325' title='bbox 1164 4621 1226 4678; x_wconf 89' lang='lat' dir='ltr'><strong>anni</strong></span> <span class='ocrx_word' id='word_1_326' title='bbox 1235 4626 1245 4677; x_wconf 89' lang='grc'><strong>4</strong></span> <span class='ocrx_word' id='word_1_327' title='bbox 1255 4625 1300 4678; x_wconf 72' lang='lat' dir='ltr'><strong>tlt</strong></span> <span class='ocrx_word' id='word_1_328' title='bbox 1313 4622 1433 4680; x_wconf 85' lang='lat' dir='ltr'><strong>sathane</strong></span> <span class='ocrx_word' id='word_1_329' title='bbox 1443 4621 1598 4692; x_wconf 78' lang='lat' dir='ltr'><strong>eonvenite,</strong></span> <span class='ocrx_word' id='word_1_330' title='bbox 1615 4622 1649 4678; x_wconf 88' lang='lat' dir='ltr'><strong>ad</strong></span> 
     </span>
     <span class='ocr_line' id='line_1_33' title="bbox 236 4717 1613 4796; baseline 0.004 -24"><span class='ocrx_word' id='word_1_331' title='bbox 236 4731 337 4774; x_wconf 90' lang='lat' dir='ltr'><strong>annum</strong></span> <span class='ocrx_word' id='word_1_332' title='bbox 351 4719 416 4776; x_wconf 73' lang='grc'><strong>4234</strong></span> <span class='ocrx_word' id='word_1_333' title='bbox 431 4735 465 4776; x_wconf 82' lang='lat' dir='ltr'><strong>ex</strong></span> <span class='ocrx_word' id='word_1_334' title='bbox 477 4717 530 4776; x_wconf 83' lang='lat' dir='ltr'><strong>fide</strong></span> <span class='ocrx_word' id='word_1_335' title='bbox 543 4720 691 4794; x_wconf 80' lang='lat' dir='ltr'><strong>originalis,</strong></span> <span class='ocrx_word' id='word_1_336' title='bbox 711 4727 742 4780; x_wconf 91' lang='lat' dir='ltr'><strong>ut</strong></span> <span class='ocrx_word' id='word_1_337' title='bbox 756 4721 865 4793; x_wconf 86' lang='lat' dir='ltr'><strong>dieunt,</strong></span> <span class='ocrx_word' id='word_1_338' title='bbox 879 4719 1047 4779; x_wconf 84' lang='lat' dir='ltr'><strong>referendum</strong></span> <span class='ocrx_word' id='word_1_339' title='bbox 1060 4721 1194 4778; x_wconf 83' lang='lat' dir='ltr'><strong>duximus.</strong></span> <span class='ocrx_word' id='word_1_340' title='bbox 1208 4721 1247 4780; x_wconf 80' lang='lat' dir='ltr'><strong>(ll.</strong></span> <span class='ocrx_word' id='word_1_341' title='bbox 1260 4719 1375 4788; x_wconf 77' lang='lat' dir='ltr'><strong>Ibidem,</strong></span> <span class='ocrx_word' id='word_1_342' title='bbox 1389 4737 1415 4796; x_wconf 85' lang='lat' dir='ltr'><strong>p</strong></span> <span class='ocrx_word' id='word_1_343' title='bbox 1436 4723 1500 4792; x_wconf 72' lang='lat'><strong>262.</strong></span> <span class='ocrx_word' id='word_1_344' title='bbox 1513 4727 1568 4780; x_wconf 80' lang='lat' dir='ltr'><strong>not</strong></span> <span class='ocrx_word' id='word_1_345' title='bbox 1587 4725 1613 4778; x_wconf 93' lang='grc'><strong>4.</strong></span> 
     </span>
    </p>
   </div>
   <div class='ocr_carea' id='block_1_5' title="bbox 337 4819 1490 4884">
    <p class='ocr_par' dir='ltr' id='par_1_5' title="bbox 337 4819 1490 4884">
     <span class='ocr_line' id='line_1_34' title="bbox 337 4819 1490 4884; baseline 0.004 -5"><span class='ocrx_word' id='word_1_346' title='bbox 337 4819 378 4880; x_wconf 92' lang='lat'><strong>11.</strong></span> <span class='ocrx_word' id='word_1_347' title='bbox 1454 4831 1490 4884; x_wconf 82' lang='lat' dir='ltr'><strong>to</strong></span> 
     </span>
    </p>
   </div>
   <div class='ocr_carea' id='block_1_6' title="bbox 0 0 2188 5876">
    <p class='ocr_par' dir='ltr' id='par_1_6' title="bbox 0 0 2188 5876">
     <span class='ocr_line' id='line_1_35' title="bbox 0 0 2188 5876; baseline 0 6"><span class='ocrx_word' id='word_1_348' title='bbox 0 0 2188 5876; x_wconf 95' lang='lat' dir='ltr'><strong> </strong></span> 
     </span>
    </p>
   </div>
  </div>
 </body>
</html>
