4298 5898
527 583 589 646 458
1029 591 1242 656 tutotuto!
1269 593 1442 656 SECUNDl
1752 596 1830 676 [lin.
1849 596 1934 660 lm

530 719 748 796 ordinatione
765 733 898 818 nostra,
913 726 949 799 in
968 729 1034 802 isto
1053 737 1168 804 brnen
1184 732 1365 827 privilegio
1387 731 1616 828 permittimus
1633 753 1704 805 nou
1723 733 1861 829 apponi.
1881 732 1936 806 Ad

531 845 636 938 hujus
659 855 775 920 autern
807 859 922 924 nostre
946 854 1175 928 concessionis
1199 866 1234 929 et
1262 853 1529 930 confirmationis
1558 864 1593 931 et
1616 854 1812 952 supradicte
1837 859 1937 930 dau-

529 971 606 1044 sule
626 981 740 1046 amote
763 975 962 1048 memorium
978 987 1013 1050 et
1027 987 1226 1076 perpetuum
1250 981 1461 1074 firmitatem,
1483 1001 1622 1078 precem
1639 981 1856 1077 privilegium
1876 1005 1937 1078 per

529 1117 655 1170 manus
667 1097 796 1193 Pagani
810 1101 935 1174 notarii
948 1113 983 1175 et
998 1101 1111 1177 fidelis
1126 1105 1234 1178 nostri
1252 1105 1357 1179 scribi
1374 1107 1519 1180 lecimus
1535 1117 1570 1179 et
1584 1105 1698 1203 sigillo
1710 1115 1824 1180 nostro
1837 1129 1937 1182 ccrco

529 1221 693 1296 roborari.

576 1349 701 1421 Datum
719 1350 814 1445 apud
828 1353 1027 1447 Syracusas,
1044 1377 1137 1430 auno
1153 1356 1326 1432 dominice
1340 1355 1585 1430 incarnationis
1598 1356 1804 1452 Mottxxlv,
1818 1379 1935 1431 mensa

528 1475 668 1569 augusti
684 1475 751 1570 (l),
770 1474 959 1553 indictione
971 1481 1046 1554 llll.

741 1789 948 1800 ..annnam-0-
956 1791 1157 1801 ·-n-u—m—
1168 1793 1178 1800 ·
1187 1793 1199 1800 ιι
1211 1792 1723 1804 --—-————-—-——-··——

318 2101 498 2212 omps
578 2074 787 2184 imperator
804 2101 874 2186 pro
895 2075 1134 2160 libertatibus
1162 2075 1407 2160 ecclesiarum
1434 2084 1472 2160 et
1493 2073 1717 2160 clericorum
1733 2074 1933 2187 justitiario

524 2207 661 2291 Terrae
679 2207 836 2292 Laboris
859 2234 949 2292 suas
971 2209 1115 2292 litteras
1133 2209 1272 2316 mittit,
1292 2209 1331 2291 iu
1353 2209 1496 2321 quibus
1513 2211 1675 2294 maudut
1699 2221 1742 2293 ut
1759 2209 1930 2292 ecclesias

523 2369 682 2450 omues,
711 2343 889 2447 clericos,
920 2341 1152 2426 obedientias
1164 2405 1175 2446 ,
1206 2344 1463 2452 possessiones
1500 2353 1538 2426 et
1571 2342 1748 2427 homines
1776 2367 1930 2448 earum,

523 2487 655 2558 contra
677 2475 868 2560 libertates
896 2501 994 2584 quas
1016 2475 1230 2558 habuerant
1254 2475 1488 2586 temporibus
1511 2501 1668 2588 regum,
1689 2475 1931 2581 intellectis,

521 2608 665 2716 talleis,
693 2609 805 2692 datiis
832 2619 870 2692 et
897 2609 982 2691 aliis
1007 2608 1171 2719 publicis
1198 2609 1358 2691 servitiis
1386 2609 1602 2693 ammisceri
1630 2636 1720 2694 cum
1747 2609 1829 2692 aliis
1856 2633 1932 2692 uon

521 2739 741 2853 permittant
763 2753 801 2826 et
820 2743 917 2825 nibil
935 2742 1149 2826 cumlaiois
1167 2743 1450 2854 participantia
1470 2744 1635 2852 eisdem,
1659 2743 1734 2825 nisi
1756 2741 1934 2853 probetur

521 2878 625 2987 quod
645 2887 813 2989 tempore
837 2877 939 2990 regis
961 2875 1153 2961 Guillelmi
1176 2877 1332 2960 secundi
1359 2903 1445 2960 cum
1466 2877 1521 2961 eis
1544 2878 1584 2960 iu
1606 2875 1826 2988 hujusmodi
1845 2901 1931 2959 ser-

519 3011 620 3094 vitiis
643 3011 905 3096 contulissent.
927 3011 1028 3096 Rroc.
1048 3039 1093 3092 on
1114 3011 1154 3094 S.
1178 3013 1317 3118 Gustu,
1338 3010 1510 3096 Clrouic.
1536 3017 1589 3094 ud
1604 3039 1692 3094 uuo.

748 3325 1710 3340 mm

575 3617 807 3720 Friderious,
838 3617 1097 3698 Romanorum
1125 3614 1353 3723 imperator,
1388 3613 1439 3694 ad
1468 3609 1757 3722 requisitionem
1789 3607 1916 3692 Albert

522 3749 860 3862 Magdeburgeusis
883 3747 1153 3858 archiepiscopi
1180 3747 1330 3830 comitis
1356 3744 1603 3831 Romauiolae
1627 3756 1664 3828 et
1686 3741 1931 3827 Lombardiae

522 3886 661 3998 legati,
681 3895 840 3967 renovat
863 3891 900 3964 et
921 3882 1123 3965 inserendo
1142 3881 1344 3965 coufirmat
1364 3880 1605 3992 privilegium
1628 3877 1840 3961 ullomodo
1863 3899 1930 3956 se·

523 4020 649 4105 cundo
666 4019 928 4103 Romanorum
946 4043 1034 4126 rege
1048 4016 1250 4122 collatum,
1270 4042 1348 4125 quo
1366 4013 1642 4098 confirmantur
1658 4037 1792 4095 omnes
1809 4011 1932 4092 dona-

524 4155 644 4236 tiones
668 4152 717 4234 ab
741 4149 1032 4260 imperatoribus
1061 4149 1200 4234 Ottone
1222 4149 1367 4258 prime,
1388 4149 1556 4232 sccmrdo
1577 4157 1614 4230 et
1631 4145 1741 4229 tertio
1767 4169 1835 4226 nec
1854 4167 1930 4226 nou

525 4296 562 4370 et
580 4285 629 4368 ab
646 4285 808 4368 Henrico
828 4283 994 4368 secundo
1008 4283 1132 4367 eidem
1148 4283 1327 4367 ecclesiae
1342 4283 1478 4366 ianoe.

607 4497 705 4578 (nato
725 4499 948 4570 Saomuanrus,
969 4495 1045 4558 aar.
1069 4494 1164 4558 daut.
1186 4493 1456 4580 Mupdcbrrrpcarir,
1477 4497 1530 4561 lib.
1545 4497 1599 4571 lv,
1620 4513 1671 4574 ap.
1691 4497 1824 4566 corsua,
1844 4499 1867 4554 t
1887 4492 1927 4564 II,

564 4733 600 4807 (t)
619 4733 727 4807 Lep'tur
738 4734 766 4791 in
778 4735 910 4808 impresso
923 4736 991 4792 taso
1005 4731 1049 4792 oto
1062 4737 1079 4792 t
1093 4735 1214 4809 auperti.
1230 4735 1283 4792 Sed
1297 4733 1374 4794 iacile
1386 4735 1558 4796 amanuensis
1571 4751 1647 4793 error
1659 4733 1825 4793 emendant.
