4368 5876
281 571 376 632 rores.
394 570 438 650 a]
729 564 927 628 ursacius
952 564 1244 630 urrnonsrrca.
1653 573 1694 636 aa

280 715 445 801 perpetuo
474 701 717 778 confirmamus
740 703 808 797 ipsi
833 723 931 775 sacro
955 701 1164 776 monasterio
1184 702 1284 776 beate
1309 701 1415 777 biario
1437 705 1602 800 Virginis,
1630 730 1693 804 pro

280 827 469 900 reverentia
491 825 610 920 regine
628 824 805 919 virginum
822 823 870 896 ad
892 825 992 917 cujus
1010 824 1150 899 landem
1164 833 1200 898 et
1216 824 1361 919 gloriam
1379 826 1495 931 ipsum
1516 841 1693 902 monaste-

280 951 368 1024 rinm
391 963 444 1025 est
457 958 712 1043 constructum,
728 969 949 1044 quecumque
970 949 1006 1024 in
1031 949 1222 1046 privilegiis
1245 949 1461 1046 imperatoris
1478 960 1514 1025 et
1537 952 1691 1050 impera-

279 1076 372 1149 tricis
399 1084 580 1172 parentnm
596 1083 794 1148 nostrornm·
813 1073 973 1148 divorum
993 1073 1145 1146 felicium
1163 1081 1392 1166 angustorum
1414 1076 1611 1149 stallorum
1634 1079 1692 1151 le-

279 1201 397 1274 licinm
414 1223 537 1296 regum
553 1199 836 1296 predecessorum
855 1207 1048 1270 nostrornm
1063 1196 1109 1269 dc
1123 1197 1411 1289 immunitatibus,
1428 1199 1643 1276 libertatibus
1656 1212 1691 1276 et

278 1323 558 1398 concessionibus
577 1321 688 1418 ipsius
710 1320 920 1406 monasterii,
941 1319 1230 1406 obedientiarum,
1252 1321 1405 1394 locorum
1421 1331 1457 1393 et
1472 1325 1690 1398 vasallorum

279 1469 420 1521 suornm
436 1448 588 1543 apertius
605 1445 835 1537 continentur,
855 1465 987 1518 necnon
1006 1454 1042 1517 at
1057 1454 1182 1519 terram
1201 1444 1408 1519 Mercurium
1426 1467 1505 1519 cum
1528 1449 1690 1523 omnibns

279 1573 493 1664 bominibus,
516 1570 728 1660 tenimentis,
742 1570 899 1665 juribus,
915 1569 1132 1642 libertatibus
1154 1578 1189 1642 et
1210 1570 1424 1666 pertinentiis
1446 1573 1519 1644 suis
1537 1573 1689 1647 francam

278 1707 312 1771 et
330 1699 471 1771 liberam
488 1697 533 1769 ab
548 1696 644 1768 omni
659 1695 802 1768 servitio
814 1693 998 1790 personali,
1018 1693 1102 1768 reali
1117 1702 1151 1768 et
1166 1694 1277 1768 rebus
1294 1716 1517 1790 personarum
1536 1696 1689 1792 ipsarum

278 1831 312 1894 et
328 1823 374 1894 ab
397 1819 559 1895 erunibus
581 1819 747 1906 collectis,
769 1817 965 1912 adjutoriis,
993 1818 1116 1905 datiis,
1140 1818 1381 1892 exactionibus
1398 1819 1544 1914 aliisque
1561 1843 1690 1914 grava-

278 1946 446 2037 minibus,
465 1966 570 2040 quam
593 1942 771 2039 qnondam
789 1942 1025 2040 progenitores
1041 1943 1148 2016 nocui
1166 1942 1241 2016 divi
1257 1943 1396 2037 augusti
1415 1944 1580 2018 memorio
1593 1967 1689 2018 reco-

277 2068 378 2143 lende
398 2071 465 2166 ipsi
480 2091 577 2142 sacro
596 2067 802 2142 monasterio
823 2068 860 2138 in
881 2067 1136 2162 eleemosynam
1159 2068 1376 2141 donaverunt
1393 2078 1428 2142 et
1447 2081 1689 2144 concesserunt

276 2193 428 2266 lrancam
446 2203 481 2266 et
491 2194 635 2266 liberam
650 2192 696 2266 ab
709 2191 805 2265 omni
820 2211 924 2264 onere
938 2190 1113 2264 servitutis
1129 2201 1164 2264 et
1175 2192 1338 2283 collectis,
1356 2191 1550 2286 adjutoriis,
1569 2193 1685 2286 datiis,

276 2317 516 2390 exactionibus
537 2316 684 2410 aliisque
703 2315 966 2409 gravaminibus
984 2315 1165 2406 omnibus,
1184 2325 1288 2412 prout
1305 2315 1343 2388 in
1361 2337 1482 2390 eorum
1498 2318 1688 2415 privilegiis

276 2441 321 2514 ab
336 2441 467 2514 eisdem
486 2441 553 2537 ipsi
566 2439 773 2514 monasterio
790 2439 955 2514 conlectis
967 2439 1097 2512 exinde
1112 2439 1247 2535 plenius
1260 2440 1465 2514 continetur.
1480 2441 1557 2526 Qus
1569 2443 1686 2516 omnia

276 2567 429 2640 vidimus
456 2576 491 2639 et
516 2576 669 2639 tenorem
697 2566 850 2660 ipsorum
873 2563 1090 2660 inspeximus
1117 2563 1317 2658 diligenter,
1342 2564 1428 2636 nulli
1455 2565 1600 2638 ulterius
1624 2587 1686 2640 ue·

275 2690 423 2763 cessario
446 2688 659 2762 ostendenda
680 2698 715 2761 et
741 2688 894 2783 ipsorum
918 2687 1135 2783 inspiciendo
1156 2698 1191 2761 et
1211 2687 1359 2781 legendo
1380 2695 1497 2762 tenore
1517 2686 1585 2784 (c),
1603 2691 1687 2784 qnia

275 2813 427 2887 vidimus
449 2824 483 2888 et
509 2815 678 2887 scivimus
700 2835 743 2887 ea
769 2814 902 2908 absque
924 2814 1041 2909 aliquo
1071 2812 1156 2886 vitio
1178 2823 1213 2887 et
1239 2812 1492 2909 vituperatione
1516 2815 1682 2888 muletam.

274 2938 521 3013 Conlirmamus
548 2939 652 3013 etiarn
681 2938 749 3034 ipsi
774 2939 981 3013 monasterio
1005 2937 1225 3014 concordiam
1252 2959 1300 3010 ex
1324 2939 1565 3014 commissione
1591 2939 1686 3013 curie

273 3073 388 3136 nostre
402 3063 630 3136 communiter
646 3064 771 3136 iactam
794 3062 1015 3157 interipsum
1039 3071 1074 3134 et
1089 3059 1275 3136 liebertum
1297 3062 1485 3138 Malerbam
1505 3063 1685 3139 dominum

273 3189 471 3260 Submontis
496 3187 634 3261 fidelem
659 3197 831 3278 nostrum,
857 3194 959 3282 prout
981 3187 1091 3281 ipsius
1116 3187 1301 3261 concordie
1329 3187 1507 3283 publicum
1534 3189 1686 3264 continet

272 3311 554 3404 instrumentum,
572 3311 618 3384 de
635 3311 815 3406 questione
834 3330 940 3404 quam
954 3308 1048 3384 idem
1071 3310 1240 3384 Robertus
1256 3320 1411 3386 moverat
1432 3323 1550 3386 contra
1567 3313 1683 3409 ipsum

272 3437 517 3510 monasterium
535 3457 598 3533 pro
620 3437 796 3531 aliquibus
816 3435 965 3510 servitiis
987 3445 1023 3508 et
1046 3435 1242 3509 redditibus
1265 3459 1335 3531 qne
1355 3437 1401 3510 ab
1421 3438 1544 3512 eodem
1564 3460 1683 3514 mona·

271 3561 373 3633 sterio
385 3571 421 3634 et
435 3559 633 3633 hominibus
647 3560 770 3632 casalis
787 3559 944 3652 alusdem
962 3559 1058 3653 quod
1073 3558 1200 3632 dicitur
1213 3560 1410 3634 Fontanelle
1423 3583 1504 3634 cnm
1520 3562 1684 3636 instantia

270 3685 478 3779 requirebat.
503 3685 648 3780 lnsuper
670 3685 893 3758 concedimus
915 3693 950 3758 et
974 3682 1219 3758 confirmamus
1242 3685 1308 3780 ipsi
1329 3686 1535 3759 monasterio
1554 3686 1683 3762 babere

268 3819 303 3882 ct
321 3809 494 3905 percipere
515 3818 681 3905 perpetuo
702 3808 748 3882 de
766 3809 845 3883 lacu
858 3808 997 3882 Alesiae
1013 3809 1193 3882 annuatim
1214 3809 1399 3904 sexaginta
1417 3820 1524 3884 sertas
1539 3813 1682 3907 anguil-

268 3935 379 4008 larum
398 3935 443 4007 de
462 3934 590 4030 grossis
609 3944 645 4008 et
662 3935 914 4030 supergressis,
938 3955 1027 4029 quas
1042 3935 1220 4029 qnondam
1236 3936 1384 4010 Mattens
1407 3957 1522 4010 comes
1541 3937 1680 4010 Alesiae

267 4059 435 4132 concessit
455 4067 490 4132 et
508 4059 653 4134 donavit
671 4059 738 4156 ipsi
760 4059 967 4134 monasterio
988 4080 1125 4156 semper
1144 4061 1272 4134 habere
1296 4059 1426 4133 ibidem
1448 4069 1484 4133 et
1504 4061 1679 4158 percipere

266 4185 464 4274 annuatim,
495 4194 598 4281 prout
632 4185 743 4282 ipsius
774 4184 1005 4260 concessionis
1032 4193 1068 4260 et
1093 4184 1288 4260 donationis
1321 4185 1497 4280 publicum
1527 4185 1678 4259 continet

264 4308 542 4382 instrumentum.
563 4308 620 4383 Ad
640 4313 804 4404 majorem
822 4329 963 4405 quoqne
985 4311 1153 4384 cantelam
1180 4308 1330 4403 quedam
1355 4309 1399 4382 de
1418 4307 1580 4404 predictis
1600 4331 1674 4382 om·

266 4432 370 4507 nibus
386 4455 456 4528 quc
472 4433 538 4529 ipsi
554 4435 761 4508 monasterio
780 4435 1023 4510 confirmamus
1039 4435 1185 4532 propriis
1206 4433 1373 4510 duximus
1398 4435 1595 4510 nominibus
1611 4457 1675 4510 ex·

303 4695 343 4774 (a)
364 4695 552 4760 Correnlmus
564 4699 606 4760 lbl
618 4716 693 4780 qnae
706 4703 832 4764 nimium
847 4703 878 4763 ln
891 4703 1031 4778 impresso
1043 4703 1264 4780 grummmlccm
1276 4701 1460 4781 perturbant.

363 4803 404 4864 ss.
1479 4819 1515 4871 tn
