4436 5870
536 524 576 583 aa
988 571 990 578 ,
1036 529 1250 591 rnrnanrcr
1276 532 1449 596 secunnr
1756 533 1838 616 [ln.
1859 533 1944 596 imo.

539 659 1048 752 castrum‚curiam,alloderios
1059 663 1944 759 llisantari,castrum,cnriam,alloderiosPoliciani,

540 790 702 873 castrum,
720 784 851 856 curiam
865 795 900 858 et
912 787 1096 862 allnderios
1110 788 1212 880 Luci,
1229 801 1393 884 castrum,
1410 792 1541 866 curiam
1553 801 1588 864 et
1600 793 1782 868 allodcrios
1796 795 1896 885 Poce,
1912 803 1947 866 et

540 906 708 1000 quicquid
727 907 793 1002 ipsi
813 909 941 982 babent
958 913 1013 984 vel
1030 933 1149 984 eornm
1167 923 1400 990 antecessores
1417 917 1451 988 in
1467 917 1624 990 blancana
1638 919 1753 1010 curia,
1776 927 1944 1006 castrum,

539 1030 670 1103 curiam
692 1040 727 1103 et
750 1032 933 1106 alloderios
955 1036 1149 1131 Campiani,
1176 1048 1326 1112 castrum
1351 1051 1386 1114 et
1409 1040 1592 1114 allodarios
1615 1042 1692 1114 Rivi
1720 1041 1945 1122 Cornaelarii‚

539 1164 701 1246 castrum,
716 1157 847 1228 curiam
859 1167 893 1229 et
901 1157 1084 1232 allodarios
1097 1161 1217 1251 Castri,
1229 1163 1301 1234 loca
1315 1186 1385 1258 que
1398 1164 1561 1238 dicuntur
1575 1163 1750 1260 Poggialto
1761 1173 1796 1238 et
1811 1163 1944 1252 Friena,

539 1279 670 1350 curiam
692 1289 728 1352 et
748 1279 931 1355 alloderios
956 1283 1170 1374 eorumdem,
1191 1295 1361 1376 castrum,
1381 1286 1513 1358 curiam
1529 1295 1564 1358 et
1579 1285 1760 1358 alloderios
1782 1285 1945 1375 Santerii,

539 1415 701 1494 castrum,
718 1405 865 1497 curiam,
880 1405 1063 1480 alloderios
1080 1409 1239 1504 Raperii,
1255 1409 1414 1482 Rientnm
1433 1409 1597 1483 vicariam
1613 1433 1693 1483 cnm
1711 1409 1808 1482 curia
1820 1419 1854 1482 et
1876 1407 1947 1481 dis·

537 1530 657 1620 trictu,
675 1541 824 1601 castrum
836 1532 943 1604 Vallis
957 1555 1037 1604 oum
1050 1534 1162 1624 curia,
1179 1534 1354 1608 allodariis
1367 1544 1401 1606 et
1415 1535 1571 1607 districtu
1587 1534 1760 1628 ejusdem,
1777 1543 1944 1617 castrum,

538 1654 686 1740 curiam,
702 1653 885 1726 allodarios
898 1655 1062 1751 Capitini,
1084 1659 1215 1730 curiam
1228 1669 1261 1730 et
1276 1657 1458 1731 alloderios
1476 1658 1683 1745 Petramale,
1699 1668 1870 1747 castrum,
1887 1679 1948 1728 cu-

539 1778 639 1868 riam,
656 1777 839 1850 alloderios
852 1779 964 1868 Pellii,
983 1790 1147 1868 castrum,
1165 1782 1309 1868 auriam,
1324 1779 1507 1854 allodarins
1520 1782 1658 1871 Colette,
1673 1781 1805 1853 curiam
1817 1789 1853 1852 et
1865 1780 1949 1851 allo-

539 1899 1421 1994 deriosMonteodorii,castrum,curiam,alloderios
1430 1903 1944 2000 Burdegni,oastrnm,curiam,

537 2025 719 2098 alloderios
732 2025 925 2099 Petramore
939 2049 1018 2098 cum
1031 2028 1193 2118 vallibus,
1205 2029 1392 2119 montibus,
1409 2027 1574 2124 planitiis,
1591 2029 1747 2120 collibus,
1764 2028 1874 2118 silvis,
1890 2047 1949 2099 ve·

538 2150 748 2237 nationibus,
768 2150 993 2240 molendinis,
1013 2152 1125 2247 aquis,
1143 2173 1311 2246 aquarum
1330 2151 1611 2244 decursionibus,
1635 2153 1772 2245 insulis,
1796 2151 1949 2224 llnmini-

538 2275 625 2365 bus,
647 2275 753 2369 ripis,
778 2275 1047 2370 piscationibus,
1072 2277 1251 2372 pedagiis,
1273 2276 1431 2367 teloneis,
1451 2277 1629 2368 mercatis,
1651 2277 1831 2366 curaticis,
1847 2274 1949 2348 datiis

537 2407 572 2470 et
597 2397 718 2470 aoattis
742 2407 775 2472 et
797 2398 874 2470 aliis
897 2400 1111 2494 pertinentiis
1142 2401 1344 2474 eorumdem
1368 2421 1448 2472 cum
1473 2402 1554 2493 jura
1584 2399 1819 2474 constituendi·
1838 2401 1947 2472 lorum

536 2532 571 2596 et
597 2531 759 2596 mercata.
788 2524 918 2596 Demus
943 2525 1046 2597 etiam
1072 2531 1107 2596 ot
1133 2525 1361 2619 permittimus
1385 2525 1535 2618 presenti
1565 2525 1691 2619 pagina
1725 2531 1761 2596 et
1788 2523 1833 2596 de
1859 2540 1949 2593 novo

537 2647 759 2722 concedimus
783 2647 948 2742 predictis
975 2648 1137 2721 fidelibus
1168 2651 1293 2721 nostris
1320 2649 1465 2742 Ugclino
1489 2648 1664 2722 Albinnnis
1692 2658 1728 2720 et
1751 2645 1896 2739 Ussolinn
1917 2655 1950 2715 et

536 2771 725 2860 Albizc[ni]
754 2773 829 2863 ejus
863 2773 1045 2868 nepotibus
1084 2773 1354 2867 eorumdemque
1394 2773 1581 2846 heredibus
1614 2772 1776 2844 masculis
1811 2769 1949 2844 fodrum

539 2904 693 2968 nostrum
716 2895 892 2988 imperiale
909 2895 1004 2989 quod
1026 2898 1181 2970 homines
1198 2920 1317 2971 eorum
1340 2899 1552 2992 ubicumque
1569 2895 1696 2968 luerint
1712 2906 1747 2968 et
1763 2897 1832 2968 sint
1850 2894 1886 2964 in
1902 2893 1949 2963 ci·

538 3020 645 3116 ritate
662 3018 824 3092 videlieet
841 3021 897 3092 vel
912 3023 1031 3094 castris
1045 3024 1101 3094 vel
1117 3023 1209 3095 villis
1224 3025 1280 3096 vel
1296 3024 1379 3096 alibi
1391 3023 1492 3096 nobis
1505 3033 1541 3096 et
1557 3021 1680 3094 nuntio
1694 3030 1809 3092 nostro
1823 3019 1949 3092 debant

538 3145 685 3232 solvere,
704 3153 875 3237 quatenus
896 3145 983 3216 illud
1000 3146 1171 3238 Ugulinns
1198 3147 1372 3220 Albizonis
1400 3157 1434 3220 et
1452 3147 1622 3239 Ugnlinus
1638 3156 1673 3216 et
1690 3144 1811 3216 Albino
1835 3153 1870 3215 et
1891 3161 1949 3214 eo-

539 3288 617 3340 rum
640 3266 784 3340 heredes
807 3266 923 3359 quiete
942 3269 1092 3341 habeant
1117 3279 1152 3342 et
1174 3272 1274 3365 plene
1296 3271 1515 3366 possideant,
1540 3269 1636 3340 nullo
1653 3287 1807 3361 unquam
1830 3265 1949 3338 nuntio

541 3401 656 3462 nostro
673 3392 730 3462 vel
746 3391 860 3482 legato
878 3393 935 3464 vel
948 3393 1066 3486 aliquo
1078 3395 1146 3465 alio
1158 3395 1413 3467 contradicente
1426 3394 1482 3466 vel
1500 3392 1723 3487 impediente.
1743 3393 1794 3462 De
1810 3388 1950 3484 speciali

539 3534 678 3608 qnoque
695 3514 804 3607 gratia
818 3514 910 3608 ipsos
931 3516 1117 3608 Ugnlinum
1137 3517 1312 3590 Albizonia
1326 3527 1360 3590 et
1375 3517 1562 3610 Ugulinum
1575 3525 1610 3587 et
1622 3511 1853 3606 Albizonem(
1873 3512 1947 3607 )....

543 3639 670 3711 intuitu
688 3641 822 3712 sincera
838 3640 1032 3714 devotionis
1049 3652 1085 3715 et
1101 3642 1344 3736 obsequiorum
1360 3664 1429 3735 que
1443 3642 1508 3737 ipsi
1523 3639 1623 3713 nobis
1638 3649 1673 3711 et
1693 3638 1837 3732 imperio
1853 3636 1950 3708 exbi-

542 3763 708 3856 buerunt,
726 3763 810 3859 ipsis
824 3774 858 3836 et
873 3765 1062 3838 heredibus
1079 3788 1198 3838 eorum
1213 3767 1374 3839 masculis
1388 3764 1610 3838 concedimus
1622 3773 1657 3836 et
1671 3762 1809 3857 plenam
1827 3761 1950 3832 damus

542 3886 739 3960 facultatem
755 3889 791 3958 in
804 3889 877 3960 solo
892 3910 956 3960 suo
971 3899 1041 3961 tam
1059 3891 1095 3960 in
1113 3890 1314 3963 civitatibus
1329 3891 1498 3962 Florentia
1513 3898 1548 3960 et
1564 3888 1716 3960 Bononia
1732 3906 1837 3978 qnam
1853 3890 1950 3954 extra

544 4022 578 4084 et
592 4011 784 4107 specialiter
801 4013 838 4083 in
856 4012 1019 4107 predictis
1037 4023 1072 4086 et
1090 4014 1243 4106 quolibet
1261 4014 1492 4108 predictorum
1507 4011 1568 4084 nbi
1583 4009 1752 4083 voluerint
1765 4005 1948 4080 edificandi

545 4145 580 4207 et
600 4135 824 4208 reedificandi
847 4137 1017 4208 incorum
1039 4137 1144 4208 curiis
1163 4137 1263 4210 novis
1279 4148 1315 4209 et
1329 4138 1481 4232 antiquis
1504 4137 1615 4226 nulla,
1638 4155 1793 4226 unquam
1816 4130 1951 4226 propria

546 4267 726 4351 potestate,
741 4259 882 4331 consule
899 4261 955 4332 vel
971 4261 1172 4334 consulibus
1188 4263 1242 4334 val
1258 4263 1450 4352 communi,
1469 4260 1613 4354 collegio
1633 4259 1688 4331 vel
1707 4253 1948 4336 universitate,

547 4380 642 4452 nnllo
666 4381 788 4454 nuntio
813 4391 928 4454 nosco
950 4386 1007 4456 vel
1030 4386 1143 4478 legato
1167 4386 1422 4460 connadicenta
1441 4387 1497 4458 vel
1516 4382 1738 4479 impediente.
1760 4381 1816 4451 Ex
1836 4379 1954 4451 abun·-

581 4650 630 4729 (a)
651 4651 740 4711 Deest
750 4651 863 4728 aliquid
875 4657 906 4713 ln
920 4657 1076 4731 impressis.
