4298 5898
184 569 286 631 rere.
306 565 365 651 ra]
632 523 830 625 ursnonra
854 559 1145 622 urrnouarrca
1534 561 1596 625 499

238 703 424 790 Honorius,
439 710 521 791 ete,
535 700 716 774 Frederico
727 699 864 790 illustri,
877 709 943 772 etc.
958 701 1049 770 lnter
1065 697 1162 789 alias,
1178 705 1243 769 etc.
1264 697 1428 792 [Exponit
1440 701 1594 770 omnium

186 849 391 922 suspensam
407 823 530 897 auxilii
543 825 588 896 ab
602 826 677 920 ipso
693 828 816 898 Terrae
829 827 974 898 Sanctae
991 821 1123 894 ferendi
1136 822 1423 916 expectationem,
1439 845 1518 920 spes
1534 823 1596 898 dc·

186 953 284 1024 lusae
307 973 417 1045 quum
438 949 485 1022 ad
504 949 687 1024 torminum
709 949 904 1045 praefixum
924 969 994 1021 non
1016 946 1307 1037 transfretaverit,
1323 947 1541 1044 jactatasque
1560 949 1598 1022 in

187 1075 304 1170 ipsum
319 1073 404 1146 etin
421 1073 545 1146 Sedem
566 1075 786 1169 apostolicam
803 1074 978 1168 improbas
995 1093 1099 1144 voces
1116 1071 1162 1143 ob
1177 1071 1353 1165 graviores
1371 1073 1447 1162 ejus
1467 1094 1594 1145 moras.

187 1201 276 1270 Tum
294 1199 473 1292 subiungit
493 1199 526 1292 z]
543 1199 587 1270 Ut
603 1219 644 1270 ea
660 1221 729 1292 que
745 1199 781 1270 in
797 1198 960 1292 rescripto
982 1196 1082 1268 nobis
1100 1195 1255 1267 exhibito
1277 1197 1505 1285 continentur,
1525 1197 1598 1268 effi·

189 1323 334 1412 caciter,
359 1324 388 1394 si
410 1322 532 1395 datum
554 1322 656 1394 luerit
684 1321 858 1417 desuper,
884 1321 1130 1416 compleantur,
1157 1329 1259 1415 prout
1283 1319 1358 1414 ipse
1383 1320 1599 1392 voluntarius

190 1446 344 1519 obtulisti
361 1456 396 1519 et
411 1455 499 1518 esta
519 1445 619 1518 nobis
637 1454 673 1517 et
688 1446 812 1517 nostris
830 1445 991 1517 iratribus
1010 1453 1224 1539 acceptatum
1234 1497 1244 1535 ,
1267 1465 1347 1516 ecce
1365 1444 1598 1517 venerabilem

191 1572 330 1644 fratrem
353 1569 391 1642 Ρ.
412 1569 642 1642 Albanensem
664 1569 866 1664 episcopum
890 1578 926 1640 et
947 1568 1109 1641 dilectum
1131 1567 1240 1640 filium
1265 1577 1420 1641 nostrum
1442 1567 1483 1640 G.
1510 1567 1599 1640 tituli

191 1695 307 1768 Sancti
329 1695 467 1766 Martini
488 1695 727 1790 presbyterum
754 1691 983 1784 cardinalem,
1007 1693 1101 1765 viros
1126 1693 1247 1786 ntique
1273 1693 1415 1788 probate
1438 1692 1598 1778 virtutis,

192 1819 377 1913 conspicue
396 1818 584 1892 honestatis
606 1827 641 1890 et
664 1818 846 1890 eminentis
864 1817 1022 1906 scientie,
1051 1838 1138 1912 quos
1154 1817 1251 1889 velut
1277 1818 1453 1893 columnae
1470 1825 1600 1890 erectas

193 1943 230 2016 in
248 1944 352 2017 domo
371 1942 503 2015 Domini
519 1951 554 2015 et
570 1944 685 2016 stellas
699 1943 735 2014 in
756 1941 969 2014 firmamento
982 1941 1134 2015 Ecclesia
1146 1942 1338 2014 relucentes
1353 1964 1417 2014 nos
1433 1950 1467 2014 et
1480 1943 1600 2015 iratres

191 2068 299 2140 nostri
312 2067 451 2162 speciali
472 2069 690 2165 prerogativa
704 2069 896 2142 dilectionis
910 2077 944 2139 et
958 2066 1066 2161 gratie
1081 2067 1334 2162 amplexamur,
1352 2067 1535 2140 commisso
1550 2068 1600 2140 eis

192 2192 296 2287 plene
314 2191 493 2284 legationis
509 2193 621 2265 officio
634 2192 851 2288 providimus
868 2190 913 2263 ad
932 2200 1025 2264 tuam
1045 2191 1253 2286 presentiam
1270 2191 1509 2283 destinandos,
1529 2201 1595 2264 ete.

196 2315 377 2414 [Hortatur
394 2327 434 2389 ut
453 2318 583 2411 legatos
604 2317 799 2390 humaniter
815 2316 982 2412 accipiat,
1001 2316 1144 2412 imperia
1165 2316 1208 2388 iis
1227 2315 1407 2388 commissa
1425 2325 1596 2410 capessat,

193 2442 395 2536 praeteritae
420 2442 650 2537 negligentiae
673 2451 789 2515 notam
819 2441 954 2514 ardenti
978 2439 1213 2514 conficiendae
1239 2439 1372 2514 tamdiu
1397 2449 1600 2535 expectatae

194 2565 425 2662 expeditionis
445 2567 561 2640 studio
582 2566 748 2661 depellat;
773 2574 847 2638 tum
871 2563 1040 2660 significat
1062 2565 1178 2638 datam
1202 2563 1435 2638 cardinalibus
1457 2565 1600 2659 provin·

195 2690 283 2763 ciam
298 2700 333 2762 ut
351 2692 465 2786 ipsum
480 2690 527 2764 ad
546 2712 590 2764 ea
604 2690 774 2766 servanda
789 2712 879 2784 qnae
895 2691 931 2762 in
946 2687 1122 2786 pontificio
1140 2689 1327 2786 diplomate
1341 2697 1502 2764 contenta
1520 2699 1601 2762 sunt

194 2824 408 2888 sacramento
421 2815 642 2909 astringant]

242 2941 368 3012 Datum
384 2939 488 3012 lleate
504 2936 570 3036 (l),
586 2939 650 3014 XV
666 2937 832 3013 kalendas
847 2937 1002 3034 augusti,
1021 2961 1113 3014 anno
1126 2939 1186 3012 Ill.

249 3552 396 3634 Interea
413 3552 618 3660 imperator
630 3576 764 3634 omnes
781 3551 890 3662 regni
912 3551 1100 3660 praelatos
1119 3551 1169 3633 ad
1187 3576 1227 3634 se
1244 3549 1284 3630 in
1304 3547 1481 3657 Apuliam
1499 3557 1608 3633 uocat
1722 3589 1736 3620 u

199 3694 236 3767 et
264 3711 328 3768 eos
351 3711 575 3796 quanquam
601 3685 738 3768 inuitos
756 3685 903 3767 tamdiu
927 3710 1055 3766 secum
1078 3683 1258 3789 detinuit,
1273 3683 1396 3765 donec
1415 3708 1483 3791 per
1504 3683 1607 3790 ipsos

198 3845 329 3930 regem
342 3829 383 3902 et
391 3819 646 3929 patriarcham
665 3818 736 3901 sibi
754 3845 824 3927 pro
837 3827 939 3901 certo
952 3818 1118 3902 innotuit
1131 3817 1235 3927 quod
1249 3843 1272 3898 a
1285 3841 1384 3925 papa
1396 3815 1608 3926 benignum

198 3961 419 4062 receperunt
435 3977 662 4062 responsum
680 3977 793 4060 super
814 3951 876 4032 his
899 3951 948 4032 ad
971 3977 1070 4061 qnae
1092 3950 1374 4032 lucrantmissi.
1393 3949 1541 4048 Quibus
1558 3949 1609 4030 ad

200 4083 398 4168 Caesarem
418 4085 688 4192 redeuntibus,
705 4086 755 4167 ad
773 4085 955 4168 Sanctum
969 4085 1201 4169 Germanum
1215 4109 1303 4167 cum
1321 4083 1375 4164 eis
1394 4107 1435 4164 se
1450 4081 1611 4166 eontulit

98 4453 101 4462 ,
234 4404 272 4478 (t)
293 4423 306 4457 a
322 4405 455 4463 Honorius
467 4421 538 4480 papa
550 4405 651 4464 Urbem
665 4405 757 4463 exiens
769 4411 880 4480 propter
894 4403 1038 4462 seditiones
1049 4409 1076 4460 et
1088 4403 1158 4461 bella
1174 4418 1243 4477 quae
1257 4403 1285 4459 in
1296 4418 1329 4460 ea
1342 4401 1412 4460 liunt
1423 4403 1475 4460 sub
1486 4403 1610 4463 Parentio

202 4519 215 4554 a
231 4507 369 4573 senatore,
382 4503 454 4578 apud
467 4503 603 4578 Tybnrem
621 4519 653 4560 se
665 4503 787 4560 contulit.
797 4502 839 4559 Ad
853 4518 934 4576 quam
950 4517 1000 4576 pro
1020 4501 1147 4559 dilatione
1163 4501 1279 4574 passagii
1300 4501 1444 4558 obtinenda
1465 4501 1611 4576 imperator

200 4611 214 4648 ι
229 4597 410 4672 mittitregcnr
420 4599 932 4676 [Hierosolymitannmletpatriaroharn
942 4600 989 4676 qui
1000 4599 1278 4674 tandemapudlleute
1287 4614 1416 4674 accepere
1423 4615 1610 4675 responsum.»

203 4693 274 4750 llrcc.
291 4709 327 4751 nra
343 4697 373 4754 S.
387 4695 492 4769 oum,
506 4696 633 4755 Obroalc.
646 4696 682 4754 cd
692 4713 757 4754 aaa
