4272 5886
179 566 279 626 tuerer.
298 563 363 644 la]
632 560 832 624 HISTORIA
856 559 1154 625 btntcltattca
1541 567 1602 630 553
1707 565 1709 572 ⁴

229 699 400 774 Honorius
414 695 466 794 (c)
480 697 681 794 episcopua,
701 719 824 771 servus
841 719 1020 772 servorum
1036 697 1117 788 Dei,
1136 696 1310 771 Friderico
1326 699 1388 771 Dei
1406 701 1516 793 gretia
1534 703 1602 776 llo·

179 845 362 898 menorum
375 822 586 919 imperatori,
601 844 738 918 semper
753 832 915 918 augusto,
933 823 1080 896 salutem
1092 833 1128 893 et
1139 822 1364 918 apostolicam
1379 825 1602 901 benedictio-

181 969 272 1019 nem.
285 945 453 1034 Quamvis
468 944 516 1019 ed
532 946 687 1041 regimen
702 947 898 1044 Apostolioe
911 947 1012 1022 Sedis
1028 968 1098 1041 que
1111 946 1258 1020 Domino
1273 947 1478 1043 disponente
1493 961 1602 1024 mater

178 1073 336 1144 omnium
353 1070 545 1144 dinoscitur
558 1081 594 1144 et
610 1073 786 1167 magistra,
806 1096 869 1147 nos
887 1072 1135 1146 insufficientes
1150 1073 1282 1146 meritis
1302 1083 1336 1145 et
1354 1075 1523 1169 sapientia
1541 1097 1601 1148 re-

181 1206 360 1293 putemus,
380 1195 536 1269 altissimi
552 1205 667 1272 tamen
683 1199 788 1293 patris
802 1198 1037 1272 misericordia
1052 1198 1273 1292 suffragante,
1289 1198 1334 1270 ab
1352 1197 1421 1271 illis
1439 1209 1601 1294 optamus

181 1343 242 1415 pro
261 1320 396 1396 viribus
414 1320 587 1395 abstinere
603 1343 748 1419 perque
762 1334 880 1395 eontra
897 1345 960 1396 uos
982 1321 1256 1416 indignationem
1271 1322 1410 1397 Domini
1427 1346 1601 1420 provoce-

180 1467 272 1534 mus,
292 1455 329 1519 et
343 1445 487 1520 sollicite
509 1447 674 1520 omnibus
695 1447 875 1522 intendere
898 1469 993 1520 nune
1016 1456 1051 1520 et
1071 1468 1207 1544 semper
1229 1469 1379 1542 quorum
1404 1449 1597 1526 interventu

180 1570 332 1645 officium
356 1570 661 1644 administrationis
680 1571 836 1645 exhibite
859 1571 1079 1646 laudabiliter
1100 1573 1230 1668 exequi
1256 1573 1532 1668 comprobemur.
1549 1577 1600 1649 Ne

180 1695 286 1790 igitur
297 1695 343 1769 de
357 1695 494 1769 illorum
510 1717 586 1770 esse
603 1718 747 1769 numero
770 1697 956 1770 videamur
978 1697 1039 1792 qui
1063 1695 1253 1770 humanam
1278 1698 1434 1772 amittere
1454 1701 1599 1793 gratiam

181 1821 405 1894 formidantes
426 1821 522 1916 loqui
544 1821 651 1894 libere
668 1821 931 1917 pertimescunt,
956 1843 1096 1894 murum
1123 1843 1186 1917 pro
1215 1823 1320 1896 domo
1344 1823 1447 1897 lsrael
1472 1847 1601 1920 ponere

179 1968 244 2020 uos
260 1955 397 2043 oportet
412 1954 447 2020 et
462 1946 571 2018 libera
586 1967 672 2019 voce
690 1946 826 2019 illorum
842 1945 1041 2019 incursibus
1053 1947 1223 2020 contraire
1238 1947 1300 2041 qui
1318 1949 1497 2043 temporali
1514 1971 1598 2022 con·

180 2070 235 2144 fisi
257 2070 409 2166 potentia
434 2069 535 2143 nobis
555 2080 760 2167 presumunt
783 2070 820 2142 in
841 2070 1079 2167 spiritualibus
1102 2071 1293 2144 adversari.
1310 2071 1347 2145 Si
1374 2094 1457 2167 ergo
1481 2095 1603 2170 aspere

179 2196 362 2269 scribimus
378 2195 595 2290 imperatorie
612 2195 799 2290 majestati,
820 2217 866 2268 ex
883 2196 1001 2290 alique
1020 2197 1205 2293 supercilio
1227 2206 1288 2269 aut
1305 2198 1468 2271 elacionis
1485 2201 1601 2294 speeie

179 2341 250 2392 nou
262 2320 434 2416 procedit,
450 2317 514 2393 sed
527 2319 610 2415 quia
625 2320 792 2415 scriptum
807 2329 878 2394 est:
894 2320 1040 2394 «clama
1056 2343 1136 2394 eum
1152 2343 1293 2394 necesse
1309 2330 1377 2414 est,
1396 2323 1497 2416 quasi
1516 2325 1600 2399 tuba

179 2447 294 2520 exalta
314 2465 437 2520 vocem
461 2455 575 2536 tuam,
598 2468 725 2539 argue,
752 2446 915 2539 obsecra,
941 2446 1095 2542 increpa,
1120 2445 1211 2519 iusta
1235 2455 1405 2542 oportune
1429 2469 1470 2521 ac
1494 2448 1598 2521 etiam

179 2571 392 2667 importune,
408 2579 511 2642 ntum
529 2570 612 2666 quie
629 2571 809 2644 turbamur
828 2593 897 2645 nou
919 2571 1094 2646 modicum
1109 2579 1144 2644 et
1160 2569 1318 2644 dolemus
1333 2580 1367 2644 te
1384 2571 1499 2644 subito
1511 2593 1600 2646 cou-

33 2783 37 2788 ,
178 2716 321 2768 versum
342 2695 379 2768 in
401 2716 520 2768 ereum
540 2716 755 2791 perversum,
776 2696 977 2790 quemlore
998 2694 1099 2769 Sedis
1113 2693 1309 2789 Apostolice
1333 2693 1443 2766 lilium
1460 2706 1600 2792 protec-

181 2828 288 2893 torem
297 2819 493 2893 lirmissime
502 2819 798 2893 dicebamuslam
805 2827 974 2916 quantum
983 2818 1298 2900 desideraverimus
1306 2841 1489 2915 personam
1503 2831 1598 2896 tuam

180 2942 227 3016 ad
253 2944 429 3040 imperiale
457 2943 632 3038 fastigium
661 2943 840 3017 sublimari
866 2953 901 3018 et
921 2943 1069 3039 qualiter
1092 2964 1155 3016 uos
1183 2965 1225 3017 ae
1252 2945 1355 3017 etiam
1383 2945 1602 3020 venerabiles

181 3069 301 3142 iratres
318 3067 424 3142 nostri
439 3089 579 3163 operam
601 3066 802 3142 dederimus
820 3068 995 3140 ellicacem
1019 3077 1059 3142 ut
1081 3089 1242 3141 coronam
1268 3068 1402 3165 imperii
1425 3066 1517 3168 [pre]
1542 3093 1600 3144 ce·

180 3191 262 3265 teris
280 3193 546 3290 circumscriptis
555 3193 600 3290 (l)
618 3193 832 3288 principibus
843 3192 1030 3286 obtineres,
1045 3193 1193 3288 presenti
1208 3193 1335 3290 pagiua
1347 3213 1418 3266 uon
1432 3195 1601 3270 duximus

180 3314 420 3410 inserendum,
440 3317 525 3414 quia
542 3327 576 3390 te
589 3319 695 3390 latere
712 3339 781 3390 uon
802 3317 906 3392 debet
926 3339 1007 3390 cum
1023 3339 1086 3414 per
1101 3327 1244 3392 cunctas
1260 3318 1353 3391 orbis
1368 3328 1483 3414 partes
1499 3321 1602 3394 fuerit

181 3439 410 3536 divulgatum.
421 3440 569 3515 Attende
578 3440 683 3535 igitur
690 3440 823 3538 apicem
832 3441 1024 3538 dignitatis,
1031 3444 1093 3538 qui
1103 3465 1163 3539 per
1170 3443 1294 3517 Scdem
1302 3442 1533 3539 Apostolicam
1542 3467 1602 3518 su·

181 3565 473 3638 blimatusmerito
484 3565 591 3639 debes
599 3567 788 3639 Romanam
797 3566 985 3640 Ecclesiam
997 3577 1141 3640 matrem
1157 3576 1250 3639 tuam
1265 3578 1300 3640 et
1311 3568 1487 3642 dominam
1500 3589 1602 3644 reve·

179 3668 248 3762 reri
258 3699 294 3763 et
305 3690 417 3786 ipsam
430 3690 665 3786 multiplieiter
677 3691 858 3785 honorare,
872 3701 907 3765 et
920 3713 1164 3787 recognoscere
1176 3693 1287 3766 Deum
1302 3692 1367 3766 celi
1383 3693 1445 3788 qui
1459 3693 1603 3790 deponit

181 3823 356 3909 potentem
374 3813 420 3887 de
432 3813 516 3888 sede
528 3824 563 3887 et
574 3815 739 3889 sublimat
751 3837 939 3912 pauperem
957 3827 992 3888 et
1004 3838 1166 3911 egenrnm
1180 3816 1249 3889 Sed
1263 3816 1431 3911 quodllei
1444 3819 1602 3892 timorem

180 3961 243 4036 pre
257 3941 368 4014 oculis
382 3962 452 4013 uon
465 3940 609 4033 babeas,
624 3952 664 4014 ut
675 3940 776 4016 decet
787 3941 1041 4036 imperatoriam
1055 3942 1282 4033 majestatem,
1293 3962 1339 4014 ex
1352 3942 1520 4014 fructibus
1533 3945 1612 4017 tuis.

180 4065 353 4160 colligitur
370 4063 564 4158 evidenter,
579 4066 663 4161 quia
679 4087 786 4162 opera
806 4087 877 4162 que
898 4066 983 4140 lacis
999 4065 1183 4162 perbibent
1200 4065 1434 4138 testimouium
1448 4063 1598 4140 veritati.

179 4190 255 4264 Non
274 4189 369 4264 enim
387 4189 551 4264 ridentur
574 4190 732 4264 sufficere
754 4190 817 4262 tibi
837 4188 923 4264 linea
943 4189 1073 4286 quibus
1089 4191 1229 4264 fuerunt
1244 4190 1395 4262 contenti
1418 4189 1480 4285 qui
1507 4199 1540 4264 te
1563 4191 1611 4262 iu=

180 4314 325 4411 imperio
348 4325 607 4411 precesserunt,
628 4314 734 4388 immo
751 4315 998 4412 patrimonium
1015 4315 1107 4388 beati
1124 4315 1214 4388 Petri
1236 4317 1309 4407 jam
1326 4315 1492 4388 invadere
1516 4338 1601 4410 pre-

180 4439 359 4535 sumpsisti
376 4449 412 4514 et
429 4441 545 4536 ipsum
558 4440 716 4536 undique
732 4439 852 4514 niteris
869 4463 1054 4537 usurpare,
1069 4461 1139 4512 uon
1155 4436 1338 4512 attendens
1354 4439 1503 4532 qualiter
1520 4439 1599 4514 dis-

223 4594 266 4678 (o)
288 4597 370 4659 Ltcet
382 4600 415 4659 lu
430 4600 573 4677 lmpresso
590 4597 704 4679 legatur
716 4599 916 4674 Innocenttrc,
928 4615 990 4661 nou
1004 4598 1129 4660 dublum
1143 4603 1190 4660 est
1201 4599 1274 4678 qulu
1290 4597 1356 4659 hoc-
1366 4613 1475 4660 uomen
1495 4601 1526 4662 tn
1546 4618 1608 4663 co·-

180 4703 247 4767 dtee
258 4721 412 4784 perperam
424 4723 479 4784 ppo
492 4705 638 4770 semor
649 4707 808 4785 breprertt.

280 4812 322 4876 11.
1425 4821 1463 4873 tc
