4298 5898
574 501 636 566 456
893 563 897 570 .
1076 507 1290 572 lllllllssllllll
1315 509 1492 574 securint
1802 514 1882 601 [tm
1901 517 1999 580 ttae·

579 641 901 735 circumjacentibus
929 641 1047 736 terris,
1076 645 1294 736 nemoribus,
1323 645 1550 735 molendinis,
1576 647 1766 724 fullonibus
1792 661 1827 724 et
1852 655 1989 748 pascuis

579 766 674 856 snis3
688 766 867 864 grangiam
878 769 1002 842 Sancte
1015 769 1121 843 blarie
1135 770 1179 845 de
1196 769 1359 845 Canturro
1373 793 1453 844 cnm
1467 771 1629 846 omnibus
1641 773 1846 868 rationibus,
1861 777 1986 870 vineis,

577 891 770 981 viridariis,
790 892 1113 986 circumjacentibus
1129 895 1227 968 terris
1251 907 1286 970 et
1303 895 1441 992 pascuis
1458 897 1531 970 suis
1549 909 1585 970 et
1601 897 1820 972 medietatem
1837 901 1990 976 llumiuis

577 1017 755 1107 Canturre;
777 1019 956 1114 grangiam
973 1020 1088 1094 Sancti
1108 1021 1196 1094 Petri
1217 1042 1297 1094 cum
1314 1021 1475 1095 omnibns
1495 1021 1704 1116 rationibus,
1727 1024 1840 1098 mucis
1860 1036 1895 1100 et
1908 1028 1990 1100 viri·

578 1143 697 1236 dariis,
714 1143 1037 1238 circumjacentibus
1052 1145 1151 1218 terris
1166 1154 1201 1220 et
1217 1145 1356 1242 pascuis
1370 1147 1464 1238 suis3
1484 1148 1719 1223 molendinum
1735 1151 1852 1224 Sancti
1869 1151 1989 1226 Cosme

577 1290 657 1341 cum
668 1270 747 1362 jure
763 1289 856 1363 aque
872 1269 983 1366 ipsius
1001 1269 1206 1364 molendini,
1227 1279 1266 1342 nt
1282 1271 1391 1368 ipsam
1409 1293 1536 1367 aquam
1553 1274 1671 1347 nullus
1688 1273 1818 1348 audeat
1834 1277 1990 1372 accipere

577 1394 709 1490 ubsque
738 1393 878 1468 licentia
905 1393 989 1470 dicti
1018 1394 1154 1468 abbatis
1179 1403 1214 1469 et
1244 1397 1386 1470 lrabum
1421 1397 1531 1494 ipsius
1560 1400 1776 1490 monasterii3
1809 1402 1989 1496 grangiam

576 1517 775 1592 Raudaoine
790 1540 870 1591 cum
892 1519 1054 1592 omnibus
1072 1517 1276 1613 rationibus,
1295 1518 1425 1610 vineis,
1444 1519 1662 1610 nemoribus,
1679 1520 1907 1614 molendinis,
1927 1526 1990 1596 cir·

577 1643 851 1737 cumjacentibus
881 1643 1000 1734 terris,
1037 1643 1253 1740 pertinentiis
1282 1653 1318 1718 et
1347 1645 1485 1742 pascuis
1520 1643 1614 1736 suis,
1649 1645 1836 1719 tenimenta
1865 1649 1988 1721 blontis

577 1767 751 1842 Flasocnis
774 1790 854 1840 cum
876 1767 1038 1841 omnibus
1061 1768 1271 1860 rationibus,
1297 1767 1513 1857 nemoribus,
1539 1768 1863 1863 circumjacentibus
1890 1771 1988 1844 terris

577 1900 612 1966 et
629 1893 768 1989 pascuis
782 1891 872 1984 snis;
893 1889 1067 1987 quidquid
1082 1892 1176 1964 enim
1192 1893 1345 1988 possidet
1363 1893 1408 1968 de
1425 1892 1586 1966 demanio
1605 1904 1720 1967 uostm
1738 1903 1772 1967 et
1788 1895 1819 1967 ei
1836 1917 1905 1990 qne
1921 1896 1988 1968 alia

578 2019 741 2110 feudalia,
758 2017 1000 2112 burgensatica
1013 2024 1048 2091 et
1063 2017 1213 2092 servitiis
1228 2018 1508 2113 quibuscumque
1523 2018 1675 2112 obligata
1689 2039 1988 2114 quommcnmque

577 2143 757 2216 hominum
775 2163 837 2240 per
854 2151 962 2215 totum
981 2163 1128 2237 regnum
1146 2153 1301 2216 nostrum
1319 2143 1434 2216 Sicilie
1450 2140 1622 2240 possidet,
1646 2143 1760 2216 eidem
1783 2145 1987 2217 monasterio

576 2267 831 2342 confirmamus.
844 2265 976 2361 Siquid
986 2267 1126 2364 insuper
1136 2264 1228 2341 donc
1241 2267 1417 2359 comitum,
1430 2267 1597 2340 baronum
1608 2268 1823 2340 autaliorum
1834 2267 1987 2341 fidelium

574 2393 674 2489 regni
691 2393 796 2466 nostri
813 2390 999 2466 donatione
1018 2413 1080 2464 seu
1096 2392 1271 2465 oblatione
1285 2391 1321 2464 in
1340 2401 1441 2466 antea
1456 2391 1552 2486 justo
1572 2393 1673 2466 titulo
1689 2393 1842 2466 nancisci
1860 2403 1987 2488 potue-

574 2527 673 2606 runt,
693 2539 757 2592 nec
770 2517 914 2592 obsistat
927 2517 978 2590 eis
994 2517 1052 2590 lex
1065 2518 1181 2612 aliqua
1193 2526 1255 2592 aut
1268 2525 1435 2591 statutum
1449 2539 1512 2615 per
1527 2539 1591 2590 nos
1605 2526 1641 2591 et
1655 2539 1716 2614 per
1730 2517 1987 2615 predoeessores

575 2651 708 2718 nostros
730 2641 907 2716 conditum
927 2643 984 2716 vel
1008 2641 1044 2714 in
1068 2644 1222 2714 futurum
1249 2641 1492 2732 condendum,
1511 2643 1608 2737 qnod
1631 2643 1686 2716 his
1709 2643 1987 2716 concessionibus

573 2778 610 2843 et
623 2768 840 2842 libertatibus
859 2768 977 2863 quiete
992 2779 1159 2866 perpetuo
1176 2775 1331 2841 utantur.
1351 2769 1402 2840 De
1418 2766 1559 2864 speciali
1576 2768 1682 2842 etiam
1702 2767 1813 2862 gratia
1829 2770 1987 2842 volumus

565 2893 670 2989 ‘quod
700 2893 833 2989 possint
862 2914 976 2966 emere
1003 2893 1110 2967 libere
1139 2893 1372 2988 possessiones
1398 2892 1499 2966 nobis
1528 2892 1585 2966 rel
1616 2891 1807 2965 baronibus
1834 2893 1893 2965 vel
1915 2892 1987 2964 aliis

575 3017 624 3092 ad
651 3039 794 3090 censum
815 3017 997 3111 obligatas.
1023 3017 1193 3091 Volumus
1218 3016 1321 3090 etiam
1348 3014 1444 3112 quod
1469 3017 1587 3088 nullus
1615 3015 1795 3088 hominnm
1826 3017 1987 3112 nullaque

576 3165 726 3240 persona
748 3143 817 3214 alta
834 3141 892 3214 vel
916 3141 1058 3215 humilis
1082 3141 1120 3212 in
1146 3142 1245 3214 terris
1267 3163 1310 3214 ac
1334 3139 1531 3214 tenimentis
1557 3147 1591 3212 et
1614 3140 1699 3213 locis
1720 3161 1844 3214 eorum
1864 3140 1988 3215 audeat

577 3267 742 3343 animalia
765 3287 907 3362 pascere
934 3267 992 3340 vel
1017 3266 1160 3364 piscari,
1185 3266 1281 3362 ligna
1306 3263 1459 3339 incidere
1486 3264 1541 3338 vel
1558 3264 1699 3358 venmi,
1726 3286 1789 3338 seu
1814 3263 1986 3362 quidquid

577 3392 675 3468 alind
692 3391 833 3468 omnino
854 3391 922 3464 sibi
949 3391 1061 3464 lacere
1081 3391 1131 3463 ibi
1154 3391 1229 3464 sinc
1250 3389 1388 3464 licentia
1408 3398 1444 3463 et
1462 3389 1688 3486 permissione
1710 3391 1846 3464 abbatis
1865 3401 1902 3464 et
1922 3393 1985 3465 lra-

576 3528 668 3592 trum
700 3516 785 3591 dicti
811 3517 1020 3590 monasterii.
1046 3517 1200 3590 Preterea
1230 3514 1455 3590 concedimus
1485 3513 1577 3589 dicto
1607 3514 1725 3589 abbati
1759 3525 1794 3589 et
1827 3515 1984 3590 iratribm

575 3643 733 3737 ejusdem
753 3643 951 3716 monasterii
968 3641 1130 3716 universa
1145 3643 1308 3715 animalia
1323 3641 1461 3737 propria
1479 3660 1542 3736 per
1560 3648 1669 3713 totum
1686 3639 1890 3716 demanium
1908 3661 1984 3715 uos·

576 3779 667 3844 trum
685 3790 841 3866 pascere,
864 3789 987 3842 causas
1005 3789 1151 3864 gregum
1171 3766 1380 3842 constituere
1403 3775 1439 3839 et
1459 3787 1521 3860 pro
1539 3764 1686 3860 agendis
1708 3765 1860 3840 servitiis
1881 3765 1985 3862 ipsius

576 3895 772 3969 monasterii
792 3897 885 3988 ligna
903 3891 1056 3966 incidere
1070 3894 1126 3964 vel
1145 3914 1263 3966 secare
1280 3891 1493 3987 ubicumque
1510 3890 1579 3963 illis
1596 3891 1776 3987 placuerit,
1798 3892 1875 3966 siue
1890 3893 1984 3990 pretii

576 4021 756 4096 exactione
780 4030 816 4094 et
839 4019 915 4092 sine
939 4016 1210 4091 contradictione
1236 4017 1293 4090 vel
1320 4014 1568 4110 impedimento
1589 4024 1707 4088 nostro
1735 4016 1791 4089 vel
1821 4017 1984 4092 heredum

575 4156 769 4221 nostrornm
783 4154 819 4218 et
833 4164 1071 4218 successorum
1085 4142 1142 4216 vel
1153 4140 1294 4215 alterius
1309 4141 1560 4234 cujuscumque
1575 4161 1734 4238 persone.
1748 4141 1873 4214 Nullus
1886 4143 1985 4216 etiam

575 4272 774 4346 ollicialium
797 4282 992 4343 nostrorum
1015 4269 1130 4363 ipsum
1154 4267 1368 4340 abbatemet
1390 4266 1511 4338 iratres
1535 4263 1683 4361 predicti
1710 4267 1907 4338 monasterii
1927 4275 1986 4340 aut

576 4417 792 4470 successores
812 4415 933 4468 eorum
955 4390 1003 4466 ad
1025 4394 1138 4465 lomm
1164 4389 1267 4466 civile
1293 4389 1427 4463 babere
1454 4399 1489 4463 et
1515 4411 1630 4463 coram
1657 4389 1731 4463 lisci
1755 4390 1891 4482 judicio
1911 4412 1984 4487 pre·

577 4532 714 4594 sumant
732 4541 794 4616 pro
811 4520 928 4614 aliqua
945 4517 1139 4612 questione,
1156 4537 1237 4588 cum
1253 4513 1320 4588 hoc
1335 4515 1419 4588 satis
1437 4513 1623 4590 monastice
1640 4513 1785 4610 derogat
1798 4513 1980 4603 honestati3

577 4667 641 4718 nec
664 4656 820 4742 respectu
850 4644 1031 4719 domorum
1061 4650 1122 4714 ant
1145 4639 1401 4738 possessionum
1429 4661 1518 4734 quas
1542 4639 1656 4734 ipsum
1681 4638 1925 4712 monasterium
1949 4647 1984 4710 et
