4368 5876
560 607 619 669 162
1062 614 1276 678 inruente!
1301 614 1474 676 succum
1786 613 1865 698 [tn.
1884 615 1973 678 1221.

557 745 739 820 utilitatem
755 759 791 820 et
804 757 842 821 nt
858 751 903 825 de
921 749 1006 847 ipsis
1023 775 1086 849 per
1101 762 1212 828 toturn
1230 751 1414 848 imperinm
1432 749 1539 822 nichil
1554 749 1687 823 ratione
1700 753 1876 847 portatici,
1895 755 1976 849 ple-

557 871 692 962 teatici,
713 874 930 969 ialnngatici,
958 878 1114 975 ripatici,
1134 878 1285 952 thelonei
1311 877 1367 950 vel
1393 877 1540 968 alicujus
1563 875 1704 949 alterins
1727 877 1918 950 exactionis
1941 887 1976 950 et

552 997 654 1090 juris,
675 1001 936 1076 consuetudinis
949 1025 1010 1076 sen
1029 1005 1147 1079 statuti
1165 1004 1202 1076 in
1220 1013 1308 1076 terra
1326 1002 1381 1076 vel
1396 1001 1484 1074 mari
1502 1001 1579 1074 sive
1604 1001 1806 1074 fluminibus
1822 1003 1880 1075 vel
1899 1003 1975 1075 aliis

554 1122 656 1217 aquis
681 1125 815 1200 solvere
835 1137 1033 1218 teneantur,
1054 1129 1196 1204 firmiter
1216 1137 1406 1202 statuentes
1431 1127 1573 1222 nequis
1594 1127 1716 1200 iratres
1735 1127 1909 1223 predictos
1929 1127 1974 1201 de

554 1248 749 1323 tenimentis
771 1262 807 1324 et
830 1255 1107 1348 possessionibus
1134 1254 1315 1350 hospitatis
1342 1251 1499 1345 ejusdem
1525 1251 1600 1325 sine
1619 1252 1753 1345 jndicio
1780 1261 1815 1324 et
1836 1252 1975 1345 justicia

552 1384 730 1469 presumat
750 1377 970 1472 aliquatenus
991 1379 1180 1454 dissaisiro.
1203 1381 1254 1454 De
1276 1377 1546 1452 habundantiori
1567 1399 1709 1473 qnoqnc
1731 1378 1842 1472 gratia
1859 1387 1973 1451 nostru

552 1499 666 1572 eidem
691 1500 811 1574 domni
837 1513 872 1577 et
895 1505 1059 1576 frutribus
1081 1507 1156 1577 snis
1179 1504 1403 1578 concedimus
1424 1513 1459 1577 ct
1482 1512 1649 1599 perpetuo
1671 1503 1915 1576 confirmemus
1936 1513 1974 1574 nt

551 1626 764 1721 quicumque
791 1628 925 1722 aliquid
947 1630 992 1702 de
1016 1631 1117 1703 nonis
1139 1629 1274 1726 imperii
1295 1630 1435 1702 nomine
1457 1627 1553 1701 leudi
1575 1637 1668 1702 tenet
1692 1639 1728 1702 et
1750 1628 1904 1723 possidet
1925 1628 1973 1699 li·-

552 1751 674 1825 benter
697 1761 732 1824 et
755 1753 861 1826 libere
887 1763 1051 1849 tunquam
1075 1757 1253 1852 proprium
1273 1765 1462 1827 memorato
1483 1755 1638 1826 conterre
1660 1751 1774 1826 valeat
1797 1752 1969 1849 hospitali.

553 1879 748 1950 Statnentes
761 1887 797 1950 et
812 1880 1015 1952 anctoritate
1028 1883 1195 1976 presentis
1212 1878 1385 1976 privilegii
1400 1879 1628 1975 precipientes
1642 1877 1784 1951 firmiter
1799 1880 1973 1952 universis

555 2023 600 2074 ne
616 2001 741 2097 uliquis
766 2014 987 2077 memoratam
1011 2005 1153 2078 domurn
1175 2015 1210 2078 et
1232 2005 1353 2078 iratres
1372 2003 1482 2100 ipsius
1504 2025 1608 2100 super
1629 2003 1794 2098 predictis
1810 2004 1972 2077 omnibus

555 2127 776 2221 aliquatenus
787 2129 968 2204 molestare
980 2142 1175 2226 presumat;
1187 2130 1283 2226 quod
1294 2131 1356 2226 qui
1367 2131 1627 2225 presumpserit,
1640 2129 1676 2201 in
1693 2151 1758 2202 sne
1772 2129 1972 2203 temeritatis

556 2252 747 2326 vindictam
765 2267 904 2328 centum
927 2256 1031 2328 libras
1053 2257 1129 2330 auri
1149 2257 1229 2352 puri
1251 2266 1451 2351 componet,
1472 2255 1691 2328 medietatem
1708 2277 1844 2327 camere
1857 2265 1972 2329 nostre

555 2387 590 2452 et
614 2379 754 2451 alteram
778 2379 997 2453 medietatem
1022 2382 1133 2476 pessis
1159 2381 1320 2474 injuriam
1345 2381 1607 2476 persolvendam
1627 2379 1690 2476 (a).
1715 2378 1771 2451 Ad
1797 2381 1899 2474 cujus
1922 2382 1971 2453 rei

554 2513 682 2576 certem
700 2503 910 2579 evidentiam
935 2515 970 2578 st
991 2516 1194 2602 perpetuum
1218 2504 1412 2578 firmitatem
1436 2527 1577 2602 presens
1599 2505 1823 2600 privilegium
1841 2504 1916 2578 fieri
1938 2516 1970 2579 et

553 2631 648 2703 bnlla
663 2651 769 2704 auree
783 2633 919 2726 typario
937 2632 1125 2725 mejestatis
1143 2641 1257 2704 nostre
1274 2631 1439 2726 impressa
1451 2631 1618 2724 jussimus
1636 2631 1856 2703 communiri.

600 2757 712 2849 Hujus
736 2765 851 2828 autem
878 2757 927 2827 rei
952 2765 1055 2829 testes
1075 2765 1157 2828 sunt
1179 2755 1313 2828 Ulricns
1337 2755 1551 2828 Pataviensis
1576 2755 1779 2853 episcopus,
1808 2756 1972 2830 Albertus

553 2881 775 2953 Tridentinus
804 2881 957 2970 electus,
987 2881 1195 2954 Lodewicns
1227 2881 1304 2954 dux
1334 2881 1480 2952 Bavarie
1511 2901 1627 2953 comes
1657 2881 1832 2953 Palatinus
1859 2881 1967 2971 lieni,

554 3007 772 3078 Hermennus
789 3006 942 3078 marchio
958 3006 1003 3079 de
1019 3005 1156 3092 Baden,
1173 3004 1367 3100 [liupuldus
1381 3005 1535 3078 marchio
1549 3005 1595 3078 de
1611 3004 1865 3098 thenbnrch,
1880 3007 1970 3103 Ray·

555 3129 681 3203 ualdus
703 3130 780 3203 dux
803 3129 948 3226 Spoleti,
965 3130 1160 3204 Fridericns
1177 3153 1292 3203 eomes
1307 3130 1353 3203 de
1371 3131 1526 3220 Brenen,
1544 3153 1660 3204 comes
1679 3132 1903 3207 Everhardus
1927 3132 1972 3206 de

554 3255 799 3352 Elphenstein,
826 3254 1031 3328 Bertholdus
1059 3277 1176 3328 comes
1203 3255 1248 3329 de
1275 3257 1399 3328 Sancto
1425 3257 1561 3348 Monte,
1590 3279 1707 3330 comes
1732 3257 1899 3330 Ernestus
1926 3258 1971 3332 de

554 3381 736 3471 Velseclre,
759 3401 875 3452 comes
900 3379 1080 3453 Conradns
1094 3381 1140 3454 de
1153 3379 1364 3472 Werdeclrc,
1386 3379 1571 3454 Anselmus
1592 3380 1637 3454 de
1660 3383 1841 3476 lustingen
1864 3383 1973 3480 impe·

554 3508 648 3580 rialis
667 3506 746 3579 aule
763 3508 1010 3598 marescalcus,
1031 3505 1236 3579 Bertholdus
1258 3507 1303 3580 de
1326 3505 1478 3598 Alevelt,
1498 3506 1676 3580 Conradus
1698 3507 1744 3580 dc
1761 3507 1882 3581 Wnlre
1903 3507 1968 3605 (b),

554 3632 761 3706 Bertholdus
777 3633 823 3706 de
835 3633 1011 3726 Wangon,
1023 3633 1179 3706 Sibertus
1192 3632 1237 3705 de
1247 3632 1395 3719 Ulmine,
1407 3634 1604 3708 Hertwicns
1621 3631 1787 3727 magister
1799 3633 1968 3728 coquine,

554 3759 748 3848 Cniltingus
762 3758 991 3830 marescalcus
1006 3757 1063 3854 (c),
1085 3767 1121 3829 et
1137 3757 1195 3829 alii
1210 3759 1446 3853 quamplures.

603 3883 748 3977 Signum
773 3881 904 3954 domini
928 3882 1092 3954 Friderici
1114 3881 1259 3954 secundi
1279 3882 1341 3953 Dei
1362 3883 1474 3974 gratia
1495 3881 1712 3956 invictissimi
1738 3883 1970 3955 Romanorum

553 4007 785 4102 imperatoris,
806 4027 941 4100 semper
956 4005 1095 4100 augusti
1112 4015 1147 4078 et
1161 4006 1253 4100 regis
1269 4005 1395 4078 Sicilie.

602 4128 689 4203 Acta
705 4139 787 4202 sunt
802 4129 867 4202 lrec
885 4149 977 4202 anno
993 4129 1166 4203 dominice
1188 4129 1433 4202 incarnationis
1452 4129 1634 4201 millesimo
1654 4128 1893 4203 ducentesimo
1910 4130 1972 4201 vi-

545 4255 681 4329 cesimo
704 4255 834 4352 primo,
853 4275 973 4326 mense
990 4254 1125 4349 aprilis,
1143 4253 1333 4326 indictione
1356 4275 1464 4347 nonu,
1486 4255 1678 4350 imperante
1696 4253 1837 4326 dominc
1856 4263 1971 4327 nostro

554 4379 728 4452 Friderico
744 4377 898 4452 secundo
912 4377 975 4450 Dei
990 4378 1100 4472 gratis
1117 4379 1345 4450 invictissimo
1356 4379 1587 4452 Romanorum
1603 4377 1820 4475 imperatore,
1837 4399 1972 4474 semper

597 4553 638 4632 (u)
659 4557 741 4617 llaec
760 4572 778 4616 a
798 4555 890 4616 verbo
905 4561 1063 4616 suumin
1076 4571 1172 4632 usque
1185 4556 1224 4617 ad
1231 4553 1452 4634 persolvendam
1464 4557 1572 4618 desunt
1581 4573 1629 4634 ap.
1639 4557 1797 4620 Duellim

596 4659 634 4741 (d)
654 4663 711 4740 Ap.
726 4662 874 4723 Duellium
893 4659 1012 4723 Wotuc:
1026 4663 1106 4740 qnod
1118 4665 1227 4723 rcctlus
1239 4663 1365 4725 videtur.

597 4771 631 4852 lc)
650 4771 708 4831 illc
722 4769 844 4830 ultimus
857 4771 940 4830 testis
949 4769 1030 4846 apud
1042 4769 1190 4831 Duellium
1204 4770 1298 4832 deust.
