4298 5898
549 559 610 622 ddd
1048 561 1264 626 balnearet
1289 561 1463 626 secubet
1777 565 1861 646 [An.
1881 565 1967 628 teet.

550 692 658 770 vendi
674 689 765 793 [aut]
783 693 926 769 alienari
944 695 1096 770 debeant
1113 699 1201 772 iutra
1218 721 1348 774 anuum
1363 699 1431 798 (l),
1449 700 1578 776 audeat
1591 701 1645 774 vel
1661 710 1841 798 presumat
1857 701 1967 797 ipsum

549 819 795 893 monesterium
813 819 944 894 exinde
958 821 1176 915 aliquatenus
1197 825 1416 921 perturbare3
1438 835 1472 898 et
1489 825 1520 898 si
1539 825 1619 920 quis
1638 825 1788 900 voluerit
1805 846 1968 899 revocem

548 941 596 1016 ad
613 942 757 1048 leudnlm
769 965 871 1016 suum
884 945 1066 1019 occasione
1082 947 1335 1022 constitutionis
1350 947 1504 1045 predicte
1517 949 1652 1044 aliquas
1664 948 1823 1022 feudales
1838 969 1968 1044 posses

548 1066 663 1140 siones
678 1067 774 1141 leudi
793 1067 863 1156 sui,
880 1089 942 1142 seu
961 1069 1088 1165 aliquis
1109 1071 1212 1144 etiam
1236 1073 1386 1146 voluerit
1400 1071 1586 1147 vendicare
1598 1072 1655 1146 uel
1676 1093 1841 1155 revocare
1865 1094 1968 1146 occa-

546 1193 644 1268 sione
660 1193 753 1268 dicte
775 1194 1029 1268 constitutionis
1055 1205 1172 1271 nostre
1194 1198 1330 1292 aliquas
1347 1199 1580 1296 possessiones
1596 1197 1859 1292 burgensaticas
1881 1217 1968 1292 quas

546 1317 792 1391 monasterium
811 1319 928 1415 ipsum
945 1319 1064 1412 babet,
1079 1344 1168 1417 quas
1182 1323 1258 1418 ipse
1274 1323 1331 1396 vel
1348 1323 1403 1398 sui
1422 1323 1681 1421 predecessores
1694 1320 1812 1396 eidem
1830 1342 1969 1394 monas·

545 1439 631 1514 tario
649 1439 904 1534 vendidissent,
926 1441 1127 1537 donassent,
1148 1447 1409 1539 concessissent,
1431 1453 1695 1544 permutassent,
1713 1446 1892 1540 legasseut
1911 1446 1967 1518 rel

546 1565 605 1662 pie
620 1565 778 1638 similiter
793 1565 1016 1657 obtulissent,
1033 1567 1230 1642 nullatenus
1248 1579 1422 1668 presumat
1437 1571 1552 1668 ipsum
1570 1569 1819 1643 monasterinm
1837 1567 1968 1642 exinde

546 1689 651 1764 modo
665 1690 783 1785 aliquo
798 1689 975 1766 dissaisire
988 1714 1053 1765 nec
1066 1695 1170 1768 etiam
1188 1695 1406 1790 perturbare,
1422 1695 1578 1769 volentes
1589 1694 1704 1790 ipsum
1717 1694 1967 1767 monasterium

546 1815 685 1888 easdem
701 1815 937 1910 possessiones
953 1815 1110 1892 feudales
1127 1829 1162 1892 et
1176 1817 1436 1912 burgeusuticas
1449 1819 1557 1894 libere
1576 1827 1611 1892 et
1625 1816 1768 1915 pacifice
1784 1818 1917 1892 babere
1933 1828 1968 1892 et

547 1939 725 2036 possidere
750 1940 884 2034 absque
899 1941 994 2015 omui
1010 1962 1114 2016 onere
1134 1943 1311 2016 servitutis
1328 1953 1506 2042 perpetue.
1527 1945 1579 2016 lle
1597 1951 1713 2016 nostre
1729 1939 1967 2016 munificentia

548 2063 735 2155 majestatis
766 2063 989 2138 concedimus
1017 2066 1122 2140 etiam
1146 2067 1239 2140 etin
1264 2077 1471 2164 perpetuum
1499 2068 1537 2140 in
1563 2068 1819 2164 eleemosynam
1842 2064 1966 2139 coudr-

548 2210 685 2263 memus
700 2189 767 2284 ipsi
787 2189 996 2263 monasterio
1016 2190 1125 2264 libere
1147 2191 1280 2286 absque
1299 2191 1394 2264 omni
1411 2212 1517 2266 onere
1539 2191 1729 2266 ltoccellam
1755 2191 1873 2264 Sicilie
1897 2211 1965 2285 que

549 2323 601 2387 est
615 2315 757 2409 graneis
778 2312 935 2406 ejusdem
955 2315 1153 2388 monasterii
1171 2337 1251 2388 cum
1270 2315 1434 2388 omnibus
1451 2315 1738 2412 possessionibus,
1756 2314 1962 2406 rationibus,

547 2437 763 2512 libertatibus
784 2449 819 2511 et
840 2437 1056 2534 pertinentiis
1076 2437 1171 2532 suis,
1197 2437 1378 2512 ecclesiam
1398 2460 1469 2534 que
1489 2439 1554 2513 sita
1572 2437 1680 2513 estin
1703 2439 1871 2512 bonorem
1891 2439 1963 2511 Sal·

548 2563 694 2656 vetoris,
719 2562 902 2636 ecclesiam
922 2563 1027 2636 Beate
1049 2563 1156 2636 llario
1177 2584 1219 2637 ac
1239 2563 1343 2636 etiam
1369 2562 1504 2636 tertiam
1529 2570 1662 2659 partem
1685 2561 1963 2637 molendinorum

547 2688 825 2763 Golisanensium
849 2698 885 2763 et
908 2696 977 2762 tres
1005 2687 1129 2762 uncias
1150 2687 1227 2762 auri
1256 2686 1302 2761 de
1327 2687 1511 2762 venatione
1535 2687 1776 2760 cuniculorum
1806 2687 1843 2760 iu
1868 2689 1964 2762 terri·

547 2814 635 2888 torio
663 2815 833 2906 eiusdem,
854 2836 924 2910 que
949 2815 1067 2888 omnia
1084 2814 1213 2888 Paulus
1230 2834 1346 2888 comes
1362 2812 1512 2888 Golisaui
1536 2811 1650 2888 eidem
1668 2814 1879 2888 monasterio
1902 2813 1963 2888 do-

549 2941 647 3014 navit
667 2948 702 3012 et
724 2939 865 3030 obtulit,
891 2939 983 3012 sicut
1004 2939 1041 3011 iu
1063 2938 1298 3013 instrumentis
1324 2949 1359 3012 et
1378 2937 1557 3034 scripturis
1581 2935 1739 3030 ejusdem
1765 2939 1963 3014 monosterii

547 3063 631 3138 inde
649 3063 813 3136 conlectis
837 3063 974 3159 plenius
995 3063 1201 3137 continetur.
1225 3062 1437 3136 Auctoritate
1460 3061 1630 3158 presentis
1655 3061 1832 3158 privilegii
1855 3062 1964 3160 preci·

549 3188 682 3284 pientes
703 3186 846 3260 firmiter
867 3186 1040 3261 universis
1061 3197 1234 3282 quatenus
1258 3188 1375 3260 nullus
1396 3186 1442 3261 de
1466 3195 1580 3260 cetero
1605 3185 1651 3259 sit
1674 3195 1746 3258 tam
1772 3209 1883 3260 ausus
1904 3188 1962 3282 qui

546 3335 653 3410 super
669 3309 835 3408 predictis
851 3311 1015 3384 omnibus
1032 3313 1148 3407 ipsum
1168 3312 1414 3386 monasterium
1433 3311 1605 3410 impedire
1622 3310 1659 3383 in
1676 3311 1796 3406 aliquo
1811 3313 1871 3386 rel
1887 3333 1964 3385 mo

545 3439 670 3512 lestare
684 3443 877 3533 presumat;
894 3443 929 3509 et
938 3435 968 3508 si
982 3435 1062 3531 quis
1078 3437 1342 3534 presumpserit,
1362 3435 1708 3510 centumlibrasauri
1724 3433 1962 3510 invindictam

546 3585 610 3637 sue
628 3561 828 3636 temeritatis
849 3568 1053 3656 componat,
1079 3559 1299 3636 medietatem
1316 3582 1451 3634 camere
1474 3567 1602 3654 nostre,
1630 3559 1802 3656 reliquam
1824 3559 1961 3634 medie-

545 3695 650 3761 tatem
664 3686 825 3780 injuriam
841 3685 963 3781 passis.
986 3684 1043 3758 dd
1066 3684 1171 3778 hujus
1194 3685 1299 3780 igitur
1314 3685 1552 3782 protectionis,
1573 3683 1807 3758 concessionis
1828 3693 1864 3758 et
1883 3705 1964 3758 eon·

547 3809 748 3884 firmationis
775 3817 890 3884 nosue
913 3809 1113 3884 memorium
1138 3819 1173 3882 et
1193 3810 1301 3883 robur
1317 3819 1483 3906 perpetuo
1503 3809 1706 3894 valiturum,
1725 3831 1872 3905 presens
1888 3809 1961 3906 pri-

545 3933 713 4029 vilegium
742 3955 805 4029 per
826 3955 952 4008 manus
967 3933 1108 4006 loannis
1133 3931 1178 4006 de
1201 3935 1313 4008 Lauro
1337 3933 1458 4008 notarii
1481 3943 1517 4007 et
1534 3931 1647 4008 tidelis
1665 3933 1775 4006 nostri
1801 3931 1906 4006 scribi
1927 3941 1961 4006 ot

545 4059 660 4155 sigillo
670 4057 886 4133 celsitudinis
902 4067 1017 4132 nostre
1031 4057 1202 4152 jussimus
1220 4059 1439 4151 communiri,
1458 4079 1564 4149 anno,
1583 4077 1705 4132 mense
1722 4066 1758 4132 et
1771 4055 1960 4131 indictione

546 4182 761 4280 subscriptis.

585 4599 621 4670 (l)
640 4597 714 4655 lianc
732 4597 950 4656 constitutionem
971 4598 1041 4656 inter
1060 4595 1212 4656 llellienses
1231 4597 1366 4674 posterius
1384 4598 1513 4658 insertam
1535 4595 1881 4674 reperimus,lib.l11,tit
1899 4595 1960 4654 vet

547 4693 651 4753 XXlX.
661 4695 702 4754 (Ξῖ.
716 4713 744 4770 p.
754 4699 785 4752 st
797 4738 805 4768 ,
815 4701 873 4753 not.
885 4697 896 4752 t
910 4737 917 4766 ,
933 4695 973 4754 4⁰.
