4296 5898
225 553 325 617 tuum.
342 549 403 630 ll]
576 601 581 610 .
672 545 869 610 HISTORIA
891 546 1187 611 orbiculantes.
1578 543 1640 606 288

225 685 359 761 etiamsi
376 681 443 780 ipsi
463 681 584 756 iratres
602 703 681 757 cnm
705 680 862 756 ordinem
884 684 1134 782 assumpserint
1156 690 1289 782 purtem
1307 682 1478 755 bonorum
1494 702 1638 754 suornm

222 810 345 886 domui
363 806 570 883 contulerint
587 815 786 881 memorate.
805 807 862 881 Ad
877 808 983 900 hujus
999 819 1116 884 autem
1134 809 1185 883 rei
1201 808 1413 884 evidentium
1429 817 1465 880 at
1481 806 1586 880 robur
1600 805 1638 877 in

225 943 430 1033 perpetuum
458 931 648 1006 valiturum
675 953 817 1027 presens
847 933 1013 1030 scriptum
1040 935 1123 1009 inde
1146 934 1277 1010 floriet
1308 934 1422 1028 sigillo
1452 931 1640 1025 majestatis

225 1070 341 1135 nostre
349 1057 517 1156 jussimus
531 1057 750 1130 communiri.

272 1185 384 1280 Hujus
398 1183 448 1256 rei
467 1191 572 1256 testes
594 1191 676 1255 sunt
697 1181 858 1254 Albertus
872 1180 1094 1255 Tridentinus
1119 1183 1207 1259 etB.
1232 1183 1446 1256 Brixinensis
1470 1181 1637 1280 episcopi,

225 1331 341 1384 comes
357 1307 526 1382 Henricns
544 1307 591 1381 de
606 1307 707 1399 Diez,
722 1327 838 1380 comes
855 1307 892 1379 S.
915 1306 960 1381 de
974 1307 1129 1402 Viande,
1147 1330 1263 1383 eomes
1275 1308 1456 1383 Heinricus
1472 1307 1517 1381 de
1531 1307 1640 1382 Eber-

225 1435 335 1526 stein‚
353 1433 551 1508 Bemardns
574 1431 621 1506 de
635 1433 868 1526 linrstemura‚
895 1430 1071 1506 Arnuldns
1095 1432 1142 1506 de
1165 1431 1379 1527 Gemanaek,
1399 1432 1577 1508 conradus
1595 1433 1641 1507 de

225 1560 456 1648 Dcrtmunde‚
475 1558 693 1632 lludamarus
715 1560 760 1644 de
775 1559 954 1654 Kauringe
971 1557 1045 1656 (l),
1064 1559 1162 1634 Cnuo
1176 1558 1222 1634 de
1243 1559 1381 1653 Tullen,
1396 1557 1575 1634 Conradus
1594 1559 1640 1634 de

224 1685 365 1778 Werda,
385 1694 420 1760 et
437 1683 496 1758 ulii
509 1684 746 1780 quamplures.

273 1814 401 1885 Datum
415 1809 513 1907 upnd
533 1810 711 1884 Preciuam
727 1807 800 1905 (2),
817 1831 910 1883 anuo
928 1810 1101 1885 dominice
1123 1811 1367 1886 incarnationis
1382 1811 1430 1886 lt.
1450 1810 1512 1884 CC.
1529 1811 1636 1904 xxti,

225 1959 343 2012 mense
359 1936 572 2030 decembris,
589 1935 777 2010 indictione
793 1935 853 2008 Xl.

445 2283 754 2295 ”auu—nu*

279 2583 513 2694 Friderieus,
528 2586 789 2676 Romanorum
811 2583 1033 2695 imperator,
1053 2582 1221 2667 Honorio
1238 2607 1359 2693 papae
1375 2582 1505 2666 scribit
1527 2609 1568 2666 se
1590 2581 1640 2665 eb
1682 2595 1832 2698 mgffim

224 2719 444 2805 Hermanno
461 2720 784 2804 'l'heutcnimrum
801 2719 985 2831 magistro
1003 2718 1053 2803 ad
1069 2744 1110 2802 se
1127 2718 1307 2802 redeunte
1325 2717 1512 2828 accepisse
1534 2719 1640 2828 quod
1674 2704 1844 2750 eremum

225 2853 264 2934 iu
296 2854 402 2937 curia
423 2854 596 2938 Romana
625 2862 818 2937 asseratur
846 2852 991 2936 litteras
1021 2877 1091 2963 per
1118 2849 1329 2937 Rclliidum
1361 2852 1639 2936 subdiaconum

225 2987 417 3070 notarium
436 2987 686 3098 apostolieum
710 3013 832 3098 nuper
853 2986 1099 3070 transmissus
1118 3012 1233 3096 super
1248 2987 1402 3098 negotio
1419 2987 1580 3070 ducatus
1603 2997 1642 3070 et

225 3121 418 3205 marchiae
441 3149 465 3205 a
490 3149 532 3205 se
558 3121 675 3206 luisse
702 3131 909 3206 revocatas.
925 3121 1032 3215 Unde
1058 3122 1220 3206 miretur
1241 3121 1347 3232 quod
1368 3147 1469 3232 pape
1495 3121 1643 3233 aliquid

225 3253 457 3363 duplicitatis
491 3253 531 3335 in
563 3279 603 3338 se
635 3254 819 3364 suspicari
851 3252 1388 3364 potue1it‚cumdehaere
1413 3279 1462 3335 ne
1492 3252 1644 3364 cogita-

225 3387 321 3471 verit
338 3388 509 3499 quidam.
526 3385 766 3472 Praedictum
779 3398 907 3472 antem
930 3388 1159 3500 magistrum
1172 3397 1312 3471 etcum
1328 3413 1373 3470 eo
1392 3386 1643 3472 Gnnzeliuum

224 3519 441 3629 dapiferum
469 3520 520 3604 ad
546 3521 692 3605 curiam
721 3521 934 3605 Romanam
961 3523 1088 3610 denuo
1116 3520 1232 3605 mittit
1258 3531 1302 3605 nt
1331 3520 1402 3606 iste
1430 3547 1498 3632 per
1524 3520 1643 3634 jura-

226 3663 399 3738 mentum
420 3653 536 3739 fidem
559 3655 674 3740 faciut
693 3655 799 3766 quod
821 3653 875 3740 nil
903 3655 979 3741 tale
1001 3656 1115 3742 luerit
1137 3665 1381 3764 attentatum,
1400 3681 1542 3768 rogans
1564 3681 1643 3766 pu-

263 4026 300 4102 (⁴)
318 4028 427 4088 Scilicet
437 4029 472 4087 ds
487 4029 620 4105 Kouriup
634 4046 683 4089 seu
698 4029 885 4107 Glruurt'upeu.

263 4124 300 4204 (2)
318 4127 350 4184 ln
361 4127 468 4186 duobus
479 4127 629 4198 Areum,
642 4128 721 4188 male.
742 4129 793 4189 llic
811 4131 900 4206 agitur
919 4130 953 4188 de
970 4129 1030 4188 loco
1051 4129 1131 4188 bodie
1151 4129 1224 4188 dicto
1243 4129 1376 4204 Apriccnu
1396 4145 1444 4188 seu
1462 4129 1597 4205 Aprou'no
1610 4130 1644 4189 ad

226 4223 322 4298 pedem
341 4225 458 4298 Gargani
474 4226 589 4298 munds,
605 4227 694 4286 media
712 4227 754 4286 via
776 4227 846 4286 iuter
865 4227 953 4285 lucum
970 4228 1005 4286 de
1025 4227 1122 4286 lesina
1141 4234 1170 4285 et
1190 4229 1319 4287 sancum
1336 4227 1477 4286 Severum.
1492 4229 1646 4303 Scriptores

225 4321 393 4397 Neapolitani
406 4323 512 4399 lingunt
523 4325 688 4384 Fridericum
706 4325 758 4385 sibi
777 4326 906 4402 palatium
920 4326 948 4383 in
963 4326 1015 4384 buc
1027 4326 1085 4385 luco
1097 4326 1279 4385 construxisse
1291 4331 1352 4400 post
1363 4343 1458 4401 aprum
1472 4327 1558 4384 mirae
1571 4343 1645 4402 mag·

226 4419 356 4479 mitudinis
373 4419 474 4480 ibidem
493 4422 563 4480 inter
581 4425 750 4484 venationem
770 4425 891 4484 occisum
912 4431 941 4484 et
960 4439 1073 4483 coenam
1089 4424 1237 4482 lautissime
1252 4422 1414 4482 celebratam
1429 4441 1436 4481 t
1452 4424 1525 4482 unde
1545 4441 1644 4484 numen

227 4519 296 4593 Apri
306 4535 396 4579 meuc.
408 4520 1134 4600 (ct.cmmmmo,1rur.ttrtapott,parumper,
1145 4521 1327 4583 atl’.llazauo
1338 4523 1641 4598 npbnauudnumrr,

226 4613 344 4674 Mn.
358 4615 390 4674 di
403 4623 477 4676 tutto
488 4617 586 4690 l'ltul„
602 4637 633 4695 p.
645 4623 693 4679 att
713 4618 793 4696 rect.)
811 4621 866 4680 Sed
881 4621 910 4680 in
924 4622 1032 4681 coaevis
1043 4621 1212 4692 documentis
1222 4637 1277 4681 uon
1290 4619 1368 4680 aliter
1378 4627 1491 4681 vocatur
1503 4621 1579 4682 locus
1590 4623 1642 4682 uisi

227 4712 353 4786 Pmoina,
369 4715 778 4780 Precbiuurelatiaml’nutina.
1101 4718 1107 4728 '
