4272 5886
557 483 618 548 582
1059 485 1278 548 balbutiret
1304 487 1479 549 SECUNDl
1778 491 1864 570 [Ana.
1881 491 1964 550 1225.

559 617 783 692 cancellarius
812 617 848 689 in
878 618 957 692 vice
985 618 1131 693 Couradi
1160 621 1361 716 llaguutiue
1391 621 1487 696 sedis
1512 621 1761 718 amblepiscopi
1789 621 1966 697 Germanic

559 743 847 818 archicancellarii
865 746 1066 840 recognovi.
1082 785 1133 798 -
1144 747 1229 818 Acta
1247 756 1329 820 snut
1346 747 1411 820 bec
1428 767 1521 820 anno
1534 745 1707 820 dominice
1726 747 1966 822 incarnationis

559 868 890 956 M⁰C⁰LXXX⁰Vlll⁰,
910 868 1099 943 indictione
1117 870 1190 962 vu,
1208 879 1374 965 regnante
1386 871 1528 944 domino
1543 869 1725 944 Frederico
1739 872 1964 944 Romanomm

560 995 765 1090 imperatore
789 1002 958 1086 augusto,
978 1015 1070 1067 anno
1093 995 1190 1086 regni
1212 996 1288 1086 ejus
1305 996 1481 1084 XXXllll,
1501 995 1636 1090 imperii
1659 1015 1743 1068 vero
1763 997 1904 1068 XXXV.
1920 1035 1965 1048 -

558 1121 683 1191 Datum
699 1116 793 1212 apud
810 1125 962 1190 castrum
979 1117 1131 1205 Liznich,
1151 1119 1228 1190 Xlll
1245 1117 1411 1192 kalendas
1426 1119 1595 1210 octobris,
1614 1118 1771 1192 feliciter.
1794 1119 1918 1194 Amen.

607 1245 677 1324 Nos
689 1252 804 1316 autem
819 1241 1052 1338 predictorum
1066 1243 1289 1338 burgensium
1305 1243 1566 1333 Lubioonsium,
1581 1242 1737 1316 fidelium
1755 1253 1962 1333 nostrorum,

559 1368 694 1443 devotis
719 1367 1029 1462 supplicationibus
1053 1367 1238 1462 benignius
1264 1368 1435 1460 inclinati,
1462 1366 1719 1442 considerantes
1739 1369 1887 1462 quidem
1914 1369 1964 1464 ip-

560 1515 676 1567 sorum
701 1491 919 1566 devotionem
939 1500 974 1564 et
990 1490 1095 1565 fidem
1113 1515 1219 1586 qnam
1237 1490 1283 1566 ad
1301 1501 1451 1566 nostram
1472 1492 1601 1566 babere
1624 1493 1869 1566 celsitudinem
1893 1493 1964 1586 dig-

560 1627 763 1700 noscuntur,
781 1637 915 1688 necnon
932 1625 1030 1710 grata
1046 1625 1082 1688 et
1102 1625 1242 1711 accepta
1259 1616 1482 1710 servitiaque
1495 1616 1772 1710 pmgeuitoribus
1792 1617 1965 1689 nostriset

559 1743 660 1818 uobis
684 1743 810 1816 devote
839 1762 974 1834 semper
1001 1741 1237 1813 exbibuerunt
1261 1750 1297 1815 et
1320 1763 1389 1836 quc
1417 1741 1559 1814 culmini
1587 1751 1704 1814 nostro
1734 1751 1899 1835 poterunt
1925 1741 1964 1813 do

559 1867 651 1940 bono
672 1867 708 1938 in
734 1865 856 1938 melius
881 1863 917 1935 in
940 1873 1040 1938 autea
1059 1865 1242 1954 exhibere,
1258 1867 1453 1962 predictum
1473 1866 1693 1960 privilegium
1716 1874 1752 1938 et
1771 1888 1844 1959 que
1863 1865 1963 1938 conti-

560 2001 687 2066 nentur
704 1991 739 2062 in
758 1989 847 2086 ipso,
868 1988 959 2062 sicut
975 1990 1135 2086 superius
1151 1991 1315 2086 scriptum
1333 2001 1397 2083 est,
1415 1989 1592 2084 jamdictis
1613 1990 1861 2084 burgensibus,
1880 1989 1964 2062 lide-

560 2117 653 2188 libus
667 2115 805 2206 nostris,
821 2123 988 2187 eteorum
1005 2115 1263 2188 successoribus
1281 2117 1317 2188 in
1336 2124 1541 2212 perpetuum
1559 2113 1604 2188 de
1626 2125 1743 2187 nostra
1760 2115 1873 2208 gratia
1889 2136 1963 2188 con·

561 2242 753 2332 firmamus;
770 2249 957 2312 statuentes
968 2247 1003 2312 et
1019 2240 1187 2334 presentis
1196 2239 1368 2335 privilegii
1380 2240 1582 2314 auctoritate
1595 2239 1736 2312 firmiter
1749 2240 1964 2333 injungentes

559 2376 599 2440 ut
623 2367 717 2438 nulla
741 2365 882 2438 omnino
909 2385 1056 2460 persona
1079 2367 1147 2438 alte
1172 2365 1229 2438 vel
1257 2365 1417 2456 humilis,
1448 2363 1676 2438 ecclesiastica
1702 2365 1759 2436 vel
1780 2363 1960 2453 secularis,

561 2492 733 2590 predictos
752 2491 941 2585 burgenses
958 2488 1078 2562 fideles
1096 2500 1230 2562 nostros
1247 2503 1282 2562 et
1297 2494 1512 2562 successores
1528 2511 1647 2562 eorum
1663 2489 1709 2562 de
1727 2488 1964 2584 suprascriptis

559 2617 720 2692 omnibus
737 2625 863 2688 temere
881 2615 1081 2710 perturbare
1096 2611 1157 2686 seu
1176 2615 1356 2688 molestare
1374 2622 1562 2711 presumat.
1584 2613 1686 2698 Quod
1705 2613 1767 2706 qni
1788 2635 1963 2708 presump-

559 2744 653 2834 serit,
672 2743 707 2814 iu
728 2763 791 2814 sue
810 2740 1009 2813 temeritatis
1027 2738 1236 2832 vindictam,
1254 2747 1367 2836 preter
1384 2739 1607 2835 prescriptam
1627 2759 1768 2832 penam,
1789 2739 1964 2832 quinqua·

560 2868 654 2962 ginta
682 2868 784 2938 libras
810 2864 885 2938 auri
913 2865 990 2960 puri
1013 2877 1213 2960 componet,
1243 2861 1463 2937 medietatem
1490 2883 1625 2936 carnem
1645 2871 1781 2949 nostre,
1800 2862 1963 2956 reliquam

560 2993 671 3090 passis
699 2990 861 3082 injuriam
894 2989 1171 3085 persolvendam.
1200 2988 1244 3059 Ut
1274 2995 1389 3061 numm
1417 2989 1482 3062 hec
1509 2997 1625 3061 nostra
1652 2987 1867 3060 confirmatio
1896 2995 1963 3060 rata

559 3139 695 3212 semper
710 3123 745 3186 et
763 3113 964 3187 inconvulsa
983 3121 1192 3210 permaneat,
1211 3135 1353 3209 presens
1372 3112 1592 3209 privilegium
1613 3112 1686 3186 lieri
1701 3121 1736 3184 ct
1753 3114 1851 3186 bulla
1865 3133 1963 3186 aurea

559 3241 692 3339 typario
705 3249 819 3312 nostre
831 3239 1018 3332 majestatis
1033 3239 1198 3334 impressa
1209 3237 1377 3330 jussimus
1390 3238 1608 3311 communiri.

605 3368 717 3459 Hujus
742 3364 792 3436 rei
822 3373 925 3436 testes
950 3370 1032 3435 sunt
1055 3362 1216 3435 Albertus
1238 3361 1548 3456 Magdeburgeuais
1571 3369 1606 3434 et
1626 3360 1744 3435 Laudo
1765 3359 1964 3455 Baginensis

555 3489 820 3586 archiepiscopi,
849 3541 858 3560 .
882 3540 891 3559 .
916 3541 926 3560 .
956 3488 1116 3560 Curensis
1139 3488 1324 3584 episcopus
1348 3496 1382 3560 et
1406 3485 1515 3560 abbas
1536 3485 1652 3560 Sancti
1668 3485 1775 3578 Galli,
1805 3541 1815 3557 .
1840 3540 1850 3556 .
1876 3541 1886 3557 .
1908 3485 1963 3558 Ci-

555 3615 667 3690 censis
680 3614 875 3708 episcopus,
899 3666 908 3683 .
933 3665 941 3683 .
964 3665 973 3682 .
992 3611 1206 3684 Brixiuensis
1221 3613 1363 3700 electus,
1379 3611 1529 3684 lacobus
1540 3611 1774 3703 laurinensis,
1794 3612 1844 3684 bl.
1861 3611 1963 3683 Ymo·

554 3739 660 3814 lensia
678 3745 712 3810 ct
733 3790 741 3808 .
767 3789 776 3806 .
800 3734 1017 3808 .Brixiensis
1029 3736 1195 3831 episcopi,
1217 3736 1254 3807 L.
1273 3735 1489 3830 lantgravius
1503 3735 1702 3828 Thuringie,
1717 3733 1963 3806 Albertusdnx

554 3862 718 3950 Saxonis,
736 3858 937 3956 Raynaldus
956 3860 1031 3933 dux
1047 3860 1187 3954 Spoleti,
1205 3861 1247 3930 ll.
1270 3859 1433 3954 magister
1448 3858 1572 3931 domus
1592 3861 1716 3932 Sancte
1733 3859 1843 3931 llarie
1858 3858 1963 3930 Theo-

484 4055 495 4064 .
553 3987 745 4062 touicorum
769 3983 805 4056 in
828 3984 1035 4070 Jerusalem,
1060 3980 1132 4054 Azo
1153 3983 1305 4057 marchio
1322 3983 1492 4071 Estensis,
1518 4005 1634 4057 comes
1654 3985 1691 4056 S.
1710 3982 1756 4056 de
1774 3983 1911 4056 Vienna
1931 3989 1964 4054 ct

555 4116 658 4186 trater
677 4111 765 4201 ejus,
783 4129 925 4180 comcs.
949 4161 959 4178 .
982 4161 993 4178 .
1010 4108 1055 4180 de
1075 4107 1294 4192 Qucureberc
1308 4117 1343 4181 et
1358 4108 1418 4180 alii
1432 4109 1668 4204 quamplures.

603 4237 747 4330 Signum
767 4233 898 4306 domini
919 4232 1082 4305 Friderici
1104 4232 1249 4306 secundi
1274 4233 1334 4305 Dei
1360 4234 1471 4326 gratia
1493 4233 1710 4306 invictissimi
1731 4235 1961 4306 Romanorum

555 4359 780 4458 imperatoris,
800 4377 935 4451 semper
947 4357 1103 4451 augusti,
1124 4358 1311 4429 Jerusalem
1325 4366 1361 4429 et
1375 4357 1490 4430 Sicilie
1503 4357 1607 4451 regis.
1624 4353 1916 4452 (Monopmmmo.)

603 4484 688 4557 Acta
702 4490 785 4555 suut
805 4481 870 4554 hcc
887 4501 978 4553 anuo
1001 4479 1173 4552 dominice
1195 4480 1440 4554 incamatiouis
1457 4481 1639 4554 millesimo
1656 4479 1892 4553 ducentesimo
1911 4478 1960 4548 vi-

554 4609 680 4683 cesimo
698 4615 810 4700 sexto,
829 4627 947 4679 mense
966 4605 1088 4691 madii,
1106 4605 1364 4701 quartedecime
1383 4604 1592 4699 indictionis,
1612 4606 1804 4702 imperante
1822 4605 1959 4678 domino
