4326 5896
549 593 611 656 514
1052 593 1262 654 saturatur
1289 593 1463 654 SECUNDI
1771 591 1848 671 [der.
1867 591 1952 652 iffi

598 733 685 803 Data
698 729 794 826 apud
808 727 959 821 Atilium,
976 751 1067 802 anno
1086 728 1258 802 dominice
1275 728 1517 802 incarnationis
1529 727 1710 802 millesimo
1725 727 1957 802 ducentesimo

550 855 867 950 vicesimoquinto,
886 875 1005 928 mense
1022 854 1175 950 augusti,
1193 851 1425 927 tertiadecima
1445 853 1652 926 indictionis.

771 1159 1748 1174 numum-*W

420 1473 469 1557 'm
602 1437 843 1543 Fridericus,
882 1439 1144 1526 Romanorum
1180 1439 1409 1547 imperator,
1446 1422 1659 1522 Eklreberto
1693 1437 1958 1547 Bambergcusi

382 1579 410 1611 ¹¹²
475 1547 484 1612 ’·
548 1571 724 1681 episcopo
741 1573 901 1683 ejusque
917 1573 1198 1658 successoribus
1225 1572 1398 1657 concedit
1421 1599 1466 1655 ac
1491 1571 1692 1656 confirmat
1712 1572 1900 1654 nundinas
1917 1569 1958 1650 in

547 1703 638 1787 villu
664 1705 967 1788 Frankenmarlrt
990 1715 1029 1792 et
1056 1707 1159 1815 apud
1177 1706 1383 1809 villacum,
1412 1705 1563 1789 statutis
1590 1705 1681 1787 enni
1706 1701 1954 1814 temporibus,

547 1837 759 1921 habendas.

628 2051 717 2134 (Edit.
733 2057 766 2116 tn
777 2057 905 2118 Monam.
919 2056 1012 2130 Boia,
1022 2062 1094 2118 tom
1108 2056 1221 2130 XXXI,
1232 2073 1301 2134 pars
1317 2065 1357 2132 1¹,
1369 2073 1401 2134 p.
1419 2065 1489 2134 52⁸,
1503 2055 1633 2118 eoodtce
1645 2055 1749 2133 euplull
1760 2071 1817 2116 ser.
1831 2053 1955 2114 xm.-

666 2163 864 2224 Memorutum
877 2163 915 2224 ab
929 2165 1082 2226 Hormus
1095 2180 1145 2242 ap.
1160 2163 1328 2236 Lunswre,
1342 2167 1374 2224 tn
1391 2164 1500 2242 Sedit.
1509 2180 1565 2222 rer.
1578 2160 1696 2237 Βακὰ,
1705 2179 1737 2240 p.
1750 2160 1830 2238 ¹51.)

594 2345 789 2420 Fridericus
804 2348 867 2420 Dei
892 2348 1002 2441 gratia
1019 2349 1251 2421 Romanorum
1274 2351 1475 2445 imperator,
1499 2370 1634 2444 semper
1653 2355 1821 2441 augustus
1841 2355 1875 2418 et
1893 2367 1956 2418 rex

546 2470 675 2545 Sicilie.
698 2473 762 2546 Per
784 2495 926 2568 presens
952 2473 1119 2570 scriptum
1142 2483 1262 2547 notum
1285 2474 1360 2547 lieri
1378 2477 1542 2548 volumus
1562 2474 1736 2546 universis
1761 2472 1891 2567 imperii
1914 2470 1955 2542 li-

547 2592 686 2668 delibus
702 2605 771 2668 tam
788 2597 1008 2692 presentibus
1024 2619 1129 2692 qoam
1148 2597 1273 2670 suturis
1292 2599 1389 2692 qood
1407 2597 1453 2670 ad
1475 2597 1761 2694 supplicationem
1775 2593 1957 2668 Ekkcberti

546 2718 754 2792 venerabilis
775 2719 1071 2811 Babenbergensis
1092 2721 1244 2817 episcopi
1271 2720 1388 2794 dilecti
1410 2721 1578 2816 principis
1600 2721 1706 2793 nostri
1730 2719 1958 2793 concessimus

548 2841 581 2916 ei
609 2852 645 2915 et
675 2844 751 2935 ejus
783 2845 1041 2918 successoribus
1071 2845 1108 2916 in
1139 2855 1346 2942 perpetuum
1379 2847 1492 2918 lucere
1522 2844 1597 2918 fieri
1619 2844 1796 2917 nundinas
1820 2844 1855 2915 in
1878 2843 1959 2915 villa

548 2987 613 3038 sua
638 2969 926 3042 Frankenmarlret
953 2977 988 3042 et
1007 2971 1103 3064 apud
1122 2971 1314 3061 villacum,
1337 2971 1501 3044 videlicet
1527 2979 1566 3042 ut
1589 2969 1748 3043 nundine
1773 2987 1844 3064 que
1868 2967 1959 3063 apud

548 3093 856 3168 Frankenmarlrde
869 3097 1089 3168 concessione
1103 3105 1219 3169 nostra
1231 3105 1358 3170 statute
1368 3105 1463 3188 sunt,
1475 3097 1560 3168 fiant
1572 3096 1719 3190 singulis
1733 3095 1836 3168 annis
1846 3113 1960 3166 mense

549 3218 734 3313 septembri
762 3220 798 3290 iu
818 3221 904 3292 sesto
928 3220 1019 3292 beati
1041 3221 1229 3316 Mychaelis
1247 3221 1510 3316 quatuordecim
1530 3220 1655 3294 diebus
1676 3228 1757 3292 ante
1782 3227 1817 3292 et
1841 3217 1963 3292 diebus

549 3343 691 3416 totidem
710 3353 787 3439 post
802 3345 928 3416 testum
948 3343 1124 3436 ejusdem,
1145 3343 1301 3418 nundine
1323 3367 1407 3418 vero
1429 3353 1556 3419 statute
1572 3345 1669 3442 apud
1685 3343 1859 3416 Villacum
1883 3341 1964 3415 liant

549 3469 727 3542 annuatim
755 3449 875 3543 mense
889 3467 994 3563 junii,
1019 3469 1107 3542 testo
1128 3469 1259 3542 scilicet
1281 3469 1373 3543 beati
1399 3469 1539 3554 Jacobi,
1555 3467 1822 3563 quatuordecim
1842 3467 1964 3541 diebus

549 3603 630 3667 ante
645 3602 681 3667 et
700 3601 779 3689 post
793 3595 919 3667 festum
934 3591 1090 3686 ejusdem
1113 3592 1239 3667 diebus
1256 3593 1401 3666 totidem
1420 3593 1671 3668 conservando.
1688 3593 1806 3679 Quare
1821 3593 1965 3664 univer-

549 3717 640 3790 sitati
663 3725 779 3791 vestre
802 3717 946 3791 tirmiter
970 3717 1194 3814 precipiendo
1219 3717 1427 3793 mandamus
1451 3727 1624 3815 quatenus
1645 3717 1765 3789 nullus
1789 3717 1962 3812 princeps,

551 3842 640 3934 dux,
656 3841 822 3932 marchio,
839 3863 967 3934 comes,
982 3844 1165 3934 scultetus,
1178 3843 1235 3916 vel
1248 3843 1499 3935 ministerialis,
1515 3845 1584 3917 alta
1597 3841 1786 3914 humilisve
1797 3861 1961 3936 persona,

551 3968 780 4040 ecclesiastice
796 3969 853 4040 vel
878 3965 1069 4058 mundana,
1090 3975 1208 4040 contra
1225 3969 1395 4063 presentis
1412 3965 1645 4041 concessionis
1670 3973 1786 4038 nostre
1804 3966 1965 4060 paginam

550 4100 680 4166 temore
710 4091 830 4164 venire
859 4099 1046 4186 presumat.
1077 4088 1181 4176 Quod
1207 4091 1268 4184 qui
1302 4089 1550 4186 presumpserit
1576 4087 1856 4182 indignationem
1880 4109 1966 4160 nos-

550 4225 638 4288 tram
664 4203 706 4286 se'
726 4215 861 4288 noverit
882 4213 1112 4286 incursurum.
1139 4213 1195 4287 Ad
1219 4213 1326 4308 hujus
1349 4215 1467 4310 itaquo
1493 4213 1726 4287 concessionis
1752 4221 1872 4284 nostre
1894 4233 1967 4284 mc·

551 4340 695 4411 moriam
718 4347 753 4411 et
776 4338 935 4412 stabilem
962 4337 1178 4430 firmitatem,
1208 4361 1351 4434 presens
1372 4341 1539 4436 scriptum
1565 4337 1641 4410 fieri
1661 4337 1832 4431 jussimus
1855 4333 1966 4429 sigillo

551 4463 736 4554 majestatis
753 4472 868 4535 nostre
884 4463 1072 4534 munitum.

599 4585 724 4656 Datum
744 4586 846 4681 apud¹
864 4584 1022 4678 Alidem,
1047 4609 1138 4660 anno
1157 4587 1330 4661 dominice
1353 4587 1600 4660 incarnationis
1621 4585 1807 4658 millesimo
1828 4581 1965 4656 duren-

552 4708 674 4783 tesimo
694 4708 859 4783 vicesimo
879 4711 1019 4806 quinto,
1040 4735 1158 4786 meuse
1174 4713 1335 4808 augusti,
1356 4711 1590 4787 tertiadecima
1613 4709 1832 4796 indictionis,
1859 4709 1964 4804 impe·
