4292 5894
198 573 297 636 lmttr.
316 567 377 654 ll.]
647 565 848 628 Histottln
872 557 1166 625 utrnollaulca
1366 549 1378 570 “
1557 551 1617 614 305

200 709 307 800 hujus
321 713 438 780 antem
455 701 685 776 concessionis
700 711 816 776 nostre
833 700 1033 774 memoriam
1052 707 1087 770 et
1102 704 1303 792 perpetuam
1322 691 1517 765 firmitatem
1536 710 1616 785 pre-

203 854 284 905 sens
306 827 530 926 privilegium
550 827 655 900 scribi
677 836 712 900 et
729 826 843 922 sigillo
864 823 1051 920 maiestatis
1068 831 1184 894 nostre
1203 819 1371 913 jussimus
1394 813 1612 905 communiri,

200 975 307 1046 anno,
324 973 456 1041 mense,
474 951 664 1024 indictione
676 951 891 1048 subscriptis.

251 1081 378 1151 Datum
399 1076 595 1150 incivitate
616 1076 750 1174 Capua,
775 1097 867 1150 anno
886 1073 1061 1149 dominice
1081 1069 1327 1144 incarnationis
1347 1067 1527 1139 millesimo
1549 1063 1615 1136 du·

202 1202 391 1277 centesimo
404 1200 571 1276 vicesimo
584 1200 703 1289 tercio,
721 1220 840 1273 mense
856 1197 1034 1286 februarii,
1052 1195 1236 1269 undecima
1251 1192 1451 1265 indictione.

436 1509 881 1522 ψει-..οω-
887 1505 1381 1519 Μκ--ῇο-ῇ

258 1787 495 1894 Fridericus,
517 1786 778 1870 Romanorum
805 1784 1030 1893 imperator,
1055 1784 1105 1866 ad
1132 1783 1444 1893 supplicationem
1468 1786 1618 1872 Ottonis

205 1920 408 2032 praepositi
447 1919 625 2003 ecclesiae
653 1918 780 2001 Sancti
817 1917 975 2000 Servatii
1007 1915 1273 2026 Trejeotensis‚
1309 1919 1483 2026 innovat,
1514 1947 1615 2004 oon-

205 2056 332 2138 firmat
349 2065 387 2138 et
401 2055 533 2137 inserit
550 2053 791 2164 privilegium
810 2051 962 2135 Henrici
983 2051 1108 2163 quinti
1125 2053 1226 2162 regis
1241 2053 1521 2160 Romanorum,
1540 2081 1619 2166 quo

204 2188 403 2272 eeclesiam
425 2187 652 2272 Lodenaken
677 2187 790 2269 sitam
806 2187 847 2268 in
870 2212 971 2296 pago
988 2184 1202 2269 Hasbaniae
1220 2187 1310 2269 huie
1322 2187 1500 2271 eeclesiae
1517 2189 1619 2272 idem

205 2351 272 2408 rex
289 2322 478 2434 delegavit
491 2333 528 2406 et
540 2321 699 2405 remisit.

275 2539 398 2619 (lnedlt
415 2557 452 2601 ex
466 2539 590 2602 chamut.
604 2537 689 2601 MSS.
705 2538 806 2600 Sancti
821 2537 947 2600 Servant
966 2539 998 2598 tn
1019 2537 1159 2600 Blbltotb.
1180 2539 1287 2612 Paris,
1299 2546 1372 2600 tom.
1389 2541 1418 2613 1,
1434 2539 1456 2600 t.
1471 2549 1576 2615 att-27,
1590 2550 1620 2604 et

327 2654 349 2709 t
365 2646 631 2721 111,t.1oerectc.
649 2646 685 2706 ln
704 2644 805 2706 codtoe
817 2650 998 2705 memoretur
1009 2644 1140 2724 sigillum
1155 2644 1301 2722 prlvtlegll
1320 2646 1471 2726 originalis
1491 2663 1530 2706 ex
1552 2647 1619 2708 alba

326 2770 395 2816 cera
414 2769 484 2816 cum
502 2752 563 2814 filis
576 2753 678 2814 sends
690 2751 771 2813 rubri
785 2750 916 2828 colorls.)

255 2945 296 3016 ln
318 2941 458 3016 nomine
480 2949 599 3014 sancte
618 2949 653 3014 et
671 2938 854 3014 individue
875 2937 1059 3012 Trinitatis.
1088 2937 1290 3012 fredericus
1309 2938 1485 3013 secundus
1501 2939 1621 3014 divina

208 3070 347 3142 invente
364 3064 545 3139 clementia
561 3066 794 3137 Romanorum
810 3064 1008 3158 imperator,
1027 3085 1162 3157 semper
1176 3073 1346 3158 augustus
1361 3073 1395 3136 et
1410 3087 1475 3137 rex
1492 3065 1618 3139 Sicilie.

208 3190 315 3265 Iustis
343 3189 613 3286 supplicantium
640 3186 821 3262 desideriis
848 3187 1060 3284 imperialem
1094 3187 1193 3260 decet
1224 3188 1439 3262 clementiam
1471 3190 1622 3284 benigne

208 3335 362 3390 annuere
378 3323 412 3386 et
428 3335 470 3387 ea
486 3335 557 3410 que
571 3334 593 3385 a
608 3313 750 3387 rationis
764 3312 885 3385 semita
900 3333 969 3384 non
985 3311 1126 3386 deviant
1142 3310 1266 3384 effectu
1284 3323 1513 3410 prosequente
1528 3337 1622 3388 com·
1653 3407 1657 3416 .

208 3442 314 3538 plere.
334 3443 524 3535 Eapropter
546 3448 666 3511 notum
687 3437 833 3511 facimus
852 3437 1025 3510 universis
1046 3437 1182 3532 imperii
1201 3435 1361 3510 fidelibus
1378 3447 1449 3511 um
1475 3461 1621 3537 presen-

159 3645 161 3648 ,
208 3564 304 3637 tibus
320 3585 426 3658 quam
448 3564 575 3636 futuris
592 3561 688 3657 quod
710 3562 788 3635 Otto
805 3562 1002 3659 prepositus
1018 3561 1163 3634 ecclesie
1179 3561 1292 3634 Sancti
1314 3563 1462 3636 Servatii
1483 3565 1622 3639 nomine

209 3688 321 3786 ipsius
336 3687 480 3760 ecclesie
503 3696 539 3760 et
561 3687 805 3760 canonicorum
821 3687 999 3781 quoddam
1021 3685 1242 3781 privilegium
1263 3687 1401 3760 Henrici
1418 3689 1530 3784 quinti
1546 3689 1622 3763 Ro-

209 3833 389 3886 manorum
420 3810 513 3905 regis
538 3809 791 3906 predecessoris
811 3811 916 3882 nostri
942 3810 1051 3883 felicis
1075 3811 1240 3883 memorie
1261 3811 1435 3886 indultum
1460 3814 1622 3888 videlicet

209 3934 366 4033 predicte
383 3933 527 4007 ecclesie
546 3931 661 4006 Sancti
677 3932 823 4005 servatii
841 3931 888 4005 ad
905 3932 1105 4028 petitionem
1122 3932 1299 4006 Adelbcrti
1317 3934 1494 4028 quondam
1513 3936 1623 4032 ipsius

210 4059 354 4134 ecclesie
378 4056 544 4156 propositi
569 4066 605 4131 et
624 4058 817 4130 cancellarii
833 4057 908 4150 sui,
929 4069 1044 4131 nosue
1065 4056 1262 4132 celsitudini
1282 4059 1507 4155 presentavit,
1531 4083 1621 4158 sup-

209 4183 343 4282 plicans
363 4183 537 4256 bnmilitcr
553 4191 593 4254 ut
614 4180 701 4255 illud
722 4182 946 4276 dignaremur
960 4181 1029 4255 sibi
1052 4193 1087 4256 et
1106 4183 1250 4257 ecclesie
1267 4182 1421 4278 predicte
1443 4184 1488 4258 de
1512 4185 1621 4283 impe·

210 4309 287 4383 riali
303 4307 414 4403 gratia
433 4307 617 4399 innovare;
634 4316 732 4379 tenor
754 4310 854 4400 cujus
868 4306 1041 4402 privilegii
1057 4307 1135 4380 talis
1150 4316 1229 4380 est:

260 4435 300 4506 ln
318 4431 458 4505 nomine
474 4440 592 4504 sancte
610 4439 646 4504 et
668 4430 852 4506 individue
868 4431 1054 4506 Trinitatis.
1080 4433 1250 4506 Henricns
1270 4433 1413 4528 quintus
1428 4435 1492 4507 Dei
1512 4436 1622 4530 gratia

210 4560 442 4632 Romanorum
468 4577 545 4629 rex.
575 4555 700 4628 Notum
724 4555 871 4630 iacimus
895 4556 1057 4629 omnibus
1082 4555 1244 4630 fidelibus
1267 4566 1337 4630 mm
1366 4558 1491 4632 suturis
1516 4583 1621 4656 quam

213 4682 432 4780 presentibus
457 4680 605 4778 qualiter
629 4701 692 4753 nos
712 4702 775 4777 pro
799 4691 917 4754 eterno
938 4681 1052 4755 anime
1077 4693 1192 4756 nostre
1215 4682 1367 4757 remedio
1389 4695 1425 4756 et
1448 4707 1509 4778 pm
1532 4697 1623 4781 statu

313 4807 354 4868 ll.
1428 4819 1465 4872 89

1682 1793 1785 1849 Capuae,

1675 1850 1792 1894 lebrnartn.
