4292 5894
541 573 602 634 310
1046 563 1258 628 sntnnltlcl
1281 563 1457 629 suebum
1750 566 1848 653 Ι[Αιιι.
1866 570 1950 634 1293.

538 730 615 780 rum
638 707 871 801 quorumlibet
894 704 1050 780 fidelium
1069 725 1133 776 seu
1150 701 1229 776 aliis
1252 702 1465 798 quibuslibet
1482 703 1587 798 justis
1607 713 1641 778 et
1660 703 1823 799 legitimis
1842 707 1952 780 modis

538 833 665 930 poterit
692 831 859 928 adipisci,
885 839 1002 905 nostra
1026 825 1194 924 imperiali
1221 825 1422 900 aucwritate
1448 827 1648 902 confirmata
1672 851 1714 902 ac
1736 830 1952 905 corroborata

538 955 661 1029 usibus
679 964 865 1029 memorate
885 953 1029 1028 ecclesie
1048 960 1083 1025 et
1104 949 1266 1024 iratribus
1284 950 1414 1024 ibidem
1432 953 1504 1025 Deo
1521 973 1584 1049 pro
1603 961 1756 1050 tempore
1778 956 1952 1029 fumabu-

538 1080 632 1153 tibus
649 1078 848 1175 proliciunt3
869 1101 915 1152 ex
936 1078 1065 1174 quibus
1083 1074 1236 1170 quedam
1257 1075 1404 1172 propriis
1420 1075 1589 1149 duximus
1602 1077 1831 1176 exprimenda
1850 1101 1952 1154 vcca-

537 1205 630 1277 bulis
652 1231 660 1274 :
683 1204 833 1278 insulam
847 1202 978 1276 scilicet
992 1201 1029 1274 in
1043 1223 1115 1298 qna
1130 1199 1206 1296 ipsa
1225 1198 1369 1273 ecclesia
1384 1201 1528 1275 lundata
1539 1209 1673 1296 estque
1689 1211 1741 1274 est
1752 1205 1856 1297 juxta
1872 1203 1952 1277 litus

536 1329 642 1403 maris
653 1338 687 1402 et
698 1329 803 1402 aliam
820 1327 968 1401 insulam
982 1347 1052 1423 que
1065 1334 1117 1398 est
1131 1323 1243 1421 posita
1253 1327 1357 1419 Juxta
1371 1324 1499 1398 llumen
1514 1325 1681 1418 Bidentis,
1697 1327 1849 1423 primum
1863 1329 1953 1402 latus

537 1453 880 1546 Bidens,secundum
892 1445 1407 1545 latusBadarcnus(a),tertium
1421 1449 1727 1524 latusClassitellus
1738 1451 1953 1526 descendens

536 1579 712 1673 aviaque
723 1577 881 1670 estjuxta
894 1575 1057 1650 murellos
1067 1573 1112 1648 de
1123 1574 1262 1648 civitate
1273 1573 1398 1648 Classis
1406 1574 1444 1646 in
1454 1575 1578 1648 eodem
1586 1574 1779 1667 Badarenc,
1790 1586 1953 1670 quartum

536 1705 627 1778 latus
644 1701 766 1776 eedem
784 1701 843 1774 via
862 1723 975 1796 usque
995 1700 1041 1774 ad
1060 1709 1197 1796 portum
1212 1698 1362 1793 Cesaris,
1382 1699 1541 1794 quintum
1556 1700 1647 1773 latus
1663 1721 1685 1773 a
1701 1708 1802 1796 portu
1820 1702 1953 1776 Cesaris

537 1849 649 1922 nsque
665 1827 701 1898 in
716 1826 896 1900 Bidentem
912 1836 948 1899 et
960 1827 1074 1900 locum
1085 1825 1147 1921 qui
1159 1833 1304 1900 vocatur
1317 1825 1524 1921 Corrigiolns
1535 1825 1582 1922 (t)
1595 1847 1676 1900 cum
1694 1827 1805 1920 muris,
1821 1827 1950 1922 vineis,

537 1951 652 2042 silvis,
672 1949 796 2046 pratis,
815 1949 972 2046 pascuis,
992 1949 1110 2044 aquis,
1130 1947 1395 2044 piscationibus,
1419 1949 1505 2042 viis,
1527 1949 1632 2024 inviis
1652 1958 1687 2022 et
1706 1950 1869 2024 omnibns
1886 1953 1952 2026 sibi

538 2071 809 2172 pertinentibus;
831 2072 953 2146 silvam
968 2094 1072 2167 quam
1091 2072 1221 2146 babent
1235 2073 1273 2144 in
1288 2073 1451 2146 comitatu
1465 2073 1674 2147 Comaclcnsi
1686 2075 1909 2172 abepiscopo
1920 2087 1954 2150 et

537 2197 712 2272 communi
726 2205 815 2270 terre
830 2205 864 2270 et
876 2194 1053 2292 quidquid
1067 2195 1301 2292 acquisierunt
1312 2196 1357 2270 ab
1368 2197 1493 2271 abbate
1504 2197 1619 2270 Sancti
1633 2196 1770 2272 Andrue
1783 2221 1830 2273 ex
1844 2200 1955 2296 parti·

536 2324 604 2399 bus
621 2325 719 2396 letrie
739 2323 814 2395 sive
839 2322 876 2393 in
898 2321 1148 2416 Bagnacaballo
1165 2319 1210 2418 (c)
1229 2323 1304 2394 sive
1324 2323 1359 2394 in
1381 2322 1459 2395 aliis
1476 2323 1559 2396 locis
1579 2331 1614 2395 ct
1632 2322 1806 2420 quidquid
1823 2323 1955 2398 babent

536 2450 632 2546 apud
646 2447 821 2538 Gatulam;
838 2444 1012 2542 quidquid
1029 2445 1132 2519 ctiam
1147 2446 1275 2519 babent
1286 2447 1321 2518 in
1336 2447 1474 2520 civitate
1487 2447 1651 2522 Ravenne
1662 2457 1696 2523 et
1710 2447 1745 2522 in
1759 2451 1838 2541 ojus
1851 2471 1954 2524 exar-

534 2583 627 2665 catu,
642 2571 808 2645 territorio
817 2571 960 2659 Cesene,
971 2570 1104 2665 Cervie,
1115 2569 1291 2661 Faventie,
1301 2571 1498 2667 Popiliensi,
1510 2571 1682 2666 lmclensi,
1694 2573 1861 2665 liviensi,
1873 2573 1952 2648 Ari·

536 2697 699 2788 minensi,
719 2694 953 2784 Pesanriensi,
974 2694 1138 2786 Fanensi,
1161 2695 1409 2788 Senogalliensi
1426 2695 1512 2768 etin
1531 2705 1647 2770 monte
1664 2695 1710 2770 de
1725 2697 1832 2770 Cruce
1848 2720 1871 2770 a
1886 2699 1953 2771 Fc-

535 2823 653 2896 derico
674 2831 709 2894 et
725 2817 915 2893 Guarnerio
936 2819 1195 2893 marchionibus
1215 2839 1279 2893 scu
1299 2817 1345 2892 ab
1361 2819 1456 2912 aliis,
1477 2819 1702 2914 Ferraricnsi,
1720 2821 1949 2915 Bononiensi,

534 2947 739 3036 Mantuano,
754 2943 920 3018 Paduano
940 2954 1011 3017 tam
1028 2943 1063 3016 in
1085 2943 1284 3018 civitatibus
1300 2965 1406 3041 quam
1422 2943 1458 3016 in
1473 2965 1592 3018 earum
1614 2945 1871 3042 episcopatibus
1889 2969 1951 3021 seu

533 3068 801 3166 inquibuslibet
820 3069 897 3142 aliis
917 3068 1014 3161 locis,
1031 3089 1110 3141 cum
1130 3068 1304 3162 domibus,
1325 3069 1437 3160 terris,
1455 3069 1557 3161 casis,
1578 3069 1695 3160 silvis,
1714 3068 1842 3161 vineis,
1866 3094 1951 3167 pas-

535 3196 629 3286 cuis,
653 3193 820 3286 canectis,
846 3193 965 3290 aquis,
984 3192 1190 3289 paludibus,
1214 3193 1480 3289 piscationibus,
1502 3194 1587 3284 riis,
1607 3193 1710 3267 inviis
1732 3203 1767 3268 ct
1786 3195 1950 3268 omnibus

536 3318 602 3391 sibi
624 3317 889 3413 pertinentibus.
915 3315 1088 3390 Addimus
1113 3317 1217 3391 etiam
1240 3326 1275 3392 et
1297 3317 1466 3415 imperiali
1480 3315 1647 3392 beneficio
1672 3329 1840 3416 perpetuo
1858 3319 1950 3393 dono

535 3439 759 3515 concedimus
773 3455 812 3514 nt
827 3442 872 3514 sit
883 3441 991 3514 libera
1005 3442 1149 3515 facultas
1164 3441 1363 3516 bominibus
1371 3445 1496 3517 Sancte
1504 3442 1610 3517 llario
1621 3443 1658 3516 in
1669 3443 1772 3516 Portu
1785 3443 1950 3518 omnibus

534 3567 746 3662 temporibus
761 3565 807 3640 de
824 3565 922 3639 silvis
937 3566 1108 3641 Medicine
1122 3567 1216 3662 ligna
1227 3589 1291 3664 pro
1304 3567 1552 3643 restauratione
1562 3567 1743 3641 domorum
1758 3589 1905 3642 suarum
1917 3577 1951 3642 ct

532 3693 735 3766 necessitate
754 3691 846 3787 ignis
859 3691 1035 3787 accipere,
1053 3691 1338 3787 quotiescumque
1355 3693 1545 3784 voluerint,
1566 3693 1642 3766 sine
1657 3693 1752 3767 omni
1768 3692 1948 3767 hominurn

532 3815 816 3890 contradictione.
843 3817 998 3890 Prctarea
1022 3815 1245 3890 concedimus
1264 3825 1299 3890 et
1317 3817 1485 3912 imperiali
1502 3819 1704 3892 auctoritate
1727 3817 1949 3892 decernimus

531 3949 571 4013 ut
587 3939 785 4036 supradicte
803 3939 948 4014 ecclesie
966 3941 1088 4013 lratres
1111 3939 1263 4013 babeant
1281 3941 1478 4013 facultatem
1499 3941 1643 4014 liberam
1660 3963 1682 4015 a
1697 3943 1854 4038 quolibet
1872 3942 1947 4017 adi·

530 4063 686 4161 piscandi
710 4063 943 4159 possessiones
965 4072 1000 4137 et
1024 4062 1253 4160 recuperandi
1277 4089 1285 4136 :
1311 4063 1475 4138 videlicet
1496 4065 1526 4138 si
1550 4065 1783 4162 possessiones
1804 4087 1947 4164 quoquc

529 4189 634 4264 modo
655 4189 866 4286 pertinentes
888 4187 934 4261 ab
952 4189 1069 4283 aliquo
1089 4189 1146 4262 vel
1169 4188 1345 4284 aliquibus
1362 4187 1489 4282 injuste
1506 4189 1739 4286 detineantur,
1756 4200 1791 4265 et
1807 4192 1947 4265 tertioa

529 4314 692 4390 tratribus
710 4316 768 4388 vel
792 4313 837 4387 ab
856 4313 933 4387 aliis
951 4336 999 4388 cx
1025 4315 1166 4389 nomine
1186 4335 1269 4412 sepe
1294 4313 1387 4389 dicto
1407 4315 1551 4390 ecclesie
1575 4316 1632 4391 vel
1657 4317 1761 4392 etiam
1785 4338 1857 4390 nno
1881 4339 1947 4414 pe-

568 4489 612 4570 (α)
634 4492 693 4570 Ap.
711 4492 854 4554 Murctorl
867 4488 1063 4554 dadolenam.

570 4595 609 4676 (b)
631 4597 689 4676 Ap.
705 4599 848 4659 Muratorl
865 4596 1014 4676 Citieolua.

567 4701 601 4782 (c)
622 4703 680 4782 Ap.
696 4704 837 4767 Fantnnnl
852 4703 948 4768 Mane
963 4701 1094 4783 debello,
1113 4705 1205 4772 mate.
1257 4767 1261 4774 .
