4272 5886
567 492 628 556 506
1067 492 1282 558 FlllliElthl
1306 492 1480 558 stcttot
1797 493 1886 571 [An.
1906 491 1986 556 1225.

569 627 763 704 Coloniensi
782 629 940 722 ecclesie,
959 630 1027 725 ipsi
1044 631 1149 704 etiam
1169 631 1427 728 archiepiscopo
1440 639 1476 704 et
1490 627 1565 722 ejus
1576 627 1848 702 successoribus
1863 629 1901 700 in
1917 651 1988 723 per·

569 764 715 850 petuum
738 753 900 848 predium
927 754 1015 828 illud
1039 755 1137 850 quod
1155 757 1387 834 Thecdffl'ous
1406 755 1453 829 de
1477 753 1709 850 Hampsberclr
1731 752 1861 826 fidelis
1880 762 1989 826 noster

569 877 607 952 in
628 876 802 952 ltihterioh
825 878 871 952 ab
897 877 1042 974 imperio
1067 880 1179 954 tenuit
1199 889 1234 956 et
1252 881 1431 954 voluntate
1454 886 1643 975 spontanea
1667 879 1801 952 nostris
1829 878 1987 950 manibus

570 1002 772 1097 resignavit.
794 1003 957 1077 volentes
975 1013 1010 1078 et
1029 1006 1233 1079 anctoritate
1248 1005 1415 1102 presentis
1436 1001 1609 1100 privilegii
1630 1001 1775 1076 firmiter
1798 1010 1986 1076 statuentes

448 1233 453 1240 Ι
569 1135 609 1200 nt
623 1126 778 1221 predicta
798 1126 1010 1202 Coloniensis
1028 1130 1172 1204 ecclesia
1189 1131 1268 1223 jure
1287 1139 1454 1228 perpetuo
1474 1127 1635 1224 predium
1651 1128 1770 1226 ipsum
1793 1127 1835 1199 in
1851 1146 1939 1221 pace
1955 1133 1986 1196 et

411 4481 518 4578 aaa.

568 1250 688 1346 quiete
701 1251 887 1347 possideat,
905 1274 971 1326 nec
983 1253 1109 1348 aliquis
1126 1255 1172 1328 sit
1189 1264 1258 1328 um
1277 1277 1385 1329 ausus
1397 1255 1459 1350 qui
1471 1252 1651 1326 eeclesiam
1665 1252 1796 1347 ipsam,
1816 1251 1983 1347 prelatum

567 1373 865 1474 archiepiscopum
890 1400 932 1452 ac
948 1399 1164 1454 successores
1183 1401 1265 1454 suos
1289 1379 1334 1454 de
1350 1377 1473 1454 codem
1490 1377 1612 1474 predio
1635 1376 1848 1474 perturbare
1869 1373 1915 1447 de
1931 1393 1981 1444 oe·

568 1509 641 1574 tero
673 1523 735 1574 seu
770 1504 951 1576 molestare
982 1514 1180 1601 presumat3
1213 1503 1308 1599 quod
1338 1504 1400 1601 qui
1431 1501 1676 1601 presumpserit
1705 1499 1980 1595 indignationem

566 1625 674 1696 nostri
693 1625 853 1699 culminis
874 1649 913 1701 se
935 1629 1071 1702 noverit
1088 1628 1240 1723 paritor
1262 1630 1495 1702 incursurum.
1515 1625 1571 1700 Ad
1588 1626 1694 1719 hujus
1708 1625 1823 1721 igitur
1840 1643 1980 1697 eoncu-

566 1749 674 1823 sionis
690 1760 726 1824 et
742 1750 940 1826 donationis
955 1762 1072 1826 nostre
1090 1753 1291 1827 memoriam
1307 1761 1341 1826 et
1357 1753 1464 1826 robur
1479 1759 1645 1848 perpetuo
1667 1750 1884 1840 valiturum,
1902 1768 1977 1844 pre-

565 1895 645 1947 sens
658 1873 880 1970 privilegium
898 1877 1002 1950 scribi
1018 1885 1053 1950 et
1066 1878 1181 1972 sigillo
1195 1877 1382 1970 majestatis
1401 1887 1518 1950 nostre
1528 1875 1696 1969 jussimus
1709 1873 1934 1948 communiri.

614 1998 726 2092 Hujus
741 2007 857 2074 antem
882 2001 932 2075 rei
957 2009 1060 2076 testes
1085 2011 1169 2074 sunt
1183 2002 1233 2075 hii
1249 2001 1423 2076 iohannes
1441 2023 1506 2074 rex
1520 2000 1897 2085 lerosolimitanornm,
1913 1995 1975 2068 tu-

563 2123 683 2197 bertus
702 2124 996 2220 Babebergensis,
1016 2125 1195 2200 conradus
1211 2125 1486 2222 lintisponensis,
1507 2126 1668 2199 Oliverus
1685 2121 1971 2210 Padebnmensis,

563 2247 787 2323 Eckehnrdus
817 2250 1092 2346 lllersbnrgensis
1128 2249 1303 2346 episcopi,
1340 2253 1556 2324 Hermannns
1594 2249 1760 2342 magister
1799 2245 1974 2342 Hospitalis

564 2374 688 2447 Sancte
703 2372 812 2448 illaria
831 2373 1117 2449 theotonicorum
1134 2371 1170 2447 in
1185 2375 1394 2464 Jerusalem,
1417 2372 1595 2472 Lupoldus
1616 2372 1694 2446 dux
1714 2371 1878 2462 Austrie,
1896 2371 1971 2440 Ber-

564 2498 696 2572 nardns
721 2497 798 2572 dux
821 2497 996 2572 carinthia
1003 2555 1014 2592 ,
1042 2498 1232 2573 licinaldus
1255 2499 1361 2591 [dux]
1386 2499 1534 2593 Spoleti,
1558 2498 1728 2571 Henricns
1751 2495 1906 2570 marchio
1931 2491 1969 2564 de

563 2621 739 2715 llndesse,
765 2623 933 2697 ilenricns
961 2623 1115 2697 marchio
1138 2623 1185 2698 de
1209 2625 1401 2718 Burgowe,
1425 2623 1643 2697 Hermannus
1677 2641 1798 2695 comes
1824 2619 1870 2694 de
1891 2619 1967 2690 Vro-

562 2746 692 2840 burch,
718 2747 797 2822 Otto
818 2769 935 2822 comes
961 2747 1008 2823 de
1034 2747 1270 2840 Ortenbnrch,
1287 2747 1484 2822 Bemattlus
1502 2747 1549 2820 de
1571 2747 1787 2837 llorstmare,
1816 2739 1966 2818 Hannone

563 2891 678 2946 comes
695 2871 937 2965 delirantem·
952 2881 988 2946 et
1005 2873 1064 2945 alii
1082 2873 1319 2970 quamplures.

613 2995 759 3090 Signum
783 2995 916 3070 domini
941 2995 1105 3070 Friderici
1123 2997 1187 3070 Dei
1213 2996 1324 3091 gratia
1341 2994 1560 3070 invictissimi
1576 2996 1811 3068 Romanorum
1830 2993 1966 3085 impert·

565 3119 648 3193 toris
664 3121 807 3196 monadi
816 3141 983 3218 ,semper
1000 3123 1141 3216 augusti
1155 3130 1190 3195 ct
1204 3121 1297 3216 regis
1314 3121 1441 3195 Sicilie.

613 3241 700 3318 Actu
717 3251 799 3316 sunt
820 3243 886 3318 bec
902 3267 996 3319 anno
1012 3245 1186 3319 dominice
1205 3244 1452 3318 incarnationis
1468 3241 1650 3316 millesimo
1673 3235 1905 3314 ducentesimo
1919 3228 1963 3302 vi·
2092 3298 2093 3307 ,

567 3367 696 3442 cesino
711 3369 852 3463 quinto,
872 3390 992 3443 mense
1006 3369 1102 3462 julii,
1127 3369 1368 3445 tarciedecime
1393 3367 1609 3460 indictionis,
1631 3365 1825 3460 imperante
1841 3355 1962 3436 domitu

568 3501 685 3566 nostro
712 3491 887 3568 Fridetico
915 3494 1070 3568 meando
1096 3495 1160 3568 Dei
1186 3495 1297 3589 gratia
1327 3491 1552 3568 invictissimo
1578 3493 1813 3564 Romanorum
1831 3489 1959 3580 inpera-

568 3625 661 3709 tore,
680 3638 816 3712 semper
827 3627 986 3712 ,angusto
1004 3628 1041 3692 et
1060 3639 1142 3714 rege
1163 3619 1291 3711 Sicilie,
1308 3639 1400 3692 anno
1423 3614 1568 3692 Romani
1586 3613 1722 3710 imperii
1746 3614 1826 3706 ejus
1845 3607 1956 3706 quum,

568 3740 666 3837 regni
679 3761 764 3816 vero
781 3742 898 3816 Sicilie
912 3743 1079 3817 vicesimo
1093 3751 1233 3834 octavo,
1253 3743 1406 3816 felicita.
1425 3741 1549 3815 Anen

617 3868 743 3942 Datum
760 3866 857 3963 apud
870 3870 1035 3941 Sanctum
1049 3867 1272 3962 Germanum,
1289 3888 1398 3962 anno,
1416 3885 1535 3942 mense
1548 3873 1583 3939 et
1595 3861 1790 3938 indictione
1803 3851 1954 3960 predictis

807 4163 863 4176 Μ

626 4448 856 4552 Fridericus,
887 4446 1147 4531 Romanorum
1173 4447 1393 4556 imperator,
1413 4443 1604 4529 canonicis
1630 4441 1788 4552 maioris
1806 4427 1952 4524 ecclesiae

445 4581 761 4692 wSpirensis
782 4579 1016 4665 ecclesiam
1005 4606 1046 4662 in
1073 4579 1295 4691 Ezzelingen
1315 4606 1405 4664 oum
1422 4577 1602 4664 omnibus
1613 4573 1798 4687 justiciis,
1818 4585 1953 4684 proven·
2090 4690 2092 4700 Ι
