4436 5870
279 611 438 691 transmit}
477 627 479 632 ’
734 611 928 672 HISTORIA
954 605 1244 670 ntttotttt'rtctt.
1652 599 1692 658 35

279 747 376 822 danti
391 746 494 819 etiam
510 743 724 838 benignitate
741 743 836 838 ipsos
851 744 1040 838 Ugulinum
1054 745 1228 816 albitonis
1244 752 1278 814 et
1298 739 1485 834 Ugulinum
1502 746 1538 810 et
1555 733 1698 808 Albino·

280 893 361 944 nem
379 871 455 962 ejus
478 877 622 964 nepotes
648 876 683 940 et
701 867 846 940 heredes
866 891 986 941 eorum
1012 869 1183 940 masculos
1197 866 1362 961 ampliare
1375 863 1544 950 volentes,
1565 861 1691 934 damus

280 1006 315 1069 et
331 994 554 1068 concedimus
572 993 624 1066 eis
641 1000 677 1064 et
697 991 866 1087 imperiali
883 993 1086 1065 auctoritate
1107 992 1278 1066 donamus
1298 1009 1401 1062 omne
1410 988 1604 1080 jus,usum
1617 985 1692 1056 sive

282 1117 582 1205 consuetudinem,
603 1116 812 1206 districtum,
832 1117 977 1209 curiam,
1001 1117 1165 1188 bonorem
1184 1125 1219 1188 et
1232 1114 1413 1188 universas
1430 1110 1562 1206 species
1576 1110 1692 1202 cujus·

284 1263 434 1335 cumque
449 1241 592 1336 gradus,
613 1240 820 1312 conditionis
832 1242 887 1314 vel
902 1263 1008 1314 sexus
1021 1240 1183 1330 existant,
1202 1248 1270 1312 tam
1289 1237 1472 1311 allodarios
1489 1257 1593 1330 qnam
1609 1233 1694 1306 alios

284 1386 539 1460 quoscumque,
564 1386 771 1459 omnemque
780 1365 1055 1459 jurisdictionem
1078 1363 1216 1438 civilem
1232 1372 1268 1435 et
1281 1361 1492 1434 criminalem
1509 1369 1545 1432 et
1564 1378 1634 1452 que
1647 1357 1694 1430 ad

285 1515 417 1564 merum
443 1502 478 1564 et
497 1493 648 1563 mixtum
665 1491 848 1586 imperium
864 1492 1053 1587 pertineut3
1074 1492 1121 1565 ita
1137 1491 1233 1586 quod
1250 1489 1412 1584 deinceps
1433 1488 1468 1558 in
1485 1487 1694 1560 facinorosos

285 1616 559 1690 animadvertere
581 1617 719 1688 valeant
747 1615 978 1711 ultimumque
997 1616 1122 1689 interro
1143 1615 1373 1712 supplicium,
1396 1635 1437 1686 ac
1459 1612 1639 1684 utilitatem
1661 1620 1696 1683 et

285 1740 513 1835 servitiaque
535 1760 599 1812 nos
621 1739 656 1810 in
682 1739 847 1834 predictis
874 1740 958 1814 locis
986 1740 1061 1813 sive
1086 1739 1206 1812 castris
1227 1761 1269 1812 ao
1293 1737 1492 1810 hominibus
1516 1736 1697 1830 utriusque

285 1883 391 1934 sexus
405 1885 449 1934 en
466 1861 634 1956 dignitate
648 1863 792 1935 llomaui
808 1863 943 1958 imperii
957 1885 1137 1958 possemus
1151 1864 1207 1936 vel
1222 1860 1427 1935 deberemus
1439 1860 1497 1930 vel
1512 1858 1694 1953 imperium

286 1986 439 2080 antiquis
464 1986 676 2081 temporibus
702 1986 737 2057 in
764 1987 814 2060 eis
836 1988 1016 2060 consuevit
1031 1987 1170 2060 habere.
1191 1987 1351 2058 Veientes
1370 1993 1407 2056 et
1419 1983 1556 2078 plenam
1574 1982 1696 2055 dantes

287 2109 337 2180 eis
352 2109 526 2182 licentiam
547 2117 652 2205 atque
673 2110 862 2184 libertatem
880 2120 1053 2206 quatenus
1074 2112 1256 2183 universos
1271 2109 1429 2181 homines
1448 2110 1697 2202 cujuscumque

286 2233 415 2327 gradus
436 2234 493 2306 vel
516 2256 623 2306 sexus
650 2233 685 2305 in
709 2234 840 2308 eisdem
868 2235 987 2308 castris
1009 2235 1164 2330 locisque
1187 2243 1358 2306 morantes
1381 2243 1417 2305 et
1445 2233 1506 2326 qni
1532 2234 1567 2303 in
1595 2241 1695 2307 antea

286 2358 512 2430 morabuntur
533 2358 664 2431 ibidem
692 2381 770 2432 cum
801 2361 963 2434 omnibus
990 2361 1094 2433 rebus
1118 2370 1153 2433 et
1177 2360 1278 2432 bonis
1302 2379 1421 2431 eorum
1448 2358 1636 2430 mobilibus
1662 2369 1696 2431 et

287 2482 521 2555 immobilibus
543 2484 761 2578 presentibus
785 2494 819 2557 et
843 2484 967 2557 futuris
991 2486 1177 2575 retineant,
1204 2504 1393 2577 omnesque
1411 2482 1488 2554 illos
1504 2483 1623 2576 quiin
1646 2485 1696 2556 eis

288 2605 475 2698 aliquando
496 2607 622 2678 morari
647 2620 902 2681 consueverunt
922 2631 942 2682 a
962 2609 1101 2681 civitate
1127 2607 1294 2680 Florentia
1315 2614 1350 2679 et
1364 2605 1518 2679 Bononia
1534 2604 1589 2678 vel
1609 2607 1698 2678 alia·-

288 2751 436 2823 cumque
455 2729 594 2802 civitate
616 2731 692 2804 sive
715 2731 791 2804 aliis
814 2733 934 2805 castris
960 2733 1017 2807 vel
1040 2732 1125 2804 locis
1149 2732 1209 2804 ubi
1237 2752 1297 2804 eos
1323 2731 1515 2803 invenerint
1540 2727 1698 2825 repetant

290 2851 414 2941 libere,
433 2855 618 2948 nullusque
636 2876 696 2928 eos
711 2865 829 2928 contra
849 2856 1003 2950 ipsorum
1026 2856 1165 2951 Ugulini
1181 2855 1356 2928 Albizonis
1373 2864 1408 2926 et
1428 2854 1569 2949 Ugutini
1588 2862 1623 2926 et
1638 2855 1696 2926 ΑΙ-

289 2975 421 3048 bizonis
432 2986 466 3049 et
476 2977 644 3051 heredum
657 3000 799 3052 suorum
814 2983 1045 3053 masculorum
1062 2981 1276 3053 voluntatem
1290 2981 1418 3053 audeat
1431 2979 1594 3070 retinere,
1608 2980 1701 3053 etita

290 3122 368 3171 cnm
383 3102 545 3175 omnibus
562 3103 662 3175 bonis
684 3115 719 3176 et
743 3105 849 3177 rebus
870 3127 987 3178 eorum
1007 3107 1102 3201 ipsos
1125 3106 1175 3177 eis
1200 3105 1364 3177 adhibeat
1387 3102 1483 3197 quod
1510 3102 1556 3175 ad
1580 3124 1699 3175 eorum

290 3226 574 3299 cousuetudinem
594 3228 649 3299 vel
667 3227 913 3301 habitationem
930 3237 1147 3301 revertantur
1167 3229 1345 3322 antiquam
1365 3227 1498 3322 absque
1520 3227 1614 3300 omni
1634 3249 1701 3298 cu-

286 3346 428 3437 juslibet
439 3371 584 3443 persone
598 3351 673 3423 aive
688 3351 737 3423 rei
753 3352 1012 3448 impedimento,
1032 3353 1177 3448 ipsaque
1192 3361 1303 3424 castra
1319 3349 1556 3446 prenominata
1572 3359 1606 3422 et
1621 3373 1698 3445 spe·

290 3471 360 3544 cies
386 3473 566 3567 utriusque
583 3496 689 3547 sexos
705 3497 784 3547 cum
802 3479 896 3548 omni
911 3475 1151 3571 jurisdictione
1174 3486 1209 3549 et
1229 3475 1390 3548 omnibus
1415 3474 1520 3546 curiis
1543 3475 1642 3547 novis
1664 3485 1699 3547 et

291 3595 460 3690 antiquis,
476 3597 566 3668 sicut
583 3619 659 3671 esse
677 3611 932 3674 consueverunt
949 3611 985 3674 et
1000 3602 1029 3674 si
1046 3603 1162 3696 aliqua
1178 3602 1224 3675 de
1237 3621 1329 3673 novo
1343 3600 1474 3673 utilitas
1486 3621 1549 3671 ssu
1566 3601 1700 3673 usantia

293 3720 326 3788 in
345 3719 397 3790 eis
414 3696 737 3815 potuit'pervenire,
756 3725 821 3819 ipsi
839 3725 875 3796 in
893 3736 1098 3821 perpetuum
1113 3724 1230 3820 quiete
1248 3734 1386 3798 teneant
1402 3733 1438 3796 et
1451 3724 1653 3818 possideant
1667 3733 1702 3797 et

293 3842 468 3934 truantur,
490 3853 525 3916 et
542 3845 695 3940 ipsorum
716 3847 879 3941 heredes,
901 3850 997 3922 nullo
1013 3851 1170 3922 obstante
1183 3848 1366 3944 privilegio
1383 3857 1703 3942 quantumcumque

293 3965 338 4038 de
362 3977 477 4041 nostra
504 3970 856 4067 predecessorumque
874 3984 1067 4046 nostrorum
1088 3973 1230 4046 scientia
1252 3983 1343 4046 certa
1360 3993 1522 4045 concesso
1540 3971 1597 4045 vel
1616 3993 1699 4043 oon·

293 4091 477 4166 suetudine
501 4093 591 4166 facta
613 4097 671 4168 vel
697 4096 869 4187 iacienda,
894 4100 988 4171 nulla
1005 4099 1168 4194 temporis
1192 4097 1335 4192 legitimi
1353 4095 1564 4189 minorisque
1581 4095 1703 4166 LXXX

294 4235 462 4288 annorum
488 4219 736 4314 prescriptione
763 4244 834 4316 que
859 4231 976 4296 contra
997 4245 1057 4296 eos
1075 4223 1178 4316 objici
1200 4221 1323 4318 possit,
1344 4219 1508 4314 nullaque
1530 4217 1700 4310 civitatis,

293 4337 396 4411 alieni
414 4341 529 4434 castri,
547 4342 663 4437 burgi,
680 4345 799 4440 oppidi
818 4367 880 4420 seu
899 4347 1003 4419 unius
1018 4348 1105 4419 situs
1121 4347 1177 4419 vel
1195 4345 1260 4418 loci
1279 4343 1334 4416 vel
1354 4364 1497 4440 persone
1518 4342 1704 4435 cujuslibet

295 4463 640 4540 constitutionenova
654 4469 710 4541 vel
724 4470 935 4564 antiquaret
950 4493 1170 4567 quacumque
1185 4467 1435 4542 consuetudine
1448 4467 1612 4562 temporis
1630 4467 1705 4539 lon-

296 4587 390 4678 gavi.
411 4589 579 4662 Volumus
594 4613 736 4688 quoquo
749 4603 784 4666 et
802 4593 954 4667 districte
971 4595 1179 4691 precipimus
1200 4603 1239 4665 ut
1257 4593 1351 4665 nulla
1365 4591 1487 4664 civitas
1505 4598 1539 4663 et
1553 4599 1702 4663 castrum

296 4709 352 4782 vel
362 4711 458 4784 locus
472 4713 618 4809 quilibet
630 4727 664 4790 et
675 4719 792 4792 nullus
807 4721 1003 4817 episcopus,
1019 4721 1127 4794 abbas
1144 4719 1197 4792 vel
1213 4718 1318 4815 prior,
1336 4717 1521 4813 nullusque
1536 4693 1718 4808 marchio,
