4368 5876
540 579 599 642 100
1039 585 1254 648 Fuluuulcl
1278 587 1452 648 saeuum
1765 583 1843 668 [Arta.
1862 583 1948 646 1221.

588 713 675 788 Acta
692 725 773 788 sunt
791 715 856 790 hoc
871 739 963 792 anno
982 719 1156 794 dominice
1177 721 1422 796 incarnationis
1440 719 1620 793 millesimo
1639 717 1876 794 ducentesimo
1891 719 1953 790 vi-

541 838 674 934 gesimo
690 840 815 936 primo,
832 861 950 915 mense
964 843 1129 938 J‘anuarii,
1146 844 1335 918 indictione
1354 865 1459 934 nona,
1476 844 1666 940 imperante
1681 842 1824 917 domino
1837 849 1953 915 nosue

540 963 714 1037 Friderioo
738 965 800 1038 Dei
823 966 934 1060 gratia
960 967 1189 1042 llomanomm
1213 969 1418 1066 imperatore
1449 967 1696 1060 invictissimo,
1725 988 1861 1062 semper
1885 988 1953 1039 au·

540 1097 643 1183 gusto
666 1098 701 1162 et
716 1111 798 1183 rege
814 1089 946 1189 Sicilie,
965 1090 1100 1188 imperii
1116 1113 1201 1166 vero
1219 1093 1295 1186 ejus
1316 1114 1409 1167 anno
1430 1091 1541 1190 primo
1556 1101 1592 1164 et
1605 1091 1704 1188 regni
1720 1091 1836 1164 Sicilie
1855 1089 1952 1185 vige·

540 1213 629 1285 simo
646 1213 758 1305 tertio,
780 1213 934 1288 feliciter.
952 1213 1076 1290 Amen.

588 1337 715 1410 Datum
733 1337 770 1410 in
793 1338 932 1414 civitate
946 1340 1108 1437 Neapoli,
1125 1362 1230 1434 anno,
1252 1361 1371 1414 mense
1387 1349 1423 1416 et
1439 1339 1628 1414 indictione
1646 1337 1831 1436 predictis,
1850 1336 1953 1410 vide-

541 1459 621 1533 licet
631 1470 756 1556 quarto
768 1483 878 1536 nonas
893 1463 1003 1559 ipsius
1016 1464 1158 1538 mensis.

361 2116 487 2226 ,iffi
593 2116 820 2225 Fridericus,
835 2118 1094 2203 Romanorum
1112 2119 1331 2228 imperator,
1347 2119 1506 2201 mandat
1518 2119 1716 2228 praelatis,
1733 2118 1949 2224 comitibus,

541 2249 750 2334 baronibus
772 2253 1004 2362 cocleisque
1030 2278 1098 2362 per
1118 2279 1282 2363 regnum
1296 2253 1444 2336 Siciliae
1461 2253 1674 2337 constitutis
1695 2262 1739 2336 ut
1760 2278 1849 2335 cum
1872 2278 1953 2334 mo-

539 2385 746 2467 nasterium
763 2385 987 2468 Cassinense
1004 2385 1146 2469 multas
1169 2386 1317 2469 dudum
1334 2413 1531 2496 pressuras
1546 2386 1595 2468 sit
1607 2412 1830 2496 perpessum
1843 2446 1855 2491 ,
1866 2383 1952 2496 jura

538 2518 657 2627 ipsius
671 2545 935 2630 quaecumque
948 2527 1101 2601 teneant
1120 2519 1201 2601 sine
1218 2518 1438 2602 difficultate
1451 2520 1607 2602 reddere
1624 2529 1777 2625 curent3
1794 2544 1951 2601 monens

537 2652 653 2734 etiam
684 2677 724 2734 se
756 2652 948 2760 Stephano
972 2651 1100 2734 abbati
1116 2651 1331 2735 Cassinensi
1353 2653 1545 2736 licentiam
1566 2652 1798 2736 concessisse
1824 2678 1893 2762 per
1914 2676 1954 2732 se

537 2785 664 2892 ipsum
679 2785 899 2868 auctoritate
916 2785 1102 2893 imperiali
1120 2783 1211 2895 jura
1231 2786 1315 2893 ipsa
1337 2785 1499 2868 alienata
1521 2784 1738 2893 recipiendi.

619 2999 737 3078 (lnedlt.
752 3017 791 3061 ex
805 3001 884 3062 arch.
902 3003 1011 3062 montis
1028 3002 1157 3074 cassin„
1174 2999 1244 3062 Cad.
1260 3001 1395 3081 rapam.
1417 3009 1491 3074 loa,
1506 3003 1671 3080 scripturae
1688 3017 1827 3075 coaevae,
1843 2999 1895 3060 lol.
1916 3007 1949 3058 tl

660 3123 756 3181 verso,
770 3115 800 3168 et
814 3125 863 3186 ap.
881 3104 949 3168 cau.
971 3103 1134 3187 aponus..
1149 3107 1223 3169 lbld.
1238 3107 1336 3182 MSS,
1348 3114 1372 3168 t.
1387 3105 1438 3185 V.)
1515 3180 1517 3188 ,

537 3444 663 3518 vilegium
672 3459 722 3518 pro
730 3443 856 3502 munuc
863 3443 979 3518 Philippi
989 3441 1147 3502 llclauoltae
1157 3441 1192 3499 ad
1201 3457 1322 3500 menmm
1332 3443 1458 3500 martium
1467 3442 1557 3517 ⁴223),
1569 3447 1682 3500 etsexta
1692 3440 1864 3516 diejanuarii
1874 3442 1954 3504 tarr,

538 3557 626 3617 usque
643 3541 678 3599 ad
701 3541 829 3600 Sanctum
846 3541 986 3599 lliniatum
1007 3539 1111 3597 ltaliam
1124 3539 1291 3613 superiorem
1306 3545 1334 3596 et
1352 3538 1536 3596 Alemanniam
1553 3545 1679 3614 repetens
1695 3536 1859 3613 pervenerit.
1877 3535 1954 3607 Quod

540 3637 669 3711 discimus
687 3654 724 3696 ex
745 3639 923 3696 instrumento
940 3637 998 3712 (ap.
1014 3636 1185 3706 Laconum,
1205 3633 1377 3692 urkundenb.
1391 3636 1439 3710 fiir
1449 3635 1493 3692 dic
1505 3636 1598 3695 sect.
1613 3635 1659 3692 dar
1672 3633 1837 3706 uomet,
1852 3633 1887 3705 ll,
1908 3635 1952 3702 ot,

538 3749 569 3792 n·
583 3737 642 3804 92),
661 3751 716 3808 quo
729 3735 802 3793 idem
812 3733 932 3792 notificat
944 3734 1129 3791 sentcntinma
1142 3749 1172 3790 se
1185 3733 1213 3790 in
1227 3733 1301 3790 curia
1312 3732 1554 3791 Franlrcnlordensi
1567 3733 1657 3808 (aprili
1669 3735 1749 3805 ⁴220)
1764 3731 1857 3801 latam,
1872 3745 1955 3805 super

537 3832 658 3892 custodia
671 3831 748 3904 sigilli
761 3830 877 3890 civitatis
889 3830 1023 3904 Aquensis
1036 3848 1043 3886 :
1059 3851 1072 3884 r
1086 3829 1242 3904 C[onradus]
1252 3831 1299 3888 Dei
1313 3829 1397 3904 gratia
1409 3830 1536 3888 Aletensis
1547 3837 1576 3888 et
1587 3829 1722 3904 Spirensis
1733 3829 1888 3904 epiecopus,
1902 3829 1956 3884 im-

505 3991 510 4002 ,
540 3929 679 4006 »perialis
690 3929 749 3988 aule
762 3929 936 3987 concedmus
954 3935 983 3985 at
999 3945 1048 4003 per
1067 3933 1151 3986 mlum
1167 3927 1271 3985 ltaliam
1287 3928 1403 4002 legatus,
1417 3928 1550 3986 universis
1571 3929 1625 3985 hoc
1643 3927 1774 4002 scriptum
1793 3926 1957 4000 inspecturis

540 4027 683 4086 »salutem
695 4027 723 4084 in
736 4026 859 4084 Domino.
872 4027 971 4084 Notum
985 4024 1022 4082 sit
1037 4025 1170 4082 universis
1191 4025 1263 4098 quod
1280 4039 1330 4082 nos
1350 4024 1378 4081 in
1400 4025 1539 4098 sollempni
1558 4026 1632 4082 curia
1650 4025 1847 4083 Frankenwort
1865 4039 1955 4083 coram

541 4144 554 4176 s
569 4123 766 4182 uenerabibbus
778 4121 986 4197 archiepiscopis
999 4122 1158 4192 Coloniensi,
1168 4121 1328 4179 Treverensi
1340 4127 1368 4178 et
1377 4121 1601 4195 magdeburgensi
1613 4127 1643 4180 et
1653 4121 1790 4196 episcopis
1802 4121 1957 4190 leodiensi,

541 4244 555 4271 ι
567 4221 742 4294 Trajoctensi,
758 4219 906 4292 cirenensi,
921 4216 1126 4277 Monasteriensi
1140 4223 1168 4274 et
1179 4217 1393 4290 babenbergensi
1411 4223 1440 4275 el
1460 4218 1518 4275 aliis
1538 4217 1708 4293 principibus
1726 4225 1809 4294 atque
1821 4216 1959 4276 nobilibus

541 4319 709 4376 »adomino
722 4323 814 4375 nostro
826 4314 988 4390 Fr[ederico]
1009 4331 1081 4372 nunc
1103 4315 1277 4388 imperatore,
1298 4320 1362 4370 tunc
1381 4321 1471 4372 autam
1494 4331 1567 4388 rega,
1589 4314 1709 4389 requisiti
1728 4315 1953 4373 sententiavimus

542 4433 555 4466 u
570 4413 686 4487 sigillum
696 4413 814 4472 civitatis
827 4412 958 4486 Aquensis
968 4413 996 4470 in
1012 4411 1134 4470 custodia
1149 4410 1244 4469 decani
1262 4411 1395 4483 Aquensis
1405 4410 1529 4481 ecclesie,
1548 4411 1713 4486 quicumque
1724 4411 1807 4470 luerit
1820 4427 1871 4486 pro
1885 4417 1956 4469 tem—

542 4530 555 4562 s
570 4525 646 4582 pora,
657 4510 755 4583 jugiter
766 4523 828 4566 esse
838 4508 948 4568 debere.
961 4510 1021 4580 Quo
1039 4507 1173 4566 sententia
1187 4507 1223 4564 ab
1236 4507 1361 4566 omnibus
1375 4514 1441 4566 tnnc
1457 4509 1629 4582 presentibus
1640 4509 1692 4567 fnit
1705 4509 1866 4584 approbata.
1877 4509 1913 4566 Et
1923 4524 1958 4564 ne

542 4607 624 4665 »nlla
635 4621 759 4680 supereo
772 4605 801 4661 in
813 4611 951 4678 posterum
966 4606 1067 4663 oriatur
1084 4603 1226 4677 dubitatio,
1246 4604 1386 4662 veritatem
1404 4605 1490 4679 ipsam
1510 4606 1631 4680 presenti
1647 4607 1749 4679 scripto
1764 4610 1957 4680 protestamur.

545 4725 557 4752 a
573 4705 667 4760 Datum
679 4701 752 4777 apud
765 4703 892 4760 Sanctam
904 4703 1054 4774 lllinietum,
1062 4718 1133 4759 anno
1146 4702 1251 4759 Domini
1260 4701 1405 4773 dccxxi,
1417 4701 1563 4761 indictione
1573 4704 1656 4775 vult,
1667 4703 1728 4765 vlu
1742 4703 1804 4761 idus
1811 4702 1958 4776 januarii.»
