4368 5876
221 569 320 632 horor.
336 564 383 644 9.]
672 556 870 619 tilsiotttti
894 553 1187 617 otptouttitcu.

270 707 396 778 Datum
411 696 589 788 laterani,
606 693 724 770 idibus
736 694 846 789 junii,
862 691 1082 790 pontificatus
1098 689 1206 764 nostri
1220 711 1312 764 anno
1326 689 1384 785 V(
1408 687 1435 786 ).

1152 1007 1396 1017 W

278 1285 507 1392 Fridcricus,
522 1285 782 1370 Romanorum
795 1283 1015 1394 imperator,
1026 1282 1222 1393 privilegia
1241 1281 1417 1366 ecclesiae
1430 1283 1636 1366 Pennensis

225 1419 297 1504 sibi
307 1419 417 1531 juxta
430 1419 596 1504 edictum
611 1418 836 1528 Capuanum
848 1417 1040 1529 resignata
1055 1416 1245 1501 Gualterio
1260 1416 1447 1500 Pennensi
1460 1417 1636 1526 episcopo

226 1554 390 1638 restituit
410 1563 449 1637 et
469 1552 683 1660 confirmat,
703 1551 1019 1664 privilegiumque
1042 1551 1091 1635 ab
1109 1551 1270 1634 ilenrico
1289 1551 1514 1660 imperatore
1532 1561 1638 1661 patre

226 1715 298 1772 suo
330 1687 482 1774 Oddoni
513 1687 709 1798 quondam
735 1687 911 1796 episcopo
943 1685 1128 1769 Parmensi
1159 1683 1351 1768 indultum
1382 1709 1483 1767 anno
1513 1685 1636 1790 1195,

226 1825 253 1905 i
272 1821 417 1932 aprilis,
436 1820 638 1904 inserendo
655 1829 824 1904 renovat.

308 2039 413 2122 (Editl
428 2041 578 2115 Uennoni,
593 2035 663 2102 rtet.
678 2044 814 2118 sacrm
834 2039 861 2118 1,
874 2055 905 2116 p.
924 2045 1010 2100 titt.
1026 2035 1219 2116 Priviiegium
1235 2023 1359 2098 ‘Iimrici
1378 2035 1454 2096 sexti
1473 2034 1565 2098 altera
1576 2035 1641 2097 rice

345 2148 457 2210 ibidem
470 2147 635 2222 exhibetur,
649 2164 677 2251 p.
696 2144 798 2225 1128.)

275 2335 459 2410 aedoneus
480 2335 600 2409 divim
624 2335 803 2425 [lavante]
830 2333 1009 2407 clementio
1028 2334 1258 2406 Romanorum
1279 2331 1475 2426 imperator,
1504 2351 1640 2428 semper

227 2469 416 2553 augustus,
432 2470 467 2533 et
479 2483 543 2535 rex
554 2460 680 2535 Sicilie.
695 2459 769 2532 Etsi
783 2458 828 2533 de
842 2459 949 2532 nostri
965 2458 1076 2552 gratia
1089 2457 1233 2530 dominii
1248 2467 1283 2529 et
1297 2455 1512 2551 plenitudine
1524 2466 1639 2553 potes·

228 2585 306 2657 tatis
320 2584 365 2658 ad
378 2585 552 2681 quoslibet
564 2582 686 2659 iideies
699 2594 833 2657 nostros
848 2585 967 2657 oculos
984 2593 1100 2690 nostre
1117 2581 1285 2655 debemus
1294 2581 1505 2654 liberalitatis
1518 2591 1639 2655 exten·

228 2707 330 2798 dere,
358 2710 494 2782 iliorum
514 2719 629 2784 umen
651 2717 732 2783 vota
760 2707 953 2805 specialiter
974 2715 1131 2782 tenemur
1151 2706 1340 2804 patrocinio
1367 2707 1550 2780 contovere
1576 2730 1639 2803 pro

226 2834 356 2929 quibus
373 2832 460 2907 fides
480 2845 516 2907 et
538 2835 677 2908 devotio
694 2833 914 2908 evidentibus
933 2833 1063 2907 meritis
1068 2885 1399 2905 .........
1426 2841 1460 2905 et
1483 2852 1530 2905 ox
1546 2832 1640 2926 justo

229 2956 402 3032 fidelitatis
416 2959 583 3054 obsequio
595 2959 816 3032 immensitati
827 2958 873 3054 (i)
887 2958 1078 3032 serenitatis
1088 2956 1274 3052 imperialis
1286 2955 1483 3029 redduntur
1492 2959 1635 3053 accepti.

228 3084 277 3157 lla
308 3094 446 3180 propter
471 3093 591 3159 notum
617 3084 763 3157 iacimus
785 3083 957 3156 universis
986 3083 1113 3156 nostris
1139 3080 1302 3156 fidelibus
1326 3089 1395 3154 tam
1424 3083 1639 3178 presentibus

229 3229 334 3304 quam
349 3209 473 3282 iotnris
486 3208 583 3305 quod
600 3231 679 3282 cum
692 3208 886 3282 Gualterius
900 3207 1108 3281 venerabilis
1124 3206 1313 3280 Pennensis
1328 3207 1511 3302 episcopus
1526 3205 1640 3280 fidelis

230 3341 345 3406 noster
351 3332 455 3426 juxta
468 3334 627 3428 generale
641 3342 796 3406 nostrum
817 3331 969 3406 edictum
989 3333 1200 3424 amajestate
1218 3340 1331 3404 nostra
1349 3331 1466 3428 Capua
1483 3334 1638 3428 promul-

228 3466 348 3552 gatum
363 3458 543 3554 privilegia
558 3457 709 3554 quedam
734 3457 921 3532 Pennensis
939 3457 1083 3530 ecclesie
1106 3456 1240 3531 adiris
1262 3457 1418 3552 augustis
1437 3459 1640 3553 progenito-

230 3581 328 3654 ribus
340 3583 464 3655 nostris
488 3581 622 3656 indulta
642 3582 736 3656 curie
752 3591 867 3655 nostre
881 3582 918 3653 in
938 3581 1123 3655 constituto
1146 3582 1292 3655 termino
1313 3592 1558 3678 presentasscr,
1578 3604 1641 3657 nos

1513 3809 1616 3824 *νυ-ω
1623 3815 1635 3822 -ι

266 3943 305 4016 (t)
325 3942 500 4002 «Pontificius
520 3944 618 4004 litteris
636 3946 766 4020 acceptis,
782 3944 934 4004 Fridericus
954 3961 985 4003 ss
997 3951 1029 4002 ut
1045 3945 1191 4019 apostolico
1208 3945 1321 4020 irnperio
1334 3951 1452 4020 pararat,
1467 3946 1640 4020 quadraginta

231 4061 245 4094 s
260 4041 385 4100 triremes
398 4059 466 4117 quas
480 4043 627 4102 instnrctas
637 4042 755 4101 habebat
768 4043 909 4102 confestim
927 4049 1015 4101 terrae
1026 4049 1135 4102 sanctae
1149 4043 1270 4102 subsidio
1288 4043 1409 4117 misisse,
1428 4043 1640 4117 ilsltensemque

230 4159 244 4192 n
259 4141 385 4198 comitem
395 4147 423 4198 st
433 4140 611 4200 musonem
623 4142 780 4217 episcopum
797 4140 872 4216 regni
892 4140 997 4198 Siciliae
1019 4141 1211 4200 cancellarium
1224 4141 1297 4198 viros
1310 4140 1456 4198 industrios
1470 4142 1548 4200 classi
1559 4159 1641 4217 prae-

231 4235 356 4294 »iecisse
372 4239 520 4312 respondit.
532 4239 581 4298 Cui
595 4239 747 4298 rescribens
758 4239 878 4314 pontifex
887 4239 950 4296 Xlll
964 4237 1093 4296 luendas
1106 4238 1212 4312 augusti
1227 4239 1255 4294 id
1267 4238 1320 4297 sibi
1332 4239 1547 4313 acceptissimum
1558 4241 1642 4300 inisse

230 4339 375 4392 »astans
388 4336 486 4394 estoit
499 4336 523 4394 si
537 4336 623 4411 ipsius
643 4335 746 4396 consilii
767 4335 854 4393 tuerat
873 4350 928 4393 non
945 4333 1094 4408 proficisci,
1109 4335 1237 4393 debuisse
1257 4335 1334 4409 prins
1355 4336 1500 4396 instructas
1517 4339 1641 4397 triremes

230 4452 245 4485 s
260 4433 369 4490 mittere
381 4449 444 4491 cnm
456 4449 567 4509 magnas
579 4435 708 4494 oblutas
718 4433 871 4493 emanans
883 4449 981 4509 parere
993 4432 1154 4508 putruissent.
1171 4434 1250 4491 Nunc
1263 4449 1327 4492 raro
1338 4440 1442 4492 tantum
1454 4451 1491 4493 ex
1504 4435 1556 4494 hiis
1569 4452 1642 4496 com·

231 4529 372 4588 »modum
385 4533 488 4606 sperari
499 4549 554 4591 non
568 4548 647 4608 posse
650 4574 804 4590 ......
821 4534 889 4591 Tum
903 4532 993 4607 ipsum
1006 4531 1145 4590 extimulat
1157 4548 1192 4589 ne
1202 4533 1239 4591 ita
1249 4531 1346 4591 Siculis
1360 4534 1601 4594 mbusseaddicat
1612 4543 1644 4594 ut

232 4647 246 4680 s
260 4627 359 4686 (iniisti
378 4645 485 4689 cumam
507 4631 614 4690 deserat
628 4647 661 4690 ac
677 4637 861 4706 nuncupatum
880 4632 937 4690 Deo
951 4636 1042 4690 uotum
1064 4630 1200 4706 infringat.
1223 4631 1405 4701 alternato,
1420 4631 1500 4704 itta,
1517 4632 1534 4707 5
1551 4633 1598 4694 vu
1610 4649 1643 4691 ex

231 4726 342 4800 epistol.
354 4730 418 4788 tta.

1691 1301 1820 1352 Messanae,

1686 1361 1737 1411 post
1745 1357 1829 1400 sorim

1705 1410 1805 1463 Capuae,

1718 1465 1790 1516 lunio.
