4368 5876
556 538 613 599 152
1051 543 1265 610 insonare!
1291 549 1464 612 securim
1771 551 1853 632 [dau.
1874 552 1958 614 1221.

552 681 587 746 et
604 673 695 766 regis
714 673 828 747 Sicilie
843 697 935 750 anno
951 677 1078 773 primo,
1096 683 1193 776 regni
1212 705 1296 757 vero
1309 683 1356 781 (a)
1377 685 1491 758 Sicilie
1510 686 1680 780 vigesimo
1693 696 1817 781 quarto
1828 685 1894 784 (l),
1911 689 1961 763 le·

551 796 673 869 liciter.
693 795 815 870 Amen.

1479 1121 1741 1134 Ἤ

388 1498 410 1530 m
452 1498 474 1528 ο,
602 1405 830 1517 Fridaricus,
845 1411 1105 1496 Romanorum
1122 1413 1342 1525 imperator,
1360 1419 1408 1501 de
1425 1417 1540 1502 verbo
1559 1419 1608 1501 ad
1630 1417 1788 1501 verbum
1805 1427 1961 1501 renovet

549 1539 790 1652 privilegium
813 1571 890 1653 quo
911 1545 1008 1628 Caro
1031 1547 1168 1631 Montis
1191 1548 1342 1660 Regalis
1360 1549 1642 1660 uroldepiscopo
1663 1549 1844 1656 restitadt,
1864 1575 1962 1632 oon-

549 1675 649 1758 oedit
676 1684 714 1758 et
740 1676 939 1760 confirmat
967 1681 1225 1789 possessiones
1245 1691 1284 1766 et
1308 1685 1438 1765 omnia
1460 1682 1551 1793 jura
1579 1685 1629 1766 ad
1658 1682 1741 1793 ejus
1764 1683 1961 1766 ecclesiam

549 1808 790 1916 pertinentia,
810 1820 890 1891 tam
908 1839 977 1920 per
994 1813 1201 1898 Saracenos
1219 1841 1337 1925 quam
1354 1842 1423 1925 per
1441 1814 1678 1899 Christianos
1694 1826 1862 1926 ternpore
1875 1826 1962 1899 urr-

549 1940 713 2024 bationis
735 1941 863 2026 illicite
889 1955 1092 2055 occupata,
1112 1947 1387 2059 confirmatque
1411 1947 1526 2031 simul
1545 1949 1667 2031 eidem
1684 1948 1814 2031 omnia
1834 1949 1961 2058 privi-

549 2073 668 2185 legia,
687 2075 899 2184 libertates,
919 2077 1042 2162 honos
1059 2106 1153 2164 usus
1171 2091 1210 2163 et
1227 2081 1455 2191 approbatas
1468 2083 1773 2165 consuetudines.

625 2319 1200 2399 (Memomnmap.llnan1n.‚eull.
1218 2323 1342 2398 aare,
1365 2331 1389 2385 t.
1410 2325 1456 2404 Il,
1475 2342 1504 2402 p.
1527 2334 1597 2404 ale,
1613 2326 1666 2387 sed
1678 2341 1739 2386 uon
1753 2327 1852 2387 denuo
1864 2333 1963 2388 uuus

667 2428 812 2504 cnutum,
835 2431 979 2506 expressls
1005 2429 1210 2491 tantummodo
1231 2433 1311 2492 uotls
1337 2431 1551 2512 chronologicis
1573 2433 1745 2512 ultimisque
1768 2432 1866 2494 verbu
1887 2449 1964 2512 quae

667 2540 738 2594 sunt
757 2531 837 2612 lter)

595 2746 798 2820 Fredaricus
812 2749 842 2819 ll
865 2749 985 2822 divina
1003 2752 1140 2824 lavante
1160 2751 1339 2824 clementie
1356 2753 1588 2825 Romanorum
1611 2753 1807 2847 imperator,
1828 2772 1963 2848 semper

548 2883 717 2966 augustus
729 2882 763 2946 at
777 2895 841 2945 rex
855 2874 981 2946 Sicilie.
1001 2877 1036 2947 Si
1052 2878 1227 2971 regnantis
1240 2878 1384 2972 gloriam
1400 2877 1492 2951 dona
1508 2878 1712 2968 clarificant,
1726 2887 1792 2950 etc.
1808 2877 1963 2970 Sequere

548 2998 589 3068 dc
605 2999 700 3068 vardo
723 2999 769 3070 od
788 3000 922 3069 verdum
939 3001 1023 3071 sicut
1041 3003 1077 3072 in
1092 3003 1262 3096 pedanio
1282 3003 1359 3076 dato
1381 3003 1475 3094 opud
1500 3003 1728 3094 Weisscndurq
1742 3023 1831 3072 anno
1849 3002 1958 3091 ⁴220,

549 3143 656 3193 mense
666 3122 771 3214 julr'o,
788 3145 891 3215 suque
908 3123 979 3194 od:
999 3147 1140 3218 presens
1158 3126 1377 3221 privilegium
1403 3148 1462 3222 per
1483 3147 1608 3198 manue
1626 3127 1767 3198 Ioannis
1789 3125 1834 3198 de
1852 3126 1962 3198 lauro

549 3245 672 3317 notarii
690 3254 724 3316 et
741 3243 855 3316 fidelis
875 3247 980 3318 nostri
999 3249 1102 3320 scribi
1123 3259 1158 3321 et
1175 3250 1270 3322 bulla
1287 3269 1392 3322 aurea
1411 3250 1546 3344 typario
1561 3259 1675 3322 nostre
1694 3248 1879 3343 majestatis
1897 3248 1963 3318 im·

550 3389 667 3465 pressa
678 3369 846 3460 jussimus
862 3373 1079 3443 communiri.
1259 3359 1262 3366 Α

598 3494 684 3565 Data
700 3493 907 3586 Brundusii,
926 3515 1017 3566 anno
1041 3495 1215 3570 dominice
1232 3496 1477 3571 incarnationis
1494 3496 1676 3587 MCCXXl,
1693 3517 1811 3570 mense
1825 3495 1958 3586 marcii,

552 3616 739 3690 indictione
757 3618 824 3709 lX,
857 3669 1108 3690 .......
1137 3617 1204 3716 (2).

590 3793 628 3875 (a)
649 3797 685 3856 In
697 3797 839 3872 impresso
852 3795 945 3856 nostrl
955 3811 1010 3872 pro
1023 3811 1099 3870 aare,
1115 3795 1204 3857 mula.

586 4087 621 4162 (t)
641 4087 737 4144 lleuda
750 4085 788 4143 sit
799 4084 946 4143 authentici
958 4099 1006 4141 seu
1019 4082 1199 4153 unauuensis,
1215 4083 1359 4156 nescimus,
1373 4099 1435 4141 curu
1449 4084 1487 4141 ibi
1499 4083 1533 4142 de
1542 4100 1613 4143 auno
1626 4085 1702 4160 regui
1715 4083 1818 4142 Siciliae
1831 4083 1962 4158 vigesimo

551 4187 630 4244 tertio
643 4184 782 4243 manifeste
796 4191 898 4257 agatur.

587 4285 624 4360 (2)
642 4285 725 4343 Adest
736 4285 764 4341 iu
777 4283 852 4340 arch.
866 4282 967 4340 Montis
979 4279 1080 4355 llegal,
1095 4279 1157 4337 libr.
1169 4277 1235 4338 delle
1245 4278 1384 4352 Puodctte,
1393 4279 1547 4351 lol.ttl³,et
1560 4278 1589 4336 iu
1604 4278 1727 4338 currat.
1740 4280 1842 4340 Hortis
1855 4279 1961 4352 Mal..

551 4383 616 4441 Cod.
632 4383 719 4440 Vatia.
736 4385 816 4453 3880,
830 4379 903 4438 eliud
916 4378 1087 4453 imperatoris
1098 4377 1225 4436 Friderioi
1238 4379 1395 4438 mandatum
1406 4394 1460 4452 quo
1472 4377 1594 4436 notificat
1608 4393 1637 4436 se
1651 4378 1851 4453 archiepiscopo
1863 4378 1963 4436 Montis

550 4479 655 4553 Regalis
663 4478 835 4548 conmissa,
849 4475 1022 4532 confirmasse
1032 4480 1060 4532 et
1069 4475 1219 4532 restituisse
1228 4475 1335 4547 casalia,
1346 4474 1425 4532 leuda
1437 4480 1465 4531 et
1476 4475 1527 4532 ulia
1538 4475 1610 4532 bena
1623 4481 1744 4549 ternpore
1755 4475 1964 4550 perturbamus

551 4577 625 4650 regni
637 4577 758 4634 alienata.
773 4577 834 4632 Dat.
848 4573 1001 4646 Brundusii,
1016 4573 1094 4629 XXll
1108 4573 1205 4640 martii,
1225 4573 1370 4631 indictione
1385 4575 1435 4631 lx.
1455 4573 1495 4632 Cl.
1514 4575 1653 4646 Teaeuuo,
1671 4573 1769 4631 Eleusa
1781 4571 1825 4630 det
1837 4571 1962 4646 diplm,

551 4683 581 4729 n⁰
595 4676 656 4743 469,
668 4679 695 4729 et
704 4673 802 4742 Lauso,
818 4669 906 4728 ludeo
917 4672 1072 4740 summarii,
1084 4685 1117 4726 n⁰
1132 4673 1176 4728 sl.
