4298 5898
526 523 588 587 452
1027 518 1242 584 intonaret
1268 519 1443 582 secuso!
1752 520 1831 608 [An.
1850 525 1936 588 1224.

530 681 644 750 sores,
665 657 760 732 viros
786 679 911 752 magus
931 656 1091 750 scientie,
1116 667 1197 730 note
1222 656 1362 730 virtutis
1384 667 1421 733 et
1445 655 1558 733 fldelis
1581 658 1811 754 experientia,
1833 685 1936 758 ιῐιιιιιι

531 792 648 856 nostre
664 804 802 878 semper
814 782 1048 856 exhibuerunt
1059 792 1095 855 et
1111 781 1281 856 exhibent
1296 783 1483 876 majestati,
1501 781 1702 879 dequibus,
1718 785 1808 858 scut
1823 786 1868 861 de
1881 787 1937 859 ali·

529 909 660 1004 quibos
674 907 773 1003 regui
790 906 898 982 nostri
910 905 1085 991 fidelibus.
1105 905 1271 982 fiduciam
1288 907 1443 1002 gerimus
1459 907 1660 1004 pleniorem.
1675 908 1841 983 Mittimus
1852 933 1938 1004 quo·

530 1055 612 1127 qoe.
641 1086 651 1104 .
683 1087 692 1104 .
723 1041 802 1106 .et.
832 1088 842 1104 .
875 1086 884 1102 .
914 1031 1263 1106 .intoliscicntioet.
1295 1085 1304 1105 .
1334 1086 1345 1104 .
1374 1042 1453 1106 .et.
1483 1085 1493 1104 .
1524 1087 1533 1104 .
1564 1033 1936 1122 ‚intoliroentimetc

530 1157 699 1231 Volumus
713 1155 820 1252 igitur
838 1164 873 1231 et
892 1156 1100 1232 mandamns
1116 1157 1219 1231 robis
1234 1157 1396 1230 omnibns
1414 1158 1476 1253 qui
1491 1159 1689 1254 provincias
1710 1159 1848 1254 regitis,
1865 1162 1941 1256 qni·
2058 1146 2066 1158 '

529 1272 977 1376 que'administrationibus
999 1281 1183 1378 presidatis
1206 1291 1245 1354 nt
1266 1281 1332 1356 hec
1351 1282 1468 1358 omnia
1494 1283 1624 1379 passim
1648 1296 1685 1357 et
1706 1284 1847 1381 publice
1865 1307 1948 1381 pro·

530 1406 684 1502 ponatis,
704 1415 739 1478 et
758 1406 949 1501 injungatis
968 1407 1037 1480 snb
1056 1425 1146 1501 pana
1165 1425 1391 1502 personarum
1409 1415 1445 1479 et
1460 1427 1576 1480 rerum
1596 1416 1636 1480 nt
1649 1408 1766 1482 nullus
1779 1409 1941 1482 scholaris

531 1531 671 1628 legendi
689 1553 812 1606 caussa
826 1532 924 1606 exire
939 1531 1067 1606 audeat
1081 1539 1181 1604 extra
1196 1552 1356 1626 regnum
1379 1553 1445 1606 nee
1464 1532 1552 1605 infra
1568 1554 1715 1626 regnum
1735 1534 1861 1629 aliquis
1879 1534 1941 1608 ad·

532 1656 666 1732 dheora
685 1655 814 1730 audeat
833 1656 915 1731 alibi
932 1657 989 1730 vel
1010 1655 1136 1730 docere
1160 1682 1170 1728 ι
1192 1665 1228 1730 et
1244 1657 1307 1752 qui
1325 1656 1372 1731 de
1390 1679 1498 1754 ragno
1517 1666 1599 1732 sunt
1616 1667 1717 1733 extra
1737 1681 1882 1754 regnum
1905 1659 1939 1731 in

532 1780 678 1870 scholis,
700 1782 768 1854 sub
795 1803 886 1878 pena
917 1781 1073 1876 predicta
1096 1802 1218 1856 eorum
1244 1782 1445 1877 parantibus
1472 1783 1662 1878 injungatis
1690 1793 1730 1857 nt
1758 1785 1942 1880 usquead

534 1908 661 1980 festum
685 1905 800 1979 Sancti
823 1905 1002 1978 Michaelis
1027 1929 1122 1979 nunc
1142 1906 1302 2002 proximo
1329 1917 1556 1982 revertantur.
1582 1909 1807 1984 Conditionas
1830 1919 1941 1982 autem

535 2053 624 2127 quas
650 2030 865 2104 scholaribus
889 2029 1113 2104 concedimus
1135 2040 1239 2104 erunt
1265 2031 1330 2105 iste
1352 2058 1362 2104 ε
1387 2034 1426 2106 Ιιι
1455 2034 1594 2130 primis,
1621 2033 1717 2131 quod
1746 2034 1782 2106 iu
1809 2034 1943 2108 civitate

537 2155 691 2253 predicta
708 2154 865 2229 doctores
879 2164 913 2228 at
926 2155 1082 2250 magistri
1094 2165 1196 2230 erunt
1210 2157 1246 2228 in
1260 2156 1416 2252 qnalibet
1429 2159 1604 2232 facultate.
1624 2157 1804 2232 scholares
1815 2167 1941 2248 summ,

539 2281 771 2377 undecunque
794 2281 972 2372 veneunt,
999 2301 1121 2354 secure
1143 2281 1280 2354 veniant
1304 2281 1491 2372 morando,
1519 2281 1664 2372 stando,
1690 2292 1725 2355 et
1745 2281 1940 2374 redeundo,

537 2407 662 2481 tamin
689 2407 845 2503 personis
869 2428 975 2501 qnam
1002 2405 1039 2478 in
1062 2405 1168 2479 rebus
1197 2406 1329 2480 naham
1352 2409 1538 2482 senhentes
1563 2407 1601 2480 in
1624 2407 1743 2502 aliquo
1766 2408 1940 2481 lesionem.

535 2531 730 2628 Hospitium
763 2529 860 2626 quod
888 2530 1011 2604 melius
1038 2530 1075 2602 in
1113 2529 1253 2604 civitate
1279 2532 1381 2604 luerit
1418 2531 1632 2606 scholaribus
1663 2532 1852 2623 locabitur,
1883 2553 1943 2628 pro

535 2657 685 2732 duarum
709 2656 890 2730 unciarum
919 2655 996 2728 auri
1025 2677 1142 2730 annua
1172 2655 1359 2752 pensione,
1388 2679 1453 2731 nec
1474 2658 1564 2730 ultra
1589 2655 1769 2732 extimatio
1792 2659 1867 2751 ejus
1890 2679 1943 2730 as·

433 2840 436 2850 .
535 2782 673 2858 candet.
693 2782 783 2856 lnlra
803 2780 995 2879 predictam
1016 2789 1132 2854 autem
1154 2803 1326 2856 summam
1343 2791 1378 2856 et
1397 2803 1510 2877 usquo
1534 2781 1581 2855 ad
1601 2781 1715 2872 illam,
1734 2778 1851 2856 omnia
1868 2779 1944 2854 bos·

536 2908 622 3005 pitia
650 2907 876 2982 extimatione
908 2905 1058 2980 duorum
1086 2905 1220 2979 civium
1247 2915 1282 2979 et
1310 2905 1460 2980 duorum
1487 2905 1696 2980 scholarium
1728 2907 1941 2980 locabuntur.

537 3036 697 3110 hlutunm
714 3031 775 3106 het
801 3032 1016 3106 scholaribus
1038 3031 1083 3104 ab
1106 3031 1175 3104 illis
1194 3031 1257 3127 qui
1272 3030 1319 3104 ad
1338 3031 1405 3104 hoc
1421 3031 1549 3105 luerint
1565 3030 1733 3122 ordinati,
1756 3030 1944 3104 wantum

538 3156 635 3255 quod
650 3157 702 3231 eis
720 3177 860 3230 necesse
876 3154 996 3248 luerit,
1022 3153 1114 3230 datis
1130 3156 1226 3228 libris
1244 3155 1281 3228 in
1302 3157 1447 3252 pignore
1465 3166 1500 3231 st
1519 3155 1673 3253 precario
1691 3157 1875 3245 restitutis,
1894 3175 1943 3227 re-

539 3283 647 3380 ceptis
666 3304 688 3356 a
713 3281 926 3356 scholaribus
948 3280 1222 3375 fideijussoribus
1238 3303 1302 3377 pro
1321 3281 1466 3356 eisdem.
1493 3280 1664 3356 Scholaris
1686 3301 1771 3355 vau
1793 3282 1854 3376 qui
1873 3303 1942 3352 mu·

539 3419 639 3482 tunm
670 3407 827 3504 recipiet,
852 3407 984 3501 jurabit
1008 3406 1106 3502 quod
1131 3404 1178 3480 de
1205 3417 1295 3482 terra
1317 3408 1535 3502 aliquatenus
1558 3428 1628 3481 non
1651 3406 1810 3499 recedet,
1838 3406 1944 3481 donec

540 3533 694 3631 precaria
712 3533 884 3624 restituat,
902 3533 958 3606 rel
977 3541 1137 3605 mutuum
1162 3531 1207 3604 ab
1230 3553 1274 3606 eo
1296 3533 1400 3606 luerit
1419 3534 1634 3625 exsolutum,
1656 3531 1715 3606 vel
1739 3530 1826 3605 alias
1852 3531 1944 3604 satis·

541 3661 670 3733 iactum
697 3658 799 3731 luent
823 3657 996 3732 creditori.
1017 3656 1173 3731 Predicta
1202 3667 1317 3732 autem
1339 3659 1492 3754 precaria
1509 3681 1533 3732 a
1553 3656 1781 3732 creditoribus
1805 3678 1874 3730 non
1894 3677 1943 3728 re-

541 3781 778 3874 vocabuntur,
805 3803 912 3878 quam
943 3781 1005 3856 diu
1031 3780 1203 3856 scholares
1229 3782 1402 3857 voluterint
1426 3783 1463 3854 in
1490 3782 1607 3857 studio
1628 3801 1843 3877 parmanere.
1867 3783 1944 3852 ltam

540 3929 662 3984 omnes
682 3907 857 3981 scholares
872 3907 908 3979 in
924 3907 1088 3980 civilibus
1109 3907 1175 3979 sub
1195 3905 1328 3980 eisdem
1344 3905 1544 3981 doctoribus
1561 3918 1596 3980 et
1613 3907 1787 4000 magistris
1802 3905 1946 3980 debeam

542 4032 732 4108 conveniri.
760 4031 887 4104 Omnes
904 4029 1010 4123 igitur
1024 4030 1163 4120 amodo,
1179 4031 1242 4127 qni
1256 4029 1580 4105 studerevoluerint
1592 4031 1628 4101 in
1646 4029 1764 4124 aliqua
1777 4030 1943 4117 laenitate,

542 4159 674 4233 vadant
690 4157 869 4253 Neapolim
900 4158 947 4232 ad
968 4157 1203 4250 studendum,
1227 4165 1261 4230 et
1283 4158 1399 4230 nullus
1423 4177 1530 4229 ausus
1554 4156 1598 4228 sit
1618 4177 1683 4250 pro
1705 4153 1831 4227 scholis
1855 4162 1947 4226 extra

542 4305 689 4379 regnum
706 4281 819 4375 exire,
840 4281 896 4355 vel
920 4282 1008 4356 inira
1026 4305 1173 4378 regnum
1189 4283 1226 4355 in
1245 4282 1322 4356 aliis
1339 4280 1465 4355 scholis
1482 4281 1663 4356 addiscere
1677 4280 1734 4354 vol
1753 4278 1876 4354 dooere
1890 4304 1899 4350 :
1914 4286 1948 4349 ct

543 4461 619 4524 terh.
634 4460 714 4540 nug.
733 4470 818 4536 itt-t,
835 4461 868 4522 ll.
885 4459 921 4522 de
935 4461 1059 4523 Vsamiu
1071 4467 1100 4522 ct
1112 4459 1154 4521 P.
1170 4457 1205 4521 de
1219 4461 1365 4522 Vartoroeo
1378 4459 1438 4541 (l).
1453 4461 1489 4522 ln
1499 4459 1569 4522 God.
1583 4460 1709 4521 Bcrolln.
1727 4468 1783 4520 tta
1793 4503 1802 4532 ,
1812 4457 1947 4536 raperltm

544 4568 595 4630 hlc
612 4567 717 4629 titulus
734 4567 774 4629 ad
785 4571 872 4646 epist.
888 4570 968 4631 Petri
980 4568 1018 4629 da
1031 4569 1140 4641 Vinea,
1156 4567 1208 4630 lib.
1227 4569 1281 4644 IV,
1295 4585 1359 4647 cop.
1376 4578 1395 4629 s
1410 4586 1420 4630 ι
1436 4563 1549 4631 Boleris
1561 4563 1657 4630 littere
1673 4563 1708 4628 dc
1720 4573 1812 4628 morta
1823 4561 1949 4645 mpittri

544 4676 580 4736 P.
591 4672 627 4736 dc
642 4670 783 4749 tonsa,
796 4681 826 4737 et
837 4677 936 4755 agttm
947 4675 985 4737 ds
998 4677 1200 4754 grammatico.
