4298 5898
193 597 298 658 hnrcr.
317 594 378 673 ta]
649 589 846 652 lllS'l'OlllA
872 585 1163 650 utatottltttct
1550 583 1611 646 tea

241 733 369 805 Actum
395 729 564 820 Cathena,
593 748 685 801 enno
712 725 958 802 incarnationis
984 724 1157 799 dominice
1179 719 1372 798 MCCXXIV
1395 717 1465 816 (a),
1491 741 1611 794 mense

195 853 390 932 novembri.

414 1111 589 1122 Ρ--οι-

248 1400 479 1503 Fridericus,
501 1398 762 1482 Romanorum
785 1397 1006 1509 imperator,
1033 1395 1255 1502 comitibus,
1280 1395 1507 1501 baronibus,
1526 1391 1611 1504 jus·
1641 1393 1810 1494 mm„

196 1535 371 1638 ticiariis,
394 1532 630 1642 caeterisque
647 1531 872 1616 officialibus
898 1533 938 1614 in
956 1557 1075 1644 regno
1099 1531 1247 1615 Siciliae
1264 1529 1478 1614 constitutis
1499 1555 1610 1610 man-

196 1672 263 1753 dat
285 1681 328 1752 ut
342 1667 519 1751 abbatem
536 1675 574 1749 ct
591 1677 820 1751 conuentum
839 1665 965 1750 Sancti
988 1665 1088 1750 Petri
1106 1667 1153 1750 de
1172 1664 1336 1750 Amallia
1355 1661 1610 1746 Cisterciensis

196 1803 341 1890 ordinis
359 1803 399 1884 in
417 1801 659 1908 hominibus,
674 1801 863 1912 grangiis,
884 1800 1207 1911 possessionibus,
1228 1799 1484 1910 omnibusque
1500 1797 1610 1882 bonis

196 1939 244 2021 de
262 1945 410 2020 caetero
428 1945 650 2020 conservent
666 1947 705 2018 et
723 1944 1007 2020 manuteneant.

279 2153 401 2235 [hedit.
417 2171 456 2216 ex
474 2154 588 2217 mcblr.
603 2170 666 2234 reg.
683 2153 784 2216 Sancti
805 2153 938 2216 Severtnl
952 2168 998 2231 ap.
1015 2153 1186 2231 Neapolim,
1203 2169 1325 2214 numero
1339 2169 1532 2234 pergamenae
1550 2170 1610 2215 non

317 2259 481 2341 expresso.)

246 2447 438 2521 Fridericns
455 2448 518 2522 Dei
534 2447 645 2544 gratia
665 2449 897 2522 Romanorum
917 2449 1121 2544 imperator,
1142 2470 1278 2545 semper
1295 2459 1465 2543 augustus
1487 2459 1522 2521 et
1546 2471 1609 2522 rex

197 2571 330 2665 Sicilie,
353 2572 555 2666 comitibus,
581 2574 783 2664 baronibus,
807 2573 980 2668 magistris
1000 2573 1213 2666 justiciariis,
1239 2574 1453 2666 justiciariis,
1474 2575 1611 2669 megis-

196 2697 260 2770 tris
277 2698 487 2789 camerariis,
506 2698 717 2790 camerariis,
736 2697 873 2792 bajulis,
892 2699 1087 2795 catepanis,
1105 2699 1364 2790 comestabulis,
1379 2698 1559 2791 jndicibus
1576 2710 1610 2772 et

197 2821 371 2896 universis
396 2820 558 2896 fidelibus
584 2823 660 2896 suis
682 2844 746 2919 per
767 2843 913 2918 regnum
932 2823 1048 2896 Sicilie
1065 2823 1275 2916 constitutis,
1296 2823 1441 2917 gratiam
1458 2845 1558 2897 snam
1576 2833 1611 2895 et

198 2945 324 3020 bonam
338 2946 563 3024 voluntatem.
587 2947 643 3022 Ex
664 2948 805 3042 querela
830 2949 1040 3022 venerabilis
1062 2949 1198 3022 abbatis
1224 2957 1259 3021 et
1276 2955 1468 3022 conventus
1493 2949 1609 3022 Sancti

197 3070 287 3146 Petri
312 3071 358 3146 de
382 3071 528 3146 amalfia
551 3073 684 3148 ordinis
701 3071 936 3148 Cisterciensis
959 3083 1154 3148 nostrorum
1178 3073 1334 3148 fidelium
1356 3081 1473 3146 nostra
1499 3093 1610 3170 nnper

198 3195 363 3270 serenitas
379 3197 548 3271 intellexit
570 3197 665 3295 qnod
684 3219 747 3272 vos
750 3251 1087 3271 .........
1110 3200 1272 3294 grangia
1293 3209 1329 3271 et
1350 3197 1509 3274 homines
1528 3221 1611 3274 snos

199 3321 349 3394 collectis
364 3330 400 3397 et
413 3323 666 3416 exactionibus,
680 3323 831 3418 angariis
845 3332 880 3396 et
893 3323 1123 3420 perangariis,
1138 3323 1350 3396 exercitibus
1360 3322 1415 3420 (i)
1432 3333 1466 3396 et
1480 3345 1611 3421 procn-

198 3445 406 3542 rationibus,
428 3447 596 3522 trahendo
618 3449 655 3520 in
677 3447 840 3521 civilibus
859 3455 895 3522 et
913 3449 1125 3522 secularibus
1148 3448 1195 3523 ad
1215 3448 1370 3541 judicem
1397 3449 1607 3537 secutam,

199 3591 264 3644 nec
288 3593 357 3645 non
380 3581 415 3646 et
440 3572 517 3646 aliis
539 3573 773 3669 multipliciter
794 3572 969 3646 offenditis
993 3585 1028 3646 et
1050 3573 1214 3668 maratis.
1245 3573 1347 3658 Quod
1374 3583 1468 3647 tento
1495 3583 1610 3648 nostre

199 3695 359 3792 displicet
375 3697 493 3794 pietati
507 3708 638 3795 quanto
651 3699 812 3772 abbatem
827 3709 861 3771 et
875 3708 1085 3774 conventum
1101 3697 1272 3794 predictos
1289 3699 1326 3770 in
1345 3699 1561 3774 libertatibus
1575 3710 1610 3774 et

199 3819 389 3894 rationibus
412 3823 486 3896 suis
506 3824 669 3897 uolumus
695 3825 906 3898 conservari.
927 3823 1055 3897 Veram
1073 3824 1155 3918 quia
1177 3823 1254 3917 ejus
1281 3823 1405 3895 intuitu
1428 3847 1489 3920 per
1503 3847 1608 3921 quem

199 3944 343 4019 feliciter
359 3945 514 4020 vivimus
531 3957 781 4044 etregnamus,
799 3958 869 4021 tam
884 3949 1044 4022 abbatem
1061 3970 1167 4044 quam
1189 3957 1396 4022 conventum
1414 3948 1608 4045 predictum

199 4089 281 4143 cum
296 4071 512 4164 bominibus,
534 4075 703 4168 granciis,
719 4074 822 4167 justis
838 4072 1113 4170 possessionibus
1127 4082 1162 4144 et
1177 4073 1278 4145 bonis
1298 4072 1372 4146 suis
1387 4082 1608 4147 manutenere

197 4195 363 4270 volumus
378 4206 414 4270 et
427 4199 562 4288 forare,
582 4221 647 4273 nec
668 4199 741 4295 pati
756 4219 940 4294 mamus
955 4197 1012 4271 vel
1029 4198 1198 4272 debemus
1215 4197 1310 4291 quod
1326 4219 1349 4270 a
1366 4197 1465 4271 nobis
1480 4200 1536 4272 rel
1550 4200 1608 4272 ol-

199 4317 371 4396 bcielibus
391 4331 452 4396 aut
478 4323 555 4397 aliis
582 4322 745 4398 fidelibus
769 4324 893 4398 nostris
916 4323 1065 4398 debeant
1085 4323 1257 4396 molestari
1278 4343 1368 4418 quos
1391 4332 1549 4398 tenemur
1571 4326 1607 4398 in

198 4446 348 4542 propriis
360 4447 576 4522 libertatibus
586 4459 622 4522 et
635 4449 825 4522 honoribus
832 4471 879 4523 ex
891 4448 1073 4524 commisso
1086 4448 1187 4522 nobis
1199 4449 1367 4542 regimine
1381 4451 1510 4544 fovere,
1522 4449 1608 4526 lide·

242 4619 284 4701 (a)
306 4623 341 4682 In
362 4623 463 4686 codiee
488 4623 656 4687 colbertino
682 4640 763 4686 nune
784 4633 862 4687 etos
885 4623 1131 4704 meaning·
1150 4627 1260 4689 mouns
1279 4631 1378 4688 tamen
1400 4627 1433 4688 tn
1460 4629 1610 4706 tmpremts

201 4726 391 4792 ncctxttt
