4292 5894
504 507 567 570 2118
1009 509 1222 573 lntbnnlcl
1247 509 1421 575 saccant
1733 511 1814 597 [Ans.
1833 509 1916 574 lm

508 641 596 740 cipis
618 646 886 740 cujuscumque,
905 643 1040 742 dapifer
1062 645 1242 739 videlicet,
1259 649 1507 742 marescalcus,
1526 650 1735 724 camerarius
1757 651 1816 723 vel
1839 649 1920 746 pin-

508 789 631 858 cerna,
655 775 769 864 posset
790 769 941 866 principi
964 771 1105 846 domino
1121 793 1185 846 sno
1202 774 1336 849 ratione
1355 775 1410 849 sui
1430 773 1533 849 officii
1557 797 1770 871 quemquam
1793 795 1919 872 ponere

507 892 770 968 subministrum
788 896 845 969 vel
859 895 994 992 aliquid
1009 896 1055 971 de
1072 899 1178 972 rebus
1191 901 1268 993 ejus
1283 899 1471 974 mobilibus
1484 901 1541 974 vel
1557 899 1794 974 immobilibus
1809 908 1921 996 preter

507 1041 686 1094 assensum
714 1019 872 1116 ejusdem
899 1021 1067 1120 principis
1090 1033 1126 1096 at
1149 1025 1226 1118 ojus
1253 1025 1508 1122 beneplacitum
1535 1026 1723 1100 voluntatis
1745 1021 1916 1099 ordinare.

506 1148 618 1242 Super
634 1167 705 1242 quo
722 1145 927 1221 sententiam
943 1147 1034 1221 hano
1049 1147 1237 1244 imperialis
1252 1149 1350 1224 curia
1363 1159 1480 1226 nostra
1492 1150 1726 1247 promulgavit
1741 1147 1838 1244 quod
1854 1147 1918 1220 uisi

508 1271 552 1344 de
570 1293 713 1346 assensu
734 1272 901 1370 principis
918 1273 1021 1346 inerit
1035 1283 1072 1346 et
1087 1275 1164 1368 ejus
1180 1275 1288 1349 libera
1305 1277 1496 1366 voluntate,
1514 1276 1632 1350 nullus
1653 1276 1771 1350 talium
1789 1273 1921 1348 officia·

507 1406 620 1469 torum
633 1397 888 1472 subofficiatum
902 1420 1114 1494 quemquam
1130 1401 1233 1474 talem
1245 1399 1387 1474 domino
1402 1421 1468 1475 suo
1480 1401 1565 1476 dare
1575 1409 1699 1498 potest,
1714 1421 1780 1474 000
1791 1397 1919 1493 aliquid

507 1521 553 1596 de
570 1523 675 1596 rebus
689 1523 854 1620 principis
866 1522 1051 1621 disponere
1066 1535 1179 1621 preter
1192 1529 1268 1621 ejus
1282 1525 1538 1623 beneplacitum
1552 1525 1752 1599 voluntatis.

556 1650 642 1722 Data
661 1656 713 1721 eat
729 1648 793 1721 beo
810 1649 981 1723 sententia
997 1649 1230 1724 assidentibus
1250 1659 1285 1725 ct
1302 1651 1571 1726 assentientibus
1584 1651 1652 1748 ipsi
1669 1651 1840 1724 sententie
1855 1648 1920 1720 hiis

508 1773 643 1869 imperii
662 1775 770 1846 nostri
785 1774 1022 1871 principibus:
1042 1773 1549 1871 domiuod.b1agdeburgsusi
1567 1775 1839 1872 archiepiscopo,
1860 1772 1921 1848 do·

508 1898 603 1972 mino
631 1898 896 1992 Wormatieusi,
929 1899 1071 1974 domino
1098 1901 1335 1990 verdunensi,
1368 1901 1510 1976 domino
1537 1901 1757 1990 Tridentino,
1784 1899 1921 1972 domino

508 2024 804 2120 Nnambnrgensi,
830 2023 973 2098 domino
993 2025 1242 2119 Brixi[u]ensi,
1265 2023 1408 2100 domino
1433 2026 1628 2114 Ymolensi,
1653 2023 1796 2100 domino
1818 2025 1922 2097 Bran·

512 2148 746 2244 denburgensi
767 2151 939 2248 episcopis
962 2160 997 2224 et
1019 2151 1161 2225 domino
1182 2150 1309 2226 abbate
1330 2153 1572 2244 dorbacense,
1595 2151 1789 2227 astantibus
1811 2160 1923 2225 autem

512 2274 608 2348 laicis
628 2274 783 2369 ejusdem
802 2275 935 2372 imperii
951 2277 1058 2350 nostri
1071 2276 1248 2351 nobilibus
1265 2285 1300 2350 ct
1317 2276 1431 2351 eidem
1451 2277 1620 2351 sententie
1640 2275 1921 2366 acclamantibus,

510 2402 708 2474 marchione
724 2402 769 2476 da
782 2401 960 2493 Voburcb,
974 2403 1122 2476 Haurico
1138 2402 1182 2476 de
1197 2402 1452 2478 Waldeubercb
1468 2403 1632 2499 pincerna
1644 2401 1824 2475 memorati
1836 2401 1924 2497 epia-

510 2527 588 2624 copi
617 2527 930 2619 Hildensemensis,
959 2527 1120 2601 Heinrioo
1145 2526 1191 2601 (10
1216 2527 1396 2602 Everstoin
1422 2527 1621 2621 comitibus3
1648 2527 1924 2602 ministerialibus

509 2662 625 2725 autem
647 2651 782 2749 imperii
809 2651 1014 2725 Guntzelino
1037 2652 1083 2726 de
1104 2653 1330 2727 Wolterbutle
1355 2652 1424 2751 (a),
1452 2653 1619 2727 Weanero
1648 2652 1693 2726 da
1713 2651 1870 2726 Boulaud
1892 2659 1924 2722 ct

509 2777 776 2873 quampluribus
791 2777 882 2870 aliis,
904 2777 1079 2851 nobilibus
1092 2787 1127 2850 et
1142 2777 1434 2852 ministerialibus.

558 2900 1917 2999 11010000000,0000110010111.(10.ΧΧ111,00010101000111,101101100οΧ1.

752 3269 1638 3284 man—*nm*
1641 3268 1697 3278 ..m-

329 3693 338 3744 ¹
399 3633 443 3680 u·
569 3603 682 3687 Anno
713 3599 862 3711 imperii
893 3599 954 3684 sui
979 3599 1109 3707 tertio,
1134 3600 1238 3710 apud
1261 3598 1452 3709 Capuam,
1472 3597 1734 3709 praesentibus
1757 3595 1921 3708 pluribus

516 3733 1280 3851 0010000100100000011100,[1100100000]
1298 3733 1457 3818 00001011
1474 3733 1579 3845 qnod
1592 3731 1723 3816 nullus
1742 3731 1922 3844 praelatus

517 3871 790 3960 ecclesiasticus
807 3869 1066 3982 possessiones
1083 3868 1262 3952 eeclesiae
1287 3869 1349 3953 cni
1371 3877 1519 3978 praeest
1537 3866 1702 3949 alienare
1719 3865 1779 3951 uel
1800 3863 1918 3947 10100-

518 4013 610 4096 dare
630 4015 755 4119 potest
780 4004 1047 4116 perpetualiter
1067 4004 1117 4088 ad
1138 4003 1320 4087 haeredes
1345 4003 1546 4110 infeodati,
1573 4001 1647 4084 nisi
1675 3998 1751 4084 sint
1775 3992 1919 4109 praelati

518 4145 586 4256 qui
608 4141 776 4254 insignia
793 4166 863 4224 sua
885 4141 933 4224 de
955 4165 1074 4223 manu
1092 4137 1329 4248 imperatoris
1348 4136 1538 4247 suscipere
1554 4144 1593 4218 et
1609 4160 1698 4218 cnm
1714 4157 1761 4216 00
1778 4129 1919 4216 bellicae

518 4277 767 4389 expeditionis
801 4285 950 4387 gestare
981 4273 1147 4383 clipeum
1179 4267 1829 4360 000000000001.100000.1110000.
1861 4285 1914 4368 ap.

519 4413 729 4518 Baranam,
745 4417 895 4517 Fontes,
915 4418 944 4491 t.
967 4407 1003 4516 Ι,
1023 4434 1063 4518 p.
1084 4409 1179 4488 277.

561 4663 601 4746 (0]
621 4665 740 4728 Sclllcat
752 4663 789 4730 de
808 4656 1019 4743 Wolfcnbiitted
