4436 5870
261 571 358 632 lrtnrcr.
373 566 417 650 9.]
713 561 910 624 ntsvottla
935 559 1229 624 DlPLOltlllTlCll.
1639 560 1680 622 23

261 713 331 778 toto
360 703 418 776 vel
443 702 479 773 in
506 709 602 796 parte
625 698 821 773 obtinendis
849 699 902 772 vel
926 695 1175 794 recuperandis
1198 697 1349 792 aliquem
1378 698 1599 794 gravaverint
1622 699 1678 770 vel

260 827 511 926 possessionem
529 823 734 898 abstulerint
749 824 824 896 sive
838 822 1041 915 habuerint,
1061 843 1130 895 non
1150 844 1315 917 cogemus
1328 823 1502 896 civitatem
1519 823 1677 897 Pisanam

260 963 294 1026 et
311 960 512 1047 potestatem
531 949 692 1023 Pisanum
711 969 773 1019 seu
794 956 960 1021 rectorem
982 947 1039 1020 vel
1062 947 1244 1021 consilium
1263 948 1323 1042 qui
1344 968 1407 1045 pro
1428 957 1582 1043 tempore
1599 949 1679 1020 lue·

260 1077 329 1148 rint
352 1074 587 1168 adjustitiam
610 1071 821 1145 laciendum.
846 1073 883 1146 Si
908 1072 988 1166 quis
1008 1081 1124 1146 autem
1148 1071 1193 1146 de
1214 1071 1378 1167 predictis
1399 1073 1680 1147 concessionibus

261 1199 435 1296 quidquid
456 1199 578 1272 Pisane
601 1197 731 1270 civitati
748 1196 927 1269 abstulerit
944 1197 1001 1269 vel
1016 1196 1272 1290 inquietaverit,
1294 1197 1478 1270 citabimus
1495 1219 1575 1270 eum
1596 1221 1680 1294 pre-

261 1325 427 1422 cipientes
446 1333 485 1397 ut
498 1323 641 1398 desistat
657 1331 692 1395 et
708 1321 842 1396 restitui
859 1321 1038 1394 iaciemus.
1056 1320 1204 1406 Quodsi
1222 1343 1292 1394 non
1310 1322 1442 1411 lecerit,
1456 1345 1519 1418 per
1536 1334 1680 1397 senten-

262 1448 345 1522 tiam
363 1459 513 1522 nostram
530 1469 611 1521 eum
628 1447 746 1520 banno
759 1467 998 1541 supponemus
1011 1467 1076 1518 nec
1092 1446 1315 1520 extrahemus
1332 1469 1353 1520 a
1369 1448 1485 1522 banno
1501 1448 1569 1520 nisi
1588 1449 1684 1544 prius

262 1573 465 1647 satisfecerit
487 1572 609 1646 Pisane
632 1571 776 1644 civitati.
797 1573 867 1643 Hec
885 1571 1118 1666 suprascripta
1138 1571 1254 1644 omnia
1275 1571 1400 1644 damus
1426 1572 1463 1644 in
1486 1570 1631 1645 feudum
1647 1583 1682 1646 et

263 1697 484 1771 concedimus
511 1697 687 1771 communi
713 1696 916 1769 Pisanorum
942 1703 975 1768 et
1003 1716 1066 1791 per
1093 1705 1287 1790 presentem
1315 1696 1487 1792 privilegii
1518 1696 1682 1792 paginam

263 1821 505 1896 confirmamus
536 1831 571 1894 et
603 1821 707 1895 etiam
736 1821 906 1918 imperiali
937 1820 1140 1894 auctoritate
1175 1821 1290 1894 omnia
1324 1822 1556 1918 suprascripta
1587 1823 1681 1895 bulla

263 1953 377 2018 nostra
388 1947 556 2039 jussimus
572 1945 743 2037 insigniri.
764 1945 805 2018 Et
827 1947 871 2020 de
895 1944 1138 2042 suprascriptis
1161 1942 1438 2042 investilvi]mus
1460 1947 1602 2020 Pisanos
1620 1968 1681 2042 per

263 2091 380 2141 ensem
407 2091 511 2165 quem
537 2071 573 2142 in
597 2092 703 2143 manu
733 2070 948 2143 tenebamus.
975 2071 1167 2145 Predictam
1195 2078 1311 2144 autem
1335 2072 1591 2146 concessionem
1619 2095 1681 2147 seu

264 2194 438 2269 dationem
462 2204 569 2269 ratam
588 2217 663 2269 csse
685 2195 847 2268 volumus
866 2205 900 2268 et
922 2193 1073 2282 firmam,
1096 2215 1164 2266 non
1187 2196 1344 2269 obstante
1363 2197 1479 2291 aliquo
1498 2197 1682 2294 privilegio

264 2319 318 2391 vel
344 2321 508 2417 rescripto
532 2323 589 2394 vel
614 2321 776 2394 litterisa
802 2320 965 2416 predictis
990 2319 1268 2415 progenitoribus
1292 2322 1416 2394 nostris
1440 2322 1496 2394 vel
1521 2343 1540 2393 a
1566 2333 1682 2396 nostra

265 2446 440 2536 majestate
454 2445 643 2541 impetratis
660 2445 719 2518 vel
734 2444 971 2542 impetrandis,
994 2455 1028 2516 et
1048 2445 1076 2516 si
1092 2467 1162 2539 que
1181 2446 1261 2518 talia
1279 2445 1461 2540 privilegia
1476 2468 1538 2519 seu
1556 2449 1688 2544 scripta

263 2566 390 2639 fuerint
407 2569 547 2642 inventa
562 2591 605 2642 ea
621 2568 790 2665 imperiali
804 2570 1006 2641 auctoritate
1023 2590 1211 2641 cassamus.
1228 2565 1480 2642 confirmamus
1494 2570 1598 2643 etiam
1616 2572 1681 2667 ipsi

264 2692 394 2764 civitati
420 2692 574 2765 Pisanum
597 2693 712 2765 emnia
730 2692 914 2788 privilegia
938 2701 1061 2786 etque
1079 2692 1116 2764 in
1135 2692 1219 2790 ipsis
1239 2692 1544 2788 continenturque
1564 2716 1585 2766 a
1603 2716 1682 2790 pro·

190 2793 197 2804 ⁵
264 2819 476 2914 genitoribus
497 2829 531 2894 et
547 2820 624 2893 aliis
644 2819 918 2893 antecessoribus
935 2819 1060 2893 nostris
1078 2819 1241 2892 Romanis
1261 2819 1523 2916 imperatoribus
1540 2842 1602 2894 seu
1624 2843 1682 2894 re-

264 2943 367 3038 gibus
388 2944 502 3018 eidem
525 2945 653 3018 civitati
676 2945 831 3020 Pisanum
854 2953 937 3016 sunt
958 2945 1104 3018 indulta.
1130 2947 1325 3019 Statuentes
1344 2955 1379 3019 et
1400 2947 1568 3043 imperiali
1593 2969 1682 3021 auc-

266 3069 399 3142 toritate
409 3069 525 3142 stricte
538 3070 767 3167 precipientes
779 3079 818 3142 ut
830 3072 948 3143 nullus
957 3071 1249 3168 archiepiscopus,
1266 3072 1468 3168 episcopus,
1484 3071 1577 3166 dux,
1595 3096 1682 3146 mar·

265 3192 359 3286 chio,
371 3216 500 3285 comcs,
513 3195 707 3269 vicecomes
721 3196 886 3291 nullaque
899 3196 1024 3270 civitas
1039 3198 1204 3292 nullaque
1222 3205 1373 3293 potestas
1391 3197 1570 3271 nullumve
1584 3220 1682 3271 com-

265 3340 370 3392 mune
390 3321 448 3392 vel
470 3321 587 3412 locus,
607 3323 703 3394 nulla
728 3321 880 3416 denique
906 3344 1053 3419 persona
1075 3322 1307 3396 ecclesiastica
1327 3324 1383 3395 vel
1406 3324 1569 3397 secularis
1595 3324 1685 3398 hanc

265 3451 380 3515 nostre
396 3445 626 3519 concessionis
644 3469 703 3519 seu
724 3445 993 3519 confirmationis
1011 3447 1175 3543 paginam
1200 3445 1351 3520 divalem
1366 3458 1540 3542 presumat
1558 3448 1682 3520 infrin-

265 3587 346 3662 gere
361 3589 424 3642 seu
443 3568 560 3663 aliquo
577 3569 610 3642 ei
628 3571 828 3643 temeritatis
842 3593 930 3643 ausu
945 3570 1101 3644 obviare.
1121 3571 1223 3656 Quod
1239 3570 1299 3667 qui
1312 3572 1425 3645 lacere
1440 3574 1683 3670 presumpserit

266 3692 358 3766 mille
385 3691 490 3764 libras
519 3695 593 3766 auri
617 3696 695 3790 puri
723 3695 758 3767 in
779 3717 842 3769 sue
867 3695 1133 3791 presumptionis
1161 3718 1287 3793 penam
1310 3708 1511 3793 componat,
1536 3722 1683 3794 quarum

266 3815 432 3888 medietas
466 3816 549 3891 fisco
582 3829 718 3912 nostro,
747 3821 880 3916 reliqua
907 3842 990 3894 vero
1016 3821 1184 3894 medietas
1224 3821 1385 3915 injuriam
1414 3823 1526 3918 passis
1557 3827 1685 3920 persol-

267 3950 379 4015 vatur.

314 4066 425 4160 Hujus
457 4067 507 4140 rei
540 4076 643 4142 testes
672 4078 753 4142 sunt
786 4069 992 4143 Bartholdus
1020 4067 1249 4164 Aquilejensis
1278 4071 1493 4165 patriarcba,
1525 4072 1684 4168 Sylridus

267 4191 547 4290 archiepiscopus
570 4196 830 4291 Magantonsis,
856 4195 991 4268 Ulricus
1014 4195 1246 4288 Pataviensis‚
1270 4195 1417 4268 Silridus
1440 4194 1683 4292 Augustanus,

267 4316 447 4391 Bertcldus
463 4316 707 4418 [Brixinensis]
724 4321 891 4418 episcopi,
909 4320 1072 4394 Albertus
1090 4320 1311 4394 Tridentinus
1326 4321 1470 4415 electus,
1488 4322 1685 4397 Ludovious

267 4441 344 4515 dux
361 4443 507 4518 Bavarie
524 4454 559 4518 et
581 4467 696 4519 comes
710 4447 796 4520 lieni
810 4447 1004 4544 palatinus,
1023 4445 1212 4519 Guilelmus
1229 4446 1382 4520 marchio
1400 4447 1525 4522 Montis
1539 4450 1683 4542 Ferrati,

266 4566 400 4660 (luido,
418 4569 598 4665 riguum,
614 4572 804 4667 Rogerius,
824 4571 1006 4667 Aginollus
1025 4570 1167 4644 comites
1181 4571 1305 4644 Tuscis
1323 4572 1485 4668 palatini,
1506 4573 1687 4648 dzzolinus

266 4691 417 4768 listensis
441 4691 612 4788 marchio,
634 4692 849 4795 [Weruerus]
872 4696 918 4772 de
941 4696 1096 4772 Bolanda
1118 4694 1305 4792 imperialis
1325 4699 1405 4772 aule
1427 4697 1583 4795 dapiler,
1610 4699 1687 4771 An-
