4292 5894
239 583 334 640 lunrcr.
352 579 416 658 ll.]
690 570 886 632 HISTORIA
910 570 1204 634 strnonhrtclt.
1591 565 1650 626 395

316 713 412 786 (Edid.
423 711 598 781 Itnrrrtsn„
611 701 723 768 Anncl.
736 702 842 782 aces„
856 707 895 768 ad
904 723 976 768 ann.
989 703 1111 790 tatt,§
1125 707 1193 782 vn,
1208 721 1225 767 e
1238 711 1345 784 regest.
1360 705 1488 775 Honor„
1503 702 1555 762 lib.
1565 702 1647 776 vltl,

357 819 440 898 epist.
459 813 502 894 t.)

285 1009 476 1098 Honorius,
497 1014 583 1099 etc,
602 1003 781 1079 Frederico
802 1003 942 1096 illustri,
963 1013 1029 1078 etc.
1049 1001 1139 1090 Quia
1158 1003 1313 1091 celestia,
1334 1009 1386 1076 etc
1390 1054 1604 1073 ......
1614 1029 1646 1070 ·.

238 1263 324 1334 Cum
347 1260 419 1332 zelo
441 1255 525 1330 fidei
545 1255 730 1329 christiane
755 1276 943 1328 succensus
970 1263 1004 1326 et
1029 1253 1215 1350 inspirante
1240 1251 1387 1324 Domino
1406 1250 1562 1346 aspirans
1585 1273 1649 1324 ar-

239 1387 360 1460 denter
387 1383 433 1456 ad
459 1381 711 1455 vindicandum
733 1380 894 1473 injuriam
918 1379 998 1453 lesu
1023 1379 1146 1452 Christi
1169 1388 1204 1452 et
1227 1387 1351 1451 terram
1376 1374 1517 1470 ejusde
1542 1375 1651 1472 perfi-

238 1509 362 1582 dorum
379 1507 540 1580 manibus
556 1505 817 1598 vindicandam,
834 1514 975 1600 accepta
992 1525 1107 1597 cruce,
1124 1502 1207 1576 illuc
1220 1501 1403 1576 devoveris
1421 1501 1649 1593 transfretare,

239 1656 279 1708 ac
298 1642 335 1704 ut
348 1630 531 1705 exhiberes
545 1631 636 1704 circa
650 1629 774 1702 Christi
789 1651 929 1703 causam
943 1629 1159 1702 ferventioris
1171 1627 1365 1703 devotionis
1381 1628 1541 1702 affectum
1556 1637 1590 1700 et
1605 1625 1650 1700 ad

239 1757 512 1854 persecutionem
532 1759 607 1849 ejus
632 1766 665 1828 te
686 1755 813 1829 arctius
836 1755 994 1850 obligans
1016 1753 1102 1828 alios
1120 1754 1166 1828 ad
1190 1752 1228 1827 id
1249 1753 1422 1827 efficacius
1439 1753 1648 1844 exhorteris,

239 1883 414 1977 fastigium
430 1879 635 1954 excellentie
650 1879 838 1976 imperialis
856 1881 1016 1955 decenter
1027 1873 1215 1953 humilians
1233 1879 1280 1954 ad
1297 1879 1478 1953 consilium
1497 1887 1652 1952 nostrum

238 2017 274 2080 et
294 2007 436 2080 fratrum
460 2016 655 2079 nostrorum
677 2005 827 2078 nobilem
851 2004 1030 2079 mulierem
1051 2007 1078 2078 l.
1107 2017 1220 2080 natam
1244 2004 1435 2079 charissimi
1461 2005 1496 2078 in
1522 2003 1653 2077 Christo

240 2131 301 2204 lilii
316 2131 422 2204 nostri
436 2133 466 2205 l.
488 2132 630 2205 illustris
644 2131 736 2226 regis
751 2129 1052 2230 hierosolymitani
1069 2131 1267 2206 affidavcris
1284 2132 1422 2228 publice
1439 2131 1475 2204 in
1492 2115 1649 2222 uxorem,

239 2279 303 2330 nos
314 2255 460 2352 provide
472 2257 686 2330 attendentes
698 2258 793 2352 quod
807 2266 1062 2354 tentarosque
1074 2258 1227 2330 noscitur
1240 2256 1475 2353 principaliter
1483 2257 1545 2330 Dei
1560 2278 1648 2348 esse,

239 2403 309 2453 non
326 2389 400 2453 erat
415 2380 661 2478 impedimento
675 2381 793 2478 aliquo
809 2360 1109 2473 retardanda,'sed
1122 2381 1236 2476 potius
1250 2382 1368 2455 lavore
1381 2381 1550 2454 benevolo
1565 2401 1650 2476 pro-

239 2505 437 2600 sequenda,
457 2505 744 2601 impedimentum
767 2505 1074 2601 consanguinitatis
1094 2506 1151 2580 vel
1169 2504 1345 2579 affinitatis
1363 2505 1393 2578 si
1415 2505 1513 2601 quod
1533 2505 1651 2579 obsis-

240 2640 325 2704 teret
341 2639 424 2704 tunc
441 2630 659 2704 decrevimus
677 2630 975 2720 submovendum,
996 2639 1031 2704 et
1048 2652 1142 2703 nunc
1163 2640 1214 2722 ut,
1236 2629 1479 2703 nonobstante
1497 2630 1593 2726 quod
1614 2629 1649 2701 in

239 2764 361 2849 quarta
379 2755 686 2851 consanguinitatis
705 2755 796 2830 linea
818 2755 940 2829 eadem
958 2757 984 2828 Ι.
1011 2755 1074 2828 tibi
1099 2755 1226 2829 dicitur
1242 2755 1404 2848 attinere,
1423 2755 1575 2848 legitime
1591 2777 1650 2828 co·

239 2879 404 2974 pulcmini
421 2881 622 2954 auctoritate
637 2881 848 2977 presentium
868 2880 1123 2978 dispensamus.

287 3006 412 3077 Datum
427 3003 557 3102 Signis,
578 3005 678 3078 nonis
691 3005 843 3101 augusti,
865 3003 1085 3104 pontificatus
1101 3005 1209 3079 nostri
1224 3027 1316 3079 anno
1333 3005 1419 3077 lllll.

455 3317 651 3328 w..-
662 3318 669 3324 .
680 3317 882 3326 *ma-..-nn
890 3319 919 3325 ...-
933 3319 953 3325 ,--
966 3319 1006 3324 -η
1033 3319 1128 3326 ......-.-
1137 3317 1435 3327 ..-.-—----..-—-·-——-

292 3587 522 3692 Fridericus,
541 3589 804 3672 Romanorum
831 3589 1050 3699 imperator,
1078 3591 1197 3674 Paulo
1224 3589 1352 3674 abbati
1377 3591 1536 3677 Sanctae
1562 3594 1651 3679 Ma-

239 3721 318 3804 riae
333 3721 382 3804 dc
403 3721 531 3806 Nerito
548 3731 586 3805 et
603 3721 784 3806 iratribus
797 3723 1015 3807 monasterii
1030 3721 1202 3834 ejusdem
1224 3724 1354 3808 omnia
1371 3723 1474 3810 bona
1495 3737 1533 3811 et
1553 3755 1652 3838 pos-

240 3856 425 3938 sessiones
438 3881 537 3966 quae
554 3865 684 3940 tenent
701 3866 738 3940 et
756 3857 796 3938 in
814 3867 1009 3967 posterum
1028 3858 1224 3968 acquirere
1241 3869 1418 3968 poterunt
1435 3861 1648 3970 confirmat,

238 3989 448 4098 eademque
460 3986 562 4073 bona
580 3989 629 4074 ab
647 3991 752 4074 omni
771 3991 923 4075 servitio
941 4004 979 4075 ct
995 4017 1110 4074 onere
1131 3992 1274 4075 eximit.

321 4231 419 4312 llldld.
434 4233 588 4312 Uennmr,
603 4233 672 4297 ital.
687 4251 775 4310 socr„
790 4242 863 4298 tom
879 4235 923 4313 X,
938 4251 969 4315 p.
987 4238 1070 4311 eoo.)

288 4445 480 4521 Fridericus
505 4447 626 4524 divina
653 4451 790 4525 favente
815 4451 994 4524 clementia
1022 4451 1254 4524 Romanorum
1280 4449 1483 4546 imperator,
1509 4475 1645 4552 semper

238 4581 410 4667 angustus
427 4582 463 4647 et
480 4595 544 4646 rex
568 4575 695 4649 Sicilie.
719 4575 805 4650 Cum
823 4597 870 4650 ex
885 4575 1021 4673 pietatis
1037 4574 1150 4649 officio
1172 4575 1305 4648 cunctis
1320 4575 1383 4648 Dei
1407 4577 1572 4653 ministris
1587 4581 1646 4655 in-

240 4695 424 4770 tendamus
441 4698 575 4774 lusores
592 4709 707 4776 nostre
723 4700 944 4797 benignitatis
957 4699 1156 4792 extendere,
1175 4699 1385 4775 laudabilius
1397 4703 1550 4777 noscitur
1565 4706 1649 4780 viris
