4292 5894
208 592 303 655 lanrcn
323 590 385 668 ll]
654 586 853 650 HISTORIA
877 587 1169 651 nlrlouarlca.
1558 579 1623 642 347

206 737 258 802 est
267 727 371 820 juxta
388 723 532 802 domum
550 724 718 820 llecnpsri
731 731 813 798 ante
828 723 971 798 domurn
990 724 1162 799 Peocinati
1178 721 1229 822 (c)
1242 723 1280 795 in
1296 742 1368 818 qna
1388 719 1488 794 liccat
1508 718 1620 792 tibist

205 850 463 926 successoribus
480 848 550 922 tuis
570 848 679 922 libere
695 859 894 923 construere
912 858 948 924 et
967 849 1096 924 babere
1115 849 1163 924 ad
1181 870 1271 947 opus
1288 845 1433 921 amesia
1449 854 1510 918 tue
1525 863 1620 941 apo·

206 976 341 1067 thecas,
360 996 430 1050 non
447 973 666 1048 obstantibus
682 973 964 1048 concessionibus
984 983 1019 1050 et
1035 973 1136 1048 donis
1159 973 1277 1070 siqua
1300 971 1345 1045 de
1362 969 1525 1066 predictis
1539 990 1620 1043 om-

208 1101 312 1175 nibns
326 1109 444 1176 cenna
462 1100 553 1174 hanc
572 1107 724 1173 nostram
742 1097 981 1192 donationem,
1001 1099 1256 1173 concessionem
1274 1106 1310 1172 et
1326 1093 1621 1169 confirmationem

208 1224 389 1322 privilegia
403 1224 631 1320 apparebunt.
650 1225 850 1297 statuentes
860 1234 900 1297 ut
912 1245 1132 1320 quecumque
1143 1241 1292 1319 persona
1303 1239 1430 1313 magna
1440 1219 1498 1292 vel
1511 1239 1620 1313 parva

209 1349 299 1422 hanc
322 1357 473 1422 nostram
497 1345 736 1439 donationem,
760 1347 1015 1421 concessionem
1038 1355 1073 1421 et
1092 1343 1384 1420 confirmationem
1408 1341 1540 1415 violare
1563 1339 1620 1415 vel

210 1473 314 1548 modo
338 1473 493 1570 quolibet
513 1481 716 1568 attemptare
736 1473 1002 1569 presumpserit,
1023 1481 1162 1546 centnm
1186 1469 1291 1544 librae
1318 1469 1394 1544 auri
1416 1477 1617 1566 componat,

209 1619 357 1694 quarum
373 1619 445 1672 una
460 1595 629 1670 medietas
643 1595 734 1670 ’risco
754 1596 942 1692 imperiali,
962 1596 1071 1670 altera
1086 1595 1246 1689 injuriam
1261 1593 1374 1692 passis
1388 1593 1617 1690 persolvatur.

209 1723 263 1798 Ad
282 1723 387 1815 bnjns
410 1730 526 1798 autom
547 1721 744 1796 donationis
763 1729 799 1795 et
816 1720 1047 1796 concessionis
1068 1729 1184 1796 nostre
1203 1719 1403 1793 memoriam
1421 1727 1455 1793 et
1470 1718 1623 1792 inviola-

209 1848 278 1921 bile
304 1846 577 1936 firmamentum,
605 1868 748 1943 presens
770 1848 993 1944 privilegium
1016 1869 1080 1944 per
1102 1868 1227 1920 manus
1252 1843 1418 1920 lobannis
1438 1843 1484 1919 de
1503 1845 1621 1942 Capua

211 1972 334 2046 notarii
351 1982 387 2046 et
403 1971 519 2046 fidelis
533 1972 640 2046 nostri
654 1971 757 2046 scribi
772 1981 808 2044 et
822 1972 937 2067 sigillo
949 1971 1136 2064 majestatis
1148 1969 1444 2063 nostrejussimne
1457 1991 1621 2044 commu·-

210 2097 290 2190 niri,
306 2118 411 2188 anno,
430 2118 549 2171 mense
563 2105 598 2170 et
613 2095 802 2170 indictione
817 2095 1034 2192 subscriptis.

257 2223 383 2295 Datum
403 2219 500 2319 apud
516 2219 751 2313 Ferentinum,
771 2242 864 2294 anno
883 2219 1057 2294 dominice
1078 2219 1323 2294 incarnationis
1341 2218 1522 2293 millesimo
1545 2217 1620 2292 du-

210 2344 396 2419 centesimo
422 2345 593 2439 vigesimo
617 2344 733 2435 tertio,
759 2367 879 2419 mense
899 2345 1031 2430 martii,
1055 2345 1238 2418 undecima
1258 2343 1462 2436 indictione,
1485 2342 1620 2441 imperii

211 2469 342 2545 domiui
359 2470 467 2543 nostri
485 2469 657 2543 Frederici
675 2469 738 2542 Dei
754 2469 865 2565 gratia
886 2469 1106 2543 illustrissimi
1129 2469 1361 2542 Romanorum
1382 2469 1617 2566 imperatoris,

210 2615 344 2690 semper
360 2594 499 2690 augusti
515 2601 549 2667 et
563 2593 800 2689 gloriosissimi
814 2594 906 2690 regis
920 2595 1034 2667 Sicilie
1050 2615 1143 2668 anno
1159 2593 1271 2685 tertie,
1289 2591 1388 2688 regni
1406 2613 1489 2668 vero
1505 2593 1621 2667 Sicilie

210 2718 378 2814 vigesimo
393 2718 528 2816 quinto,
546 2717 703 2794 feliciter.
722 2717 847 2792 Amen.

263 3365 501 3474 Fridericns,
520 3365 781 3452 Romanorum
797 3366 1018 3477 imperator,
1040 3369 1215 3453 Andreae
1236 3368 1518 3481 archiepiscopo
1537 3371 1622 3456 Ba-

212 3501 312 3582 rensi
339 3511 378 3583 et
403 3499 685 3585 successoribus
712 3499 794 3610 ejus
819 3500 861 3582 in
892 3512 1118 3612 perpetuum
1149 3501 1350 3588 confirmat
1379 3503 1623 3588 donationem

211 3633 302 3717 huie
324 3633 503 3718 ecclesiae
528 3634 715 3717 lactama
744 3633 924 3747 Frangali
951 3636 1000 3720 de
1024 3636 1179 3721 Bitricto
1205 3638 1255 3724 de
1278 3647 1403 3724 castro
1428 3637 1573 3722 Bitricti
1590 3638 1624 3722 si

213 3768 295 3852 sine
310 3767 627 3852 descendentibus
639 3767 820 3879 legitimis
832 3770 1048 3854 decesserit.

293 3981 303 4064 l
310 3983 411 4046 Edidit
424 3983 586 4061 (innuas,
598 3984 677 4046 Seria
689 3985 753 4048 ott
767 4001 845 4048 socr.
859 3983 988 4068 dc’pcsr.
1004 3987 1116 4062 Baroei,
1130 3987 1242 4064 tomi,
1257 4005 1288 4066 p.
1304 3994 1376 4068 tat,
1386 4003 1425 4050 ex
1438 3994 1624 4067 transumpto

332 4091 501 4154 authentico
516 4109 589 4154 aun.
608 4099 704 4168 127²,
717 4103 751 4154 n·
762 4092 846 4156 vm.
858 4093 1059 4174 -Orlglnala
1076 4096 1227 4158 munitum
1245 4099 1310 4156 arat
1326 4095 1422 4174 slglllo
1440 4097 1624 4174 imperatoria

331 4215 416 4261 aereo
428 4213 498 4261 cum
511 4197 572 4262 lllls
582 4200 683 4262 sericis
695 4199 777 4262 rnbrl
790 4205 822 4262 et
832 4199 932 4262 cltrlnl
943 4198 1073 4280 eoloris.)

258 4383 463 4460 Fredericus
485 4386 608 4462 divina
629 4389 811 4464 clementia
832 4391 1063 4464 Romanorum
1080 4390 1277 4488 imperator,
1299 4411 1441 4488 uper·
1453 4399 1624 4486 angustus

211 4518 249 4582 et
269 4529 335 4582 rex
354 4510 480 4586 Sicilie.
501 4511 558 4585 Ex
574 4512 692 4588 innate
708 4513 808 4588 nobis
829 4514 1122 4608 mansuetndinis,
1142 4522 1210 4590 etc.
1232 4511 1320 4590 Inde
1336 4525 1390 4590 est
1406 4515 1503 4612 quod
1522 4514 1625 4591 certis

256 4707 298 4792 Ψ)
317 4713 936 4800 ¹⁰⁸¹m⁰⁸⁰¹⁰mlr¹v¹¹talomenstsruln
951 4727 1028 4782 raro
1042 4717 1328 4799 reproferatus
