4296 5898
200 549 299 612 unte.
319 547 380 628 tt]
649 543 846 608 nisronra
870 521 1163 612 urrtcnirtcn
1555 545 1617 608 sor

201 704 281 758 sens
299 681 465 777 scriptum
486 677 708 752 cernentibus
729 679 920 754 innotescat
936 681 1033 776 quod
1049 683 1230 757 venientes
1247 679 1298 780 (a)
1313 679 1360 754 ad
1381 688 1496 754 nostre
1513 679 1614 753 celsi-

200 805 333 882 tudinis
359 804 492 878 curiam
515 801 677 878 Thadeus
700 804 909 878 venerabilis
932 805 1042 879 abbas
1067 810 1122 897 [et
1145 808 1283 896 iratres]
1308 814 1499 880 conventus
1525 801 1614 876 sacri

200 928 398 1006 monasterii
419 929 545 1003 Sancte
562 927 668 1002 Maris
691 927 737 1003 de
754 929 907 1003 Ferraria
925 929 1159 1005 cisterciensis
1176 931 1310 1006 ordinis
1333 928 1618 1025 significaverunt

201 1053 405 1132 sublimitati
428 1062 544 1126 nostre
563 1052 660 1148 quod
682 1054 785 1126 irater
801 1054 961 1128 Nicolaus
983 1056 1045 1151 qui
1064 1055 1241 1151 quondam
1265 1058 1377 1130 iuerat
1398 1055 1507 1130 abbas
1521 1058 1619 1148 ejus-

203 1181 284 1256 dem
313 1177 528 1268 monasterii,
555 1199 619 1274 pro
644 1176 904 1274 imperfectione
931 1200 996 1252 sua
1020 1180 1270 1254 removendum
1293 1202 1315 1255 a
1336 1201 1419 1253 cura
1438 1178 1619 1274 regimims

201 1327 241 1382 se
262 1325 489 1403 prenoscens,
514 1301 649 1398 antiqui
671 1301 780 1376 bostis
807 1303 955 1378 stimulis
978 1304 1162 1399 instigatus
1187 1303 1233 1402 (b)
1256 1302 1409 1401 quedam
1435 1303 1617 1401 privilegia

203 1431 331 1506 domus
348 1429 506 1504 inaudita
523 1427 687 1503 scindens
710 1429 864 1525 nequitia
884 1428 1083 1527 dissipavit,
1101 1431 1190 1506 sicut
1210 1451 1258 1505 cx
1274 1429 1459 1529 privilegio
1478 1429 1619 1503 domine

202 1556 431 1654 imperatricis
457 1554 653 1629 mosontio
675 1554 796 1629 matris
814 1564 947 1649 nostre,
972 1556 1082 1630 ielieis
1104 1567 1270 1652 auguste,
1294 1555 1541 1630 recordationis
1563 1555 1618 1628 in·

202 1683 312 1780 clyte,
346 1681 415 1778 ipsi
436 1680 645 1755 monasterio
670 1681 759 1753 lacto
783 1689 818 1754 ei
840 1689 956 1756 nostre
983 1681 1079 1756 curie
1105 1691 1300 1778 presentato
1323 1682 1425 1755 nobis
1446 1681 1614 1774 innotuit3

201 1807 385 1882 maniieste
408 1803 692 1901 significaverunt
717 1804 821 1879 etiam
849 1806 952 1880 nobis
978 1805 1074 1903 quod
1104 1806 1256 1903 sigillum
1280 1806 1455 1905 privilegii
1483 1806 1616 1880 domini

201 1931 417 2030 imperatorie
428 1931 567 2004 Henrici
581 1929 689 2028 patris
703 1930 811 2005 nostri
826 1931 935 2004 felicis
946 1931 1099 2028 augusti,
1114 1933 1281 2007 memorie
1293 1933 1486 2025 recolende,
1501 1931 1616 2007 eidem

200 2057 408 2132 monasterio
426 2056 520 2148 iacti,
544 2077 624 2128 cum
642 2053 689 2128 ad
705 2053 859 2129 edictum
881 2065 1037 2131 nostrum
1061 2057 1155 2132 idem
1172 2057 1395 2155 privilegium
1414 2067 1493 2154 post
1510 2079 1617 2153 gene-

200 2185 308 2258 ralem
326 2182 458 2256 curiam
474 2182 592 2277 Capua
613 2181 809 2254 solemniter
825 2181 1032 2257 celebratam
1049 2183 1149 2256 nobis
1165 2184 1431 2278 assignaverunt
1445 2205 1525 2257 cum
1538 2183 1617 2258 aliis

201 2307 396 2407 privilegiis
426 2306 621 2382 monasterii
654 2307 854 2401 memorati,
884 2329 932 2381 ex
960 2307 1115 2383 custodis
1138 2307 1271 2382 incuria
1297 2308 1513 2404 dignoscitur
1539 2331 1617 2384 esse

202 2436 370 2528 fractum,
397 2432 487 2506 sieut
515 2433 684 2506 veraciter
709 2442 843 2506 constat
863 2433 965 2506 nobis
990 2454 1038 2506 ex
1061 2433 1140 2529 ipso
1161 2432 1345 2529 privilegio
1371 2443 1487 2508 nostre
1514 2435 1620 2508 eelsi-

202 2559 318 2634 tudini
343 2565 551 2655 preseutatc.
584 2559 726 2654 Propter
750 2557 847 2652 quod
870 2577 975 2654 prece
1000 2557 1149 2654 supplici
1172 2558 1347 2653 petierunt
1368 2568 1408 2632 ut
1428 2582 1492 2656 pro
1518 2582 1618 2635 secu·

202 2683 304 2759 ritate
334 2705 378 2760 ac
405 2704 491 2779 paee
518 2682 630 2780 ipsius
654 2683 854 2758 monasterii
880 2683 965 2780 ipsis
987 2683 1316 2779 successoribusque
1340 2683 1414 2757 suis
1439 2694 1475 2758 et
1503 2685 1619 2760 eidem
1690 2763 1692 2766 ,

201 2809 409 2885 monasterio
427 2808 618 2883 concedere
643 2818 679 2884 et
702 2807 905 2883 confirmare
923 2807 1147 2903 dignaremur
1170 2806 1340 2904 quiequid
1366 2807 1460 2882 idem
1482 2830 1618 2884 mcum-

202 2934 328 3010 teu'um
358 2919 452 3028 juste
480 2934 666 3031 acquisivit
700 2934 758 3008 vel
788 2933 967 3032 possidere
993 2932 1208 3029 dignoscitur
1229 2953 1343 3028 usquc
1367 2932 1414 3007 ad
1439 2934 1505 3008 bec
1532 2943 1620 3010 tem·

200 3081 290 3157 pora
314 3059 423 3134 nostri
449 3059 603 3157 imperii,
640 3069 710 3132 tam
742 3058 780 3133 in
817 3058 1094 3155 possessionibus
1122 3078 1227 3153 quam
1259 3066 1294 3132 et
1319 3058 1357 3130 in
1380 3059 1617 3156 libertatibus,

203 3184 410 3278 donatione,
435 3183 658 3259 concessione
677 3193 714 3260 et
736 3181 995 3260 confirmatione
1017 3183 1211 3279 Guiglielmi
1234 3184 1264 3256 ll
1288 3184 1485 3258 consobrini
1513 3187 1620 3262 nostri

203 3319 240 3382 et
266 3307 501 3407 predictorum
534 3309 688 3384 felicium
710 3317 939 3404 angustorum
966 3318 1150 3407 parentum
1180 3317 1374 3382 nostrorum
1404 3309 1532 3409 inclyte
1556 3334 1620 3386 re-

203 3431 414 3509 cordationis
434 3459 444 3506 ε
466 3431 629 3507 videlicet
643 3433 758 3506 locum
776 3432 891 3530 ipsum
909 3433 945 3506 in
961 3454 1032 3530 quo
1053 3431 1147 3508 idem
1170 3433 1416 3507 monasterium
1435 3436 1618 3510 fundatum

202 3569 257 3635 est
272 3569 308 3634 et
322 3568 431 3635 terras
451 3559 562 3633 cultas
579 3568 614 3634 et
631 3559 779 3634 incultas
798 3582 868 3656 que
883 3569 966 3634 sunt
979 3581 1088 3657 prope
1109 3559 1203 3634 idem
1221 3559 1467 3634 monasterium
1482 3561 1571 3637 inira
1585 3573 1620 3637 et

201 3694 302 3761 extra
319 3686 413 3760 rivos
429 3685 543 3759 Ianuii
555 3693 590 3759 et
606 3686 840 3776 Beliandrum,
856 3686 987 3760 llnmen
1000 3682 1175 3779 Vulturni,
1192 3694 1326 3759 montes
1341 3687 1489 3779 majores
1502 3688 1619 3762 Sancti

201 3811 294 3884 Petri
317 3820 352 3886 et
374 3811 491 3886 Sancti
515 3810 703 3884 Eleuthetii
726 3819 762 3884 et
785 3812 881 3886 viam
908 3811 1084 3908 publicam
1104 3832 1175 3906 qua
1196 3833 1258 3907 per
1278 3808 1366 3884 lines
1383 3813 1619 3888 Tramcntium

202 3935 274 4008 itur
296 3956 318 4007 a
335 3936 435 4010 Petra
457 3933 546 4008 Fixa
567 3933 615 4008 ad
638 3934 765 4008 Torum
782 3933 964 4029 Sindonis,
986 3935 1126 4029 triginta
1152 3934 1288 4009 modios
1306 3943 1471 4009 terrarum
1490 3936 1619 4010 Fraxiti

201 4059 435 4152 Presentiani,
454 4059 693 4154 Corullanum,
711 4061 968 4154 Pantanellum,
992 4061 1186 4154 Perticella,
1206 4059 1360 4134 startiam
1382 4062 1497 4134 Sancti
1514 4062 1616 4157 Petri,

203 4185 319 4261 locum
336 4185 469 4260 scilieet
483 4184 529 4284 (e)
546 4185 725 4279 jardinum
743 4185 915 4279 Galerani,
936 4187 1008 4262 duo
1024 4196 1138 4261 aratra
1158 4185 1196 4258 in
1214 4185 1359 4279 Bagncli
1378 4187 1436 4261 vel
1454 4187 1620 4261 scelerata

201 4311 314 4388 llocce
327 4309 512 4407 Dragouisp
533 4311 571 4384 in
595 4311 781 4386 temmeutc
798 4311 928 4386 Tbeaui
942 4312 1079 4386 startias
1102 4311 1147 4386 de
1162 4311 1274 4385 Fruxo
1286 4319 1322 4385 et
1338 4309 1385 4385 de
1398 4309 1618 4388 Pedemontis

244 4485 286 4568 (α)
307 4488 366 4568 ip.
379 4487 552 4570 Ugbellium
567 4488 714 4553 mittente
716 4535 730 4570 ,
745 4491 833 4554 male.

241 4592 282 4676 (b)
301 4593 416 4658 Ibidem
429 4595 613 4679 tmttpatom,
628 4598 716 4664 male.

244 4701 280 4784 (e)
302 4701 417 4768 ibidem
431 4701 508 4768 tea
524 4704 556 4769 S.
559 4725 577 4785 ,·
589 4705 671 4786 quod
683 4722 745 4768 non
758 4707 822 4770 sine
835 4721 951 4770 summo
963 4705 1054 4771 dublo
1067 4709 1261 4773 restituimus.
