4296 5898
538 567 601 630 292
1034 577 1256 641 rtttbtttttct
1281 579 1455 642 sucurtbt
1770 581 1849 668 [Au.
1868 584 1950 647 tm

538 703 702 801 episcopo
715 715 750 779 et
761 709 906 782 ecclesie
927 731 991 786 sne
1006 711 1174 786 hactenus
1188 713 1345 808 irrogasti
1356 725 1392 788 et
1408 714 1525 788 adbuc
1539 715 1663 792 inlerre
1682 738 1753 792 nou
1774 720 1948 810 formidas,

539 829 848 925 omninodesistas,
862 834 1034 910 teloneum
1041 838 1144 910 55555
1153 838 1946 939 maximeadgravameuepiscopiotbomiuum

540 965 708 1028 tenesne
731 979 793 1052 per
809 968 845 1032 te
866 958 913 1034 de
927 983 1020 1035 novo
1040 963 1235 1036 institutum
1256 965 1395 1061 penitus
1419 965 1606 1058 abolendo;
1629 967 1865 1044 indubitanter
1883 973 1946 1044 sci-

538 1090 638 1152 turus
662 1084 808 1177 quodsi
835 1085 872 1157 in
898 1087 1099 1181 hujusmodi
1120 1090 1274 1164 mandati
1296 1092 1403 1166 nostri
1419 1093 1626 1166 executione
1652 1093 1773 1168 iterato
1788 1096 1853 1168 tibi
1869 1097 1945 1170 lacti

538 1205 684 1298 [contra]
702 1217 854 1283 tenorem
869 1211 1058 1286 litterarum
1070 1235 1160 1308 quas
1177 1235 1283 1310 super
1300 1215 1356 1289 bis
1370 1217 1534 1290 omnibns
1549 1239 1609 1290 eas
1624 1218 1887 1314 inspicientibus
1902 1220 1945 1294 do

539 1352 629 1404 novo
646 1331 852 1426 direximus,
871 1337 1100 1433 negligentem
1119 1348 1153 1412 te
1169 1339 1338 1434 gesseris,
1358 1361 1427 1414 non
1444 1341 1555 1415 solum
1571 1342 1783 1435 majestatem
1800 1355 1943 1420 nostram

536 1455 739 1551 olleudisse,
756 1460 819 1533 sed
835 1483 855 1533 a
871 1463 981 1556 gratia
998 1473 1112 1540 nostra
1129 1475 1164 1538 te
1179 1464 1270 1538 scias
1283 1467 1424 1562 penitus
1436 1466 1603 1541 alienum.

584 1584 708 1656 Datum
726 1584 822 1681 apud
836 1587 1051 1677 Prechiuam‚
1073 1591 1117 1660 tv
1135 1590 1216 1664 idus
1226 1592 1392 1684 januarii,
1410 1591 1458 1664 xt
1474 1590 1523 1689 (u)
1536 1592 1737 1667 indictione.

748 1914 1729 1936 ...-.-....-..-......------.-.-.--.,-

383 2225 395 2263 t
431 2225 444 2267 t
581 2206 813 2318 Fridericus‚
838 2210 1099 2294 Romanorum
1127 2212 1348 2322 imperator,
1368 2213 1547 2298 abbatem
1573 2225 1611 2298 et
1641 2230 1870 2298 conventum
1894 2216 1940 2298 dc

399 2235 428 2278 ,a

349 2275 478 2384 53:335
527 2339 712 2427 Hirschau
730 2370 820 2428 cum
846 2347 1026 2430 omnibus
1040 2347 1150 2431 bonis
1172 2347 1256 2459 ejus
1275 2349 1315 2430 in
1333 2351 1563 2459 protectione
1579 2377 1648 2435 sua
1663 2349 1838 2460 suscipit,
1854 2375 1939 2460 pos-

527 2476 713 2560 sessiones
739 2487 778 2560 ct
800 2477 994 2562 libertates
1025 2479 1108 2590 ejus
1130 2481 1351 2592 confirmat,
1367 2482 1553 2596 jubetque
1580 2495 1623 2569 ut
1649 2483 1780 2567 nullus
1800 2482 1938 2567 subad-

521 2617 677 2693 vocatus
694 2610 836 2695 ibidem
853 2613 1105 2698 constituatur
1127 2615 1200 2698 nisi
1227 2642 1344 2727 quem
1366 2616 1487 2702 abbas
1513 2629 1551 2703 ct
1572 2627 1780 2704 convcmus
1797 2629 1935 2728 postu·

521 2741 681 2827 laverint
695 2744 768 2829 sibi
782 2746 880 2830 dari.

602 2957 700 3040 (bold.
716 2963 846 3037 anonn,
859 2964 979 3027 murm.
994 2963 1082 3027 rede.
1103 2973 1228 3028 monost.
1250 2966 1420 3044 themb„
1435 2975 1457 3031 t
1473 2971 1506 3044 I,
1521 2987 1553 3048 p.
1570 2969 1650 3050 555.)

571 3147 611 3218 ln
630 3149 769 3224 nomine
790 3162 908 3225 sancte
928 3163 964 3226 et
986 3153 1171 3228 individuo
1190 3154 1377 3229 Trinitatis.
1403 3157 1598 3232 Fridcricus
1618 3156 1797 3232 sccundus
1816 3156 1931 3230 divina

523 3273 660 3348 lavente
674 3277 854 3351 clementia
871 3279 1102 3352 Romanorum
1120 3279 1316 3375 imperator,
1336 3301 1472 3377 semper
1489 3291 1660 3376 augustus
1678 3292 1714 3356 et
1730 3303 1791 3356 rex
1806 3281 1927 3356 Sicilie.

519 3401 626 3474 Decet
649 3402 837 3499 imperialis
860 3403 1115 3498 magnificentie
1136 3407 1349 3498 majestatem
1368 3428 1489 3480 omnes
1511 3407 1634 3480 Christi
1663 3405 1785 3482 fideles
1806 3407 1843 3479 in
1863 3428 1931 3480 mo

521 3526 679 3600 nasteriis
696 3535 732 3600 et
750 3527 835 3602 locis
851 3529 924 3602 Deo
943 3527 1067 3602 dicatis
1085 3528 1200 3602 eidem
1219 3531 1365 3604 Domino
1384 3532 1570 3606 militantes
1583 3532 1652 3606 sub
1669 3533 1856 3626 majoetatis
1871 3551 1931 3604 sue

519 3652 729 3746 protectione
744 3652 896 3749 recipcre
914 3675 955 3726 ac
967 3657 1047 3748 jura
1065 3662 1100 3726 et
1115 3654 1204 3728 bona
1220 3655 1305 3750 ipsis
1324 3656 1447 3729 collata
1464 3655 1532 3730 sub
1549 3655 1759 3730 defensionis
1779 3678 1843 3730 sue
1856 3679 1930 3728 mu·

519 3777 650 3851 nimine
670 3778 865 3874 specialiter
881 3779 1077 3852 confovere.
1103 3780 1191 3851 Hinc
1214 3791 1267 3853 est
1286 3782 1394 3876 igitur
1418 3782 1515 3875 quod
1538 3802 1601 3854 nus
1625 3781 1842 3855 attendentes
1863 3781 1929 3854 bo-

518 3913 652 3976 uestam
670 3902 779 3975 vitam
798 3912 833 3976 et
853 3905 1056 3999 religionem
1078 3901 1290 3978 laudabilem
1310 3905 1519 3979 venerabilis
1538 3905 1675 3980 abbatis
1693 3915 1728 3979 ct
1742 3915 1929 3980 conventus

518 4028 718 4102 monasterii
740 4028 785 4102 de
802 4029 1019 4124 Hirsawgia,
1045 4027 1202 4103 fidelium
1218 4037 1428 4124 nostrorum,
1449 4052 1512 4127 pru
1528 4031 1640 4104 salute
1657 4051 1799 4126 quoqne
1819 4041 1929 4104 nostra

517 4175 559 4225 ac
581 4153 735 4228 remedio
762 4155 955 4227 animarum
979 4155 1142 4228 divorum
1173 4164 1401 4249 augustorum
1427 4164 1606 4252 pareutum
1634 4165 1828 4230 nostrornm
1854 4175 1928 4228 me-

517 4279 626 4350 morie
651 4279 852 4372 recolende,
879 4281 973 4376 ipsos
999 4290 1033 4353 et
1056 4301 1272 4354 successores
1293 4301 1376 4354 suus
1400 4280 1560 4355 cuidem
1588 4283 1834 4356 monasterium
1854 4302 1927 4354 cnut

518 4403 794 4478 omnibnsbonis
810 4405 969 4501 suisque
985 4405 1021 4477 in
1037 4406 1189 4502 presenti
1202 4408 1295 4499 juste
1308 4417 1403 4480 tenet
1420 4415 1454 4480 et
1471 4406 1625 4504 possidet
1638 4416 1673 4480 et
1690 4407 1812 4503 quein
1833 4415 1926 4481 antea

515 4529 611 4621 justo
627 4529 725 4602 titulo
742 4531 867 4625 poterit
887 4530 1034 4626 adipisci
1052 4532 1120 4605 snb
1139 4533 1349 4628 protectione
1373 4554 1415 4605 ac
1437 4533 1639 4608 defensione
1660 4541 1777 4608 nostra
1801 4543 1836 4606 et
1859 4532 1925 4604 im·

559 4720 602 4798 (u)
619 4722 707 4801 Apud
719 4723 833 4786 Hedum
848 4725 885 4800 tt,
900 4727 987 4787 mate.
