4296 5898
197 572 378 650 lrrnrcr.10.]
648 569 845 632 HISTORIA
867 567 1163 630 ntcnotlltulcrt.
1553 570 1609 630 221

199 707 344 780 vnlnere
358 703 568 796 sauciamur,
582 704 751 777 clamante
764 712 880 776 contra
890 725 953 776 nos
964 705 1128 776 universo
1136 704 1265 800 populo
1274 701 1459 775 christiano
1469 711 1503 774 et
1515 705 1614 776 nobis

201 831 337 902 ruinam
358 827 479 924 prelati
500 828 674 900 exercitus
693 829 885 925 imputante
902 851 943 902 ac
961 829 1111 925 publicis
1132 828 1385 926 improperante
1410 827 1616 902 clamoribus

199 954 296 1050 qnod
321 961 431 1024 totum
452 954 572 1026 orbem
586 951 821 1048 ¹contudimus
847 953 1070 1026 christianum
1101 976 1142 1026 eo
1170 952 1266 1047 quod
1293 963 1327 1025 te
1356 953 1448 1024 sicut
1471 975 1615 1026 noveras

201 1077 346 1150 transire
364 1097 433 1149 non
449 1077 680 1172 compulimus
697 1078 733 1148 in
751 1078 948 1151 subsidium
960 1080 1061 1151 Terre
1075 1080 1217 1167 Sancte,
1234 1078 1369 1172 culpam
1388 1087 1482 1149 tuam
1502 1079 1536 1149 in
1553 1099 1616 1150 nos

201 1200 339 1296 penitus
355 1199 573 1273 retundendo
586 1208 623 1274 et
637 1201 757 1295 ntique
771 1221 841 1273 non
857 1220 997 1296 prorsus
1012 1199 1198 1290 immerito,
1217 1198 1300 1292 quia
1317 1219 1436 1270 revera
1452 1198 1536 1271 dum
1553 1201 1615 1270 tibi

200 1325 305 1397 nimis
328 1323 533 1415 detulimus,
555 1323 757 1418 reliquimus
779 1324 1004 1397 christianum
1028 1324 1219 1396 exercitum
1245 1323 1312 1394 sub
1338 1324 1489 1417 periculo
1515 1345 1616 1396 casos

200 1447 420 1542 qnembodie
434 1447 667 1544 deploramus.
680 1449 724 1521 Ut
735 1449 827 1521 enirn
840 1470 1081 1522 recenseamus
1088 1448 1134 1519 ab
1146 1447 1293 1520 exordio
1303 1446 1438 1543 culpam
1450 1457 1613 1541 nostram,

200 1573 270 1644 scis
295 1572 391 1666 quod
413 1574 536 1665 tejam
558 1594 580 1645 a
604 1572 764 1668 pluribus
785 1573 887 1645 annis
909 1573 1163 1666 crucesignatos
1185 1571 1253 1643 snb
1276 1593 1338 1667 spe
1362 1594 1403 1644 ac
1422 1573 1538 1668 specie
1565 1573 1614 1644 tui

201 1697 368 1769 transitus
386 1696 583 1788 detinente,
609 1718 673 1770 nos
696 1707 756 1770 tue
775 1718 905 1770 morem
922 1697 1093 1791 gessimus
1110 1696 1280 1768 voluntati
1298 1717 1343 1769 ne
1363 1697 1531 1792 promotio
1556 1706 1615 1770 tue

200 1821 422 1893 sublimitatis
434 1820 481 1893 ad
494 1843 599 1914 quam
613 1822 852 1918 aspirabamus
865 1843 912 1894 ex
927 1823 1043 1894 animo
1056 1830 1172 1917 posset
1187 1821 1287 1893 nobis
1298 1821 1396 1894 aliter
1409 1821 1614 1894 iacientibus

200 1944 381 2019 retardari.
393 1945 615 2019 Postmodum
634 1967 718 2018 vero
737 1954 771 2019 te
790 1967 869 2018 cum
888 1946 1050 2019 instantia
1069 1947 1264 2043 postulante
1278 1954 1316 2018 ut
1329 1947 1615 2020 excommunica-

199 2091 318 2144 remus
332 2080 367 2143 te
384 2078 419 2143 et
435 2071 691 2165 crucesignatos
707 2070 895 2144 Thentonie
913 2072 1094 2144 universos
1112 2071 1178 2142 nisi
1197 2092 1267 2142 una
1285 2071 1448 2142 cumillis
1473 2072 1508 2142 in
1524 2073 1612 2144 sub-

197 2192 326 2266 sidium
347 2197 449 2268 Terre
470 2197 592 2267 Sancte
617 2195 780 2268 transires
802 2195 890 2268 inira
916 2217 997 2268 eum
1020 2217 1123 2288 quem
1144 2191 1225 2291 ipse
1243 2195 1307 2267 tibi
1325 2197 1508 2268 terminum
1532 2217 1612 2292 pre·

199 2317 327 2410 fixisti,
348 2317 384 2391 in
403 2319 469 2392 boc
484 2341 625 2414 quoque
641 2320 811 2412 gessimus
828 2320 891 2391 tibi
909 2341 1057 2410 morem3
1077 2318 1139 2392 sed
1154 2320 1289 2414 quoties
1304 2320 1418 2415 ipsum
1435 2323 1611 2415 prorogari

199 2443 384 2516 terminum
404 2443 631 2539 postulaveris
653 2452 689 2517 et
712 2444 848 2538 quoties
872 2445 908 2514 in
925 2443 992 2516 boc
1016 2453 1074 2516 tue
1101 2445 1377 2538 acquieverimus
1393 2446 1562 2518 voluntati
1578 2456 1612 2520 et

199 2587 264 2639 nos
289 2567 420 2639 scimus
442 2577 478 2640 et
502 2577 563 2641 tua
583 2569 860 2664 prudentia'non
881 2569 1027 2663 ignorat.
1050 2570 1207 2665 Denique
1231 2591 1339 2664 mam
1361 2571 1558 2643 solemniter
1577 2581 1612 2644 et

198 2712 305 2784 quom
319 2690 454 2785 publice
471 2691 508 2764 in
527 2699 587 2766 tua
604 2695 824 2765 coronatione
844 2694 1040 2788 promiseris
1059 2703 1093 2766 te
1116 2693 1153 2764 in
1177 2715 1381 2766 succursum
1399 2693 1482 2766 dicti
1507 2717 1608 2768 exer·

199 2814 289 2886 citus
302 2815 539 2907 transiturum,
558 2817 731 2892 cismarini
748 2827 918 2890 noverunt
936 2827 970 2889 et
990 2819 1094 2890 etiam
1111 2817 1342 2892 transmarini.
1359 2817 1459 2891 Unde
1472 2829 1611 2914 propter

199 2939 472 3034 expectationem
487 2941 538 3012 tui
555 2941 702 3015 subsidii
714 2943 811 3036 qnod
824 2943 926 3015 etiam
937 2964 999 3037 per
1009 2943 1137 3014 litteras
1149 2951 1226 3014 tuas
1239 2942 1425 3038 promisisti
1442 2943 1610 3016 exercitui

199 3085 283 3158 sepe
298 3063 410 3157 dicto,
430 3065 577 3138 refutata
591 3075 644 3138 est
661 3066 862 3162 compositio
876 3088 939 3162 per
956 3088 1060 3161 qnam
1078 3065 1385 3162 Hierosolymitana
1402 3067 1524 3140 civitas
1538 3089 1609 3140 res·
1705 3077 1711 3090 '

201 3188 388 3260 lituebatnr
414 3190 523 3261 cultui
543 3190 730 3264 christiano
749 3213 791 3264 ac
813 3191 955 3266 domurn
974 3200 1044 3265 tota
1060 3191 1291 3265 christianitas
1313 3213 1414 3286 passa
1441 3202 1494 3264 est
1518 3193 1611 3266 illius

199 3312 438 3386 confusionem
456 3314 634 3410 opprobrii
658 3315 754 3408 quod
780 3316 876 3390 nulla
904 3316 1027 3411 poterit
1047 3316 1221 3390 oblivione
1242 3315 1362 3390 deleri.
1387 3316 1481 3401 Quid
1506 3317 1612 3411 igitur

199 3437 326 3508 mirum
345 3437 375 3510 si
391 3447 509 3512 contra
527 3460 590 3512 nos
606 3446 641 3511 et
661 3447 778 3512 contra
795 3449 828 3513 te
844 3449 1052 3530 murmurat,
1075 3441 1181 3513 immo
1197 3442 1321 3513 clamat
1337 3441 1488 3537 populns
1502 3441 1612 3514 cbris-

199 3560 334 3652 tianus‚
352 3561 381 3633 si
400 3561 510 3636 credit
523 3573 557 3634 et
572 3562 657 3636 dicit
672 3585 736 3637 nos
750 3564 813 3635 tibi
830 3563 968 3637 dedisse
983 3565 1155 3638 licentiam
1171 3564 1389 3657 remanendi,
1408 3587 1449 3638 ac
1466 3587 1528 3661 per
1545 3566 1612 3639 hoc

200 3682 302 3757 nobis
325 3684 502 3781 imputans
523 3695 632 3758 totum
656 3687 786 3758 malum
809 3685 904 3781 quod
919 3687 1061 3776 accidit,
1079 3709 1142 3760 nos
1162 3698 1196 3760 et
1217 3689 1405 3760 Romanam
1422 3688 1610 3761 Ecclesiam

199 3829 263 3903 pro
273 3818 307 3880 te
320 3807 487 3883 inauditis
499 3812 666 3883 lacessere
679 3812 896 3884 contumeliis
913 3833 981 3884 non
997 3811 1245 3884 desistitcnte
1256 3812 1286 3883 si
1300 3811 1365 3884 hoc
1380 3821 1493 3884 tecum
1505 3813 1612 3907 digna

199 3929 423 4004 meditatione
439 3933 649 4026 pensaveris,
667 3955 891 4028 recognosces
900 3935 936 4006 in
950 3945 984 4006 te
994 3936 1110 4028 gravis
1126 3937 1227 4031 culpo
1241 3935 1434 4030 periculum
1451 3957 1516 4008 nec
1532 3948 1612 4007 ante

201 4055 307 4126 letitia
325 4055 483 4127 letabaris
499 4077 604 4149 quarn
622 4057 742 4130 feceris
764 4059 898 4154 aliquid
919 4081 980 4154 per
1002 4059 1098 4154 quod
1122 4059 1326 4131 satisfecisse
1348 4060 1418 4130 Deo
1441 4068 1476 4130 et
1499 4058 1610 4130 bomi-

199 4178 305 4251 nibus
325 4178 490 4252 videaris.
510 4180 757 4276 Expergiscere
778 4183 896 4276 igitur,
917 4184 1172 4280 expergiscere,
1198 4183 1412 4256 serenissime
1436 4183 1607 4279 princeps,

198 4313 235 4378 et
251 4302 298 4376 ad
311 4302 558 4377 vindicandam
582 4305 743 4397 injuriam
769 4307 890 4380 Christi
918 4318 953 4381 et
972 4310 1121 4381 nominis
1138 4307 1315 4380 christiani
1333 4308 1514 4402 accingere
1533 4309 1611 4381 totis

198 4429 335 4502 viribus
352 4429 539 4504 totocorde
542 4483 1604 4506 ...........................

250 4553 364 4646 [Plura
385 4553 483 4627 addit
503 4564 542 4627 ut
559 4557 634 4648 ejus
650 4557 804 4628 animum
820 4557 864 4630 ad
876 4559 1052 4656 suppetias
1071 4559 1315 4653 crucesignatis
1332 4558 1397 4630 illis
1416 4582 1521 4654 quam
1540 4561 1608 4656 pri·

197 4698 295 4748 mum
314 4676 472 4750 ferendas
494 4680 673 4752 accendat.
691 4682 777 4754 Tum
794 4683 898 4754 otiam
918 4694 1083 4757 memorat
1096 4686 1224 4760 litteras
1241 4706 1283 4758 ao
1300 4685 1503 4780 legationem
1523 4707 1611 4781 quas
