4296 5898
547 562 609 625 228
1050 559 1265 625 rolotslct
1290 561 1464 624 sncutlol
1773 563 1853 648 [lire
1873 564 1957 629 1221.

549 700 743 773 libertatem
759 697 828 795 (a),
848 707 1037 774 statuentm
1060 707 1096 772 et
1122 700 1323 774 anctoritate
1346 697 1516 796 presentis
1543 697 1717 794 privilegii
1743 699 1962 796 injungentes

549 823 693 896 firmite
705 823 879 899 universis
886 847 931 898 ne
941 824 1067 919 aliquis
1080 832 1305 898 memoratam
1318 823 1474 912 domnm,
1484 823 1842 897 dat-esetoonirelrss
1852 825 1962 920 ipsius

548 969 654 1046 snper
675 946 841 1045 predictis
856 949 1018 1022 omnibns
1035 947 1256 1043 aliquatenus
1271 947 1454 1022 molestos
1475 954 1660 1040 presumat.
1680 945 1783 1031 Quod
1802 950 1864 1044 qui
1883 969 1959 1045 pre·

548 1073 734 1169 sumpserit
747 1072 784 1146 in
797 1094 861 1146 sne
875 1073 1075 1147 temeritatis
1088 1071 1278 1146 vindictam
1296 1081 1436 1146 centnm
1452 1070 1560 1144 libras
1572 1070 1648 1144 euri
1663 1072 1742 1166 puri
1757 1084 1955 1169 componat,

549 1197 768 1273 medietatem
785 1219 921 1272 camme
940 1207 1056 1272 nostre
1073 1205 1109 1270 et
1125 1197 1267 1270 niteram
1285 1195 1505 1270 medietatem
1523 1196 1634 1290 possis
1649 1195 1811 1287 injnrinm
1828 1199 1960 1292 persol-

546 1322 708 1396 vendam.
726 1321 784 1397 Ad
796 1325 896 1416 cnjus
909 1323 959 1396 rei
972 1331 1100 1396 certem
1118 1320 1330 1396 evidentiam
1348 1329 1383 1394 et
1396 1329 1599 1416 perpetum
1612 1319 1808 1394 firmitatem
1818 1343 1959 1417 presens

545 1445 766 1542 privilegium
783 1468 846 1543 per
861 1467 986 1521 manns
1003 1445 1144 1522 loannis
1163 1445 1209 1520 de
1229 1447 1340 1520 [suro
1354 1445 1478 1520 notarii
1492 1454 1527 1520 et
1549 1443 1664 1519 tidelis
1681 1447 1789 1520 nostri
1807 1447 1911 1520 scribi
1924 1457 1959 1522 sl

545 1572 658 1667 sigillo
678 1572 865 1665 mejestatis
888 1581 1003 1648 nostre
1021 1571 1190 1665 jussimus
1210 1571 1435 1665 communiri,
1453 1591 1563 1663 enno,
1583 1591 1702 1645 mense
1718 1580 1754 1644 et
1773 1569 1957 1646 indictione

546 1695 762 1791 subscriptis.

595 1820 720 1894 Delum
743 1819 887 1912 Catone,
917 1841 1008 1894 enno
1035 1819 1209 1894 dominice
1237 1818 1482 1894 incarnationis
1512 1819 1695 1894 millesimo
1725 1820 1956 1895 dueenteeno

545 1944 712 2018 vicesimo
735 1945 868 2042 primo,
891 1965 1011 2018 mense
1035 1944 1247 2039 decembris,
1275 1943 1466 2020 indictione
1486 1944 1640 2037 decime,
1667 1946 1803 2041 imperii
1828 1945 1955 2020 domini

548 2069 655 2144 nostri
679 2067 850 2143 Frederici
868 2071 931 2144 Dei
949 2071 1060 2166 grstia
1082 2070 1298 2144 invictissimi
1317 2071 1547 2145 Romanorum
1569 2071 1805 2167 imperatorie,
1824 2092 1956 2166 semper

548 2194 687 2290 angusti
705 2203 741 2268 et
755 2195 847 2292 regis
862 2195 977 2269 Sicilie
997 2217 1091 2269 enno
1105 2194 1275 2284 mundo,
1292 2197 1390 2291 regni
1404 2217 1488 2272 vero
1503 2197 1620 2270 Sicilie
1631 2195 1800 2291 vigesimo
1815 2203 1950 2290 quarto,

544 2319 697 2394 feliciter.
721 2318 844 2394 Amen.

587 2521 630 2605 (a)
650 2524 730 2586 ilaec
742 2527 854 2588 scillcet
866 2525 909 2586 Dc
917 2523 1129 2588 abundantiori
1137 2543 1247 2610 quoqne
1256 2559 1296 2572 -
1304 2524 1650 2590 moccdiotwlibutalem
1658 2528 1696 2590 sb
1704 2527 1796 2590 allero
1804 2528 1953 2607 privilegio

546 2634 666 2693 omnino
683 2633 860 2712 discrepent.
