<?xml version="1.0" encoding="UTF-8"?>
<!DOCTYPE html PUBLIC "-//W3C//DTD XHTML 1.0 Transitional//EN"
    "http://www.w3.org/TR/xhtml1/DTD/xhtml1-transitional.dtd">
<html xmlns="http://www.w3.org/1999/xhtml" xml:lang="en" lang="en">
 <head>
  <title>
</title>
<meta http-equiv="Content-Type" content="text/html;charset=utf-8" />
  <meta name='ocr-system' content='tesseract 3.04.00' />
  <meta name='ocr-capabilities' content='ocr_page ocr_carea ocr_par ocr_line ocrx_word'/>
</head>
<body>
  <div class='ocr_page' id='page_1' title='image "./historiadiploma08fredgoog_0352.png"; bbox 0 0 4292 5894; ppageno 0'>
   <div class='ocr_carea' id='block_1_1' title="bbox 527 512 1930 596">
    <p class='ocr_par' dir='ltr' id='par_1_1' title="bbox 527 512 1930 596">
     <span class='ocr_line' id='line_1_1' title="bbox 527 512 1930 596; baseline -0.004 -16"><span class='ocrx_word' id='word_1_1' title='bbox 527 515 588 580; x_wconf 77' lang='lat' dir='ltr'><strong>auo</strong></span> <span class='ocrx_word' id='word_1_2' title='bbox 1027 515 1240 578; x_wconf 84' lang='lat' dir='ltr'><strong>rnrnunror</strong></span> <span class='ocrx_word' id='word_1_3' title='bbox 1265 515 1438 578; x_wconf 85' lang='lat' dir='ltr'><strong>succum</strong></span> <span class='ocrx_word' id='word_1_4' title='bbox 1748 512 1826 596; x_wconf 71' lang='lat' dir='ltr'><strong>[ma.</strong></span> <span class='ocrx_word' id='word_1_5' title='bbox 1845 513 1930 574; x_wconf 80' lang='lat' dir='ltr'><strong>resa</strong></span> 
     </span>
    </p>
   </div>
   <div class='ocr_carea' id='block_1_2' title="bbox 475 647 1947 4204">
    <p class='ocr_par' dir='ltr' id='par_1_2' title="bbox 475 647 1947 4204">
     <span class='ocr_line' id='line_1_2' title="bbox 528 647 1933 745; baseline -0.001 -23"><span class='ocrx_word' id='word_1_6' title='bbox 528 647 734 744; x_wconf 87' lang='lat' dir='ltr'><strong>quodcirca</strong></span> <span class='ocrx_word' id='word_1_7' title='bbox 756 649 1032 726; x_wconf 87' lang='lat' dir='ltr'><strong>commoditatem</strong></span> <span class='ocrx_word' id='word_1_8' title='bbox 1056 659 1092 724; x_wconf 91' lang='lat' dir='ltr'><strong>et</strong></span> <span class='ocrx_word' id='word_1_9' title='bbox 1113 651 1321 724; x_wconf 87' lang='lat' dir='ltr'><strong>incrementa</strong></span> <span class='ocrx_word' id='word_1_10' title='bbox 1339 651 1464 723; x_wconf 89' lang='lat' dir='ltr'><strong>domus</strong></span> <span class='ocrx_word' id='word_1_11' title='bbox 1487 647 1664 745; x_wconf 85' lang='lat' dir='ltr'><strong>hospitalis</strong></span> <span class='ocrx_word' id='word_1_12' title='bbox 1684 649 1807 722; x_wconf 70' lang='lat' dir='ltr'><strong>Saudo</strong></span> <span class='ocrx_word' id='word_1_13' title='bbox 1828 649 1933 722; x_wconf 88' lang='lat' dir='ltr'><strong>llario</strong></span> 
     </span>
     <span class='ocr_line' id='line_1_3' title="bbox 529 772 1935 871; baseline -0.003 -25"><span class='ocrx_word' id='word_1_14' title='bbox 529 773 820 848; x_wconf 85' lang='lat' dir='ltr'><strong>Tbeutonioorum</strong></span> <span class='ocrx_word' id='word_1_15' title='bbox 842 775 880 846; x_wconf 93' lang='lat' dir='ltr'><strong>iu</strong></span> <span class='ocrx_word' id='word_1_16' title='bbox 906 776 1096 850; x_wconf 86' lang='lat' dir='ltr'><strong>Jerusalem</strong></span> <span class='ocrx_word' id='word_1_17' title='bbox 1117 784 1188 849; x_wconf 87' lang='lat' dir='ltr'><strong>tum</strong></span> <span class='ocrx_word' id='word_1_18' title='bbox 1212 785 1354 871; x_wconf 90' lang='lat' dir='ltr'><strong>paterne</strong></span> <span class='ocrx_word' id='word_1_19' title='bbox 1376 773 1572 848; x_wconf 89' lang='lat' dir='ltr'><strong>devotionis</strong></span> <span class='ocrx_word' id='word_1_20' title='bbox 1593 783 1674 846; x_wconf 88' lang='lat' dir='ltr'><strong>vota</strong></span> <span class='ocrx_word' id='word_1_21' title='bbox 1698 772 1935 869; x_wconf 84' lang='lat' dir='ltr'><strong>prosequimur</strong></span> 
     </span>
     <span class='ocr_line' id='line_1_4' title="bbox 529 897 1936 996; baseline -0.004 -25"><span class='ocrx_word' id='word_1_22' title='bbox 529 919 636 991; x_wconf 87' lang='lat' dir='ltr'><strong>quum</strong></span> <span class='ocrx_word' id='word_1_23' title='bbox 653 907 689 971; x_wconf 92' lang='lat' dir='ltr'><strong>et</strong></span> <span class='ocrx_word' id='word_1_24' title='bbox 703 897 902 972; x_wconf 88' lang='lat' dir='ltr'><strong>intentionis</strong></span> <span class='ocrx_word' id='word_1_25' title='bbox 923 907 1035 974; x_wconf 81' lang='lat' dir='ltr'><strong>nosue</strong></span> <span class='ocrx_word' id='word_1_26' title='bbox 1053 900 1267 996; x_wconf 88' lang='lat' dir='ltr'><strong>propositum</strong></span> <span class='ocrx_word' id='word_1_27' title='bbox 1286 899 1494 994; x_wconf 78' lang='lat' dir='ltr'>exponimus</span> <span class='ocrx_word' id='word_1_28' title='bbox 1516 897 1729 992; x_wconf 78' lang='lat' dir='ltr'><strong>diligentius.</strong></span> <span class='ocrx_word' id='word_1_29' title='bbox 1744 897 1936 970; x_wconf 79' lang='lat' dir='ltr'><strong>liecolimus</strong></span> 
     </span>
     <span class='ocr_line' id='line_1_5' title="bbox 531 1019 1936 1115; baseline 0.001 -25"><span class='ocrx_word' id='word_1_30' title='bbox 531 1020 637 1114; x_wconf 81' lang='lat' dir='ltr'><strong>igitur</strong></span> <span class='ocrx_word' id='word_1_31' title='bbox 658 1021 804 1115; x_wconf 82' lang='lat' dir='ltr'><strong>qualiter</strong></span> <span class='ocrx_word' id='word_1_32' title='bbox 826 1022 908 1095; x_wconf 93' lang='lat' dir='ltr'><strong>olim</strong></span> <span class='ocrx_word' id='word_1_33' title='bbox 935 1024 1087 1096; x_wconf 80' lang='lat' dir='ltr'><strong>Romana</strong></span> <span class='ocrx_word' id='word_1_34' title='bbox 1109 1031 1219 1096; x_wconf 82' lang='lat' dir='ltr'><strong>mater</strong></span> <span class='ocrx_word' id='word_1_35' title='bbox 1238 1024 1383 1097; x_wconf 66' lang='lat' dir='ltr'><strong>missia</strong></span> <span class='ocrx_word' id='word_1_36' title='bbox 1405 1023 1494 1096; x_wconf 91' lang='lat' dir='ltr'><strong>inter</strong></span> <span class='ocrx_word' id='word_1_37' title='bbox 1512 1023 1581 1095; x_wconf 88' lang='lat' dir='ltr'><strong>ulia</strong></span> <span class='ocrx_word' id='word_1_38' title='bbox 1602 1019 1768 1094; x_wconf 84' lang='lat' dir='ltr'><strong>beneficia</strong></span> <span class='ocrx_word' id='word_1_39' title='bbox 1790 1042 1861 1114; x_wconf 89' lang='lat' dir='ltr'><strong>que</strong></span> <span class='ocrx_word' id='word_1_40' title='bbox 1877 1019 1936 1092; x_wconf 89' lang='lat' dir='ltr'><strong>die</strong></span> 
     </span>
     <span class='ocr_line' id='line_1_6' title="bbox 530 1143 1938 1240; baseline -0.002 -22"><span class='ocrx_word' id='word_1_41' title='bbox 530 1145 796 1218; x_wconf 89' lang='lat' dir='ltr'><strong>consecrationis</strong></span> <span class='ocrx_word' id='word_1_42' title='bbox 818 1155 852 1218; x_wconf 89' lang='lat' dir='ltr'><strong>et</strong></span> <span class='ocrx_word' id='word_1_43' title='bbox 873 1146 1102 1221; x_wconf 72' lang='lat' dir='ltr'>coronationis</span> <span class='ocrx_word' id='word_1_44' title='bbox 1123 1156 1236 1220; x_wconf 88' lang='lat' dir='ltr'><strong>nostre</strong></span> <span class='ocrx_word' id='word_1_45' title='bbox 1253 1146 1373 1220; x_wconf 87' lang='lat' dir='ltr'><strong>domui</strong></span> <span class='ocrx_word' id='word_1_46' title='bbox 1394 1143 1547 1240; x_wconf 88' lang='lat' dir='ltr'><strong>prodicta</strong></span> <span class='ocrx_word' id='word_1_47' title='bbox 1568 1144 1727 1236; x_wconf 86' lang='lat' dir='ltr'><strong>contulit,</strong></span> <span class='ocrx_word' id='word_1_48' title='bbox 1755 1143 1938 1237; x_wconf 77' lang='lat' dir='ltr'><strong>dignanter</strong></span> 
     </span>
     <span class='ocr_line' id='line_1_7' title="bbox 531 1266 1935 1363; baseline -0.001 -24"><span class='ocrx_word' id='word_1_49' title='bbox 531 1266 579 1341; x_wconf 89' lang='lat' dir='ltr'><strong>ad</strong></span> <span class='ocrx_word' id='word_1_50' title='bbox 593 1288 711 1363; x_wconf 89' lang='lat' dir='ltr'><strong>preces</strong></span> <span class='ocrx_word' id='word_1_51' title='bbox 730 1277 863 1341; x_wconf 89' lang='lat' dir='ltr'><strong>nostrus</strong></span> <span class='ocrx_word' id='word_1_52' title='bbox 884 1270 916 1342; x_wconf 91' lang='lat' dir='ltr'><strong>ei</strong></span> <span class='ocrx_word' id='word_1_53' title='bbox 937 1268 1107 1342; x_wconf 88' lang='lat' dir='ltr'><strong>concessit</strong></span> <span class='ocrx_word' id='word_1_54' title='bbox 1121 1278 1161 1340; x_wconf 90' lang='lat' dir='ltr'><strong>ot</strong></span> <span class='ocrx_word' id='word_1_55' title='bbox 1181 1270 1217 1342; x_wconf 93' lang='lat' dir='ltr'><strong>in</strong></span> <span class='ocrx_word' id='word_1_56' title='bbox 1241 1269 1408 1360; x_wconf 91' lang='lat' dir='ltr'><strong>ecclesiis,</strong></span> <span class='ocrx_word' id='word_1_57' title='bbox 1427 1277 1494 1343; x_wconf 90' lang='lat' dir='ltr'><strong>etc.</strong></span> <span class='ocrx_word' id='word_1_58' title='bbox 1516 1269 1686 1362; x_wconf 78' lang='lat' dir='ltr'><strong>[Sequitur</strong></span> <span class='ocrx_word' id='word_1_59' title='bbox 1699 1277 1737 1339; x_wconf 86' lang='lat' dir='ltr'><strong>ut</strong></span> <span class='ocrx_word' id='word_1_60' title='bbox 1752 1269 1792 1338; x_wconf 80' lang='lat' dir='ltr'><strong>in</strong></span> <span class='ocrx_word' id='word_1_61' title='bbox 1802 1287 1935 1361; x_wconf 79' lang='lat' dir='ltr'><strong>procce-</strong></span> 
     </span>
     <span class='ocr_line' id='line_1_8' title="bbox 533 1389 1936 1487; baseline -0.001 -26"><span class='ocrx_word' id='word_1_62' title='bbox 533 1389 627 1462; x_wconf 84' lang='lat' dir='ltr'><strong>dcotc</strong></span> <span class='ocrx_word' id='word_1_63' title='bbox 641 1392 839 1486; x_wconf 79' lang='lat' dir='ltr'><strong>privilcpio,</strong></span> <span class='ocrx_word' id='word_1_64' title='bbox 854 1395 976 1486; x_wconf 81' lang='lat' dir='ltr'><strong>paucis</strong></span> <span class='ocrx_word' id='word_1_65' title='bbox 994 1416 1077 1487; x_wconf 81' lang='lat' dir='ltr'><strong>pauc</strong></span> <span class='ocrx_word' id='word_1_66' title='bbox 1099 1404 1210 1466; x_wconf 82' lang='lat' dir='ltr'><strong>tumeo</strong></span> <span class='ocrx_word' id='word_1_67' title='bbox 1230 1395 1417 1466; x_wconf 81' lang='lat' dir='ltr'><strong>notavimus</strong></span> <span class='ocrx_word' id='word_1_68' title='bbox 1437 1394 1593 1478; x_wconf 80' lang='lat' dir='ltr'><strong>mutatis,</strong></span> <span class='ocrx_word' id='word_1_69' title='bbox 1611 1415 1712 1486; x_wconf 75' lang='lat' dir='ltr'><strong>urpoe</strong></span> <span class='ocrx_word' id='word_1_70' title='bbox 1733 1391 1780 1463; x_wconf 89' lang='lat' dir='ltr'><strong>od</strong></span> <span class='ocrx_word' id='word_1_71' title='bbox 1792 1396 1831 1481; x_wconf 77' lang='grc' dir='ltr'><strong>ε]</strong></span> <span class='ocrx_word' id='word_1_72' title='bbox 1850 1391 1936 1462; x_wconf 89' lang='lat' dir='ltr'><strong>sicut</strong></span> 
     </span>
     <span class='ocr_line' id='line_1_9' title="bbox 532 1513 1936 1611; baseline 0.001 -26"><span class='ocrx_word' id='word_1_73' title='bbox 532 1515 721 1608; x_wconf 72' lang='lat' dir='ltr'><strong>prelcgitur</strong></span> <span class='ocrx_word' id='word_1_74' title='bbox 740 1514 942 1611; x_wconf 87' lang='lat' dir='ltr'><strong>deputatos,</strong></span> <span class='ocrx_word' id='word_1_75' title='bbox 963 1538 1019 1592; x_wconf 86' lang='lat' dir='ltr'><strong>res</strong></span> <span class='ocrx_word' id='word_1_76' title='bbox 1034 1527 1068 1590; x_wconf 89' lang='lat' dir='ltr'><strong>et</strong></span> <span class='ocrx_word' id='word_1_77' title='bbox 1084 1518 1177 1592; x_wconf 87' lang='lat' dir='ltr'><strong>bonu</strong></span> <span class='ocrx_word' id='word_1_78' title='bbox 1193 1517 1423 1592; x_wconf 85' lang='lat' dir='ltr'><strong>ecclesiastica</strong></span> <span class='ocrx_word' id='word_1_79' title='bbox 1443 1515 1588 1590; x_wconf 82' lang='lat' dir='ltr'><strong>fideliter</strong></span> <span class='ocrx_word' id='word_1_80' title='bbox 1612 1517 1747 1588; x_wconf 89' lang='lat' dir='ltr'><strong>interim</strong></span> <span class='ocrx_word' id='word_1_81' title='bbox 1769 1523 1806 1588; x_wconf 87' lang='lat' dir='ltr'><strong>et</strong></span> <span class='ocrx_word' id='word_1_82' title='bbox 1825 1513 1936 1587; x_wconf 88' lang='lat' dir='ltr'><strong>efficu-</strong></span> 
     </span>
     <span class='ocr_line' id='line_1_10' title="bbox 534 1636 1937 1735; baseline 0.001 -27"><span class='ocrx_word' id='word_1_83' title='bbox 534 1636 619 1708; x_wconf 90' lang='lat' dir='ltr'><strong>citer</strong></span> <span class='ocrx_word' id='word_1_84' title='bbox 633 1647 874 1731; x_wconf 62' lang='lat' dir='ltr'><strong>procurantem</strong></span> <span class='ocrx_word' id='word_1_85' title='bbox 898 1660 968 1713; x_wconf 94' lang='lat' dir='ltr'><strong>non</strong></span> <span class='ocrx_word' id='word_1_86' title='bbox 986 1640 1225 1735; x_wconf 84' lang='lat' dir='ltr'><strong>prejudicante</strong></span> <span class='ocrx_word' id='word_1_87' title='bbox 1239 1640 1354 1714; x_wconf 89' lang='lat' dir='ltr'><strong>sibisi</strong></span> <span class='ocrx_word' id='word_1_88' title='bbox 1376 1641 1457 1735; x_wconf 91' lang='lat' dir='ltr'><strong>quis</strong></span> <span class='ocrx_word' id='word_1_89' title='bbox 1473 1641 1510 1712; x_wconf 93' lang='lat' dir='ltr'><strong>in</strong></span> <span class='ocrx_word' id='word_1_90' title='bbox 1531 1639 1653 1715; x_wconf 88' lang='lat' dir='ltr'><strong>eadem</strong></span> <span class='ocrx_word' id='word_1_91' title='bbox 1676 1639 1820 1714; x_wconf 86' lang='lat' dir='ltr'><strong>ecclesia</strong></span> <span class='ocrx_word' id='word_1_92' title='bbox 1838 1639 1937 1730; x_wconf 84' lang='lat' dir='ltr'><strong>juxta</strong></span> 
     </span>
     <span class='ocr_line' id='line_1_11' title="bbox 536 1760 1939 1860; baseline -0.001 -28"><span class='ocrx_word' id='word_1_93' title='bbox 536 1781 666 1833; x_wconf 90' lang='lat' dir='ltr'><strong>morem</strong></span> <span class='ocrx_word' id='word_1_94' title='bbox 684 1760 772 1834; x_wconf 84' lang='lat' dir='ltr'><strong>infru</strong></span> <span class='ocrx_word' id='word_1_95' title='bbox 789 1783 920 1834; x_wconf 85' lang='lat' dir='ltr'><strong>anunm</strong></span> <span class='ocrx_word' id='word_1_96' title='bbox 934 1763 1037 1836; x_wconf 85' lang='lat' dir='ltr'><strong>inerit</strong></span> <span class='ocrx_word' id='word_1_97' title='bbox 1050 1763 1346 1860; x_wconf 70' lang='lat' dir='ltr'><strong>institutus„quiu</strong></span> <span class='ocrx_word' id='word_1_98' title='bbox 1361 1771 1548 1859; x_wconf 90' lang='lat' dir='ltr'><strong>proventus</strong></span> <span class='ocrx_word' id='word_1_99' title='bbox 1560 1774 1596 1837; x_wconf 90' lang='lat' dir='ltr'><strong>et</strong></span> <span class='ocrx_word' id='word_1_100' title='bbox 1609 1765 1810 1836; x_wconf 76' lang='lat' dir='ltr'><strong>usufructus</strong></span> <span class='ocrx_word' id='word_1_101' title='bbox 1825 1760 1939 1857; x_wconf 88' lang='lat' dir='ltr'><strong>porci-</strong></span> 
     </span>
     <span class='ocr_line' id='line_1_12' title="bbox 537 1885 1939 1983; baseline 0.001 -28"><span class='ocrx_word' id='word_1_102' title='bbox 537 1885 649 1979; x_wconf 86' lang='lat' dir='ltr'><strong>piant,</strong></span> <span class='ocrx_word' id='word_1_103' title='bbox 665 1885 756 1957; x_wconf 89' lang='lat' dir='ltr'><strong>sicut</strong></span> <span class='ocrx_word' id='word_1_104' title='bbox 769 1886 928 1982; x_wconf 86' lang='lat' dir='ltr'><strong>superius</strong></span> <span class='ocrx_word' id='word_1_105' title='bbox 942 1895 993 1960; x_wconf 89' lang='lat' dir='ltr'><strong>est</strong></span> <span class='ocrx_word' id='word_1_106' title='bbox 1011 1907 1227 1982; x_wconf 63' lang='lat' dir='ltr'><strong>exprmum.</strong></span> <span class='ocrx_word' id='word_1_107' title='bbox 1247 1886 1327 1962; x_wconf 91' lang='lat' dir='ltr'><strong>Post</strong></span> <span class='ocrx_word' id='word_1_108' title='bbox 1341 1888 1549 1983; x_wconf 89' lang='lat' dir='ltr'><strong>completum</strong></span> <span class='ocrx_word' id='word_1_109' title='bbox 1562 1908 1647 1962; x_wconf 88' lang='lat' dir='ltr'><strong>vero</strong></span> <span class='ocrx_word' id='word_1_110' title='bbox 1661 1909 1804 1977; x_wconf 90' lang='lat' dir='ltr'><strong>annum,</strong></span> <span class='ocrx_word' id='word_1_111' title='bbox 1819 1905 1939 1980; x_wconf 86' lang='lat' dir='ltr'><strong>procu·</strong></span> 
     </span>
     <span class='ocr_line' id='line_1_13' title="bbox 537 2009 1940 2107; baseline 0 -29"><span class='ocrx_word' id='word_1_112' title='bbox 537 2009 702 2082; x_wconf 88' lang='lat' dir='ltr'><strong>rationem</strong></span> <span class='ocrx_word' id='word_1_113' title='bbox 721 2017 756 2082; x_wconf 90' lang='lat' dir='ltr'><strong>et</strong></span> <span class='ocrx_word' id='word_1_114' title='bbox 773 2010 1027 2105; x_wconf 87' lang='lat' dir='ltr'><strong>perceptionem</strong></span> <span class='ocrx_word' id='word_1_115' title='bbox 1052 2020 1280 2107; x_wconf 69' lang='lat' dir='ltr'><strong>proventuum</strong></span> <span class='ocrx_word' id='word_1_116' title='bbox 1298 2020 1334 2084; x_wconf 90' lang='lat' dir='ltr'><strong>et</strong></span> <span class='ocrx_word' id='word_1_117' title='bbox 1355 2013 1599 2084; x_wconf 85' lang='lat' dir='ltr'><strong>mutructuum</strong></span> <span class='ocrx_word' id='word_1_118' title='bbox 1614 2009 1836 2084; x_wconf 83' lang='lat' dir='ltr'><strong>ecclesiarum</strong></span> <span class='ocrx_word' id='word_1_119' title='bbox 1851 2009 1940 2103; x_wconf 88' lang='lat' dir='ltr'><strong>ipsa·</strong></span> 
     </span>
     <span class='ocr_line' id='line_1_14' title="bbox 537 2130 1939 2229; baseline 0 -27"><span class='ocrx_word' id='word_1_120' title='bbox 537 2153 632 2222; x_wconf 92' lang='lat' dir='ltr'><strong>rum,</strong></span> <span class='ocrx_word' id='word_1_121' title='bbox 656 2131 832 2226; x_wconf 89' lang='lat' dir='ltr'><strong>sequentis</strong></span> <span class='ocrx_word' id='word_1_122' title='bbox 855 2133 984 2206; x_wconf 89' lang='lat' dir='ltr'><strong>scilicet</strong></span> <span class='ocrx_word' id='word_1_123' title='bbox 1006 2134 1186 2229; x_wconf 85' lang='lat' dir='ltr'><strong>temporis,</strong></span> <span class='ocrx_word' id='word_1_124' title='bbox 1204 2134 1365 2206; x_wconf 90' lang='lat' dir='ltr'><strong>munibus</strong></span> <span class='ocrx_word' id='word_1_125' title='bbox 1381 2141 1417 2206; x_wconf 92' lang='lat' dir='ltr'><strong>et</strong></span> <span class='ocrx_word' id='word_1_126' title='bbox 1440 2133 1597 2206; x_wconf 84' lang='lat' dir='ltr'><strong>custodie</strong></span> <span class='ocrx_word' id='word_1_127' title='bbox 1622 2130 1715 2204; x_wconf 92' lang='lat' dir='ltr'><strong>illius</strong></span> <span class='ocrx_word' id='word_1_128' title='bbox 1731 2131 1787 2204; x_wconf 90' lang='lat' dir='ltr'><strong>vel</strong></span> <span class='ocrx_word' id='word_1_129' title='bbox 1807 2131 1939 2204; x_wconf 91' lang='lat' dir='ltr'><strong>illorum</strong></span> 
     </span>
     <span class='ocr_line' id='line_1_15' title="bbox 536 2255 1943 2352; baseline -0.001 -26"><span class='ocrx_word' id='word_1_130' title='bbox 536 2255 650 2351; x_wconf 92' lang='lat' dir='ltr'><strong>quiin</strong></span> <span class='ocrx_word' id='word_1_131' title='bbox 669 2256 720 2328; x_wconf 87' lang='lat' dir='ltr'><strong>eis</strong></span> <span class='ocrx_word' id='word_1_132' title='bbox 739 2255 804 2330; x_wconf 90' lang='lat' dir='ltr'><strong>rite</strong></span> <span class='ocrx_word' id='word_1_133' title='bbox 827 2257 952 2330; x_wconf 71' lang='lat' dir='ltr'><strong>ineunt</strong></span> <span class='ocrx_word' id='word_1_134' title='bbox 971 2257 1146 2330; x_wconf 87' lang='lat' dir='ltr'><strong>constituti</strong></span> <span class='ocrx_word' id='word_1_135' title='bbox 1170 2257 1321 2332; x_wconf 85' lang='lat' dir='ltr'><strong>debeant</strong></span> <span class='ocrx_word' id='word_1_136' title='bbox 1337 2258 1529 2352; x_wconf 77' lang='lat' dir='ltr'><strong>resignare,</strong></span> <span class='ocrx_word' id='word_1_137' title='bbox 1552 2277 1618 2332; x_wconf 87' lang='lat' dir='ltr'><strong>uec</strong></span> <span class='ocrx_word' id='word_1_138' title='bbox 1638 2279 1677 2330; x_wconf 92' lang='lat' dir='ltr'><strong>se</strong></span> <span class='ocrx_word' id='word_1_139' title='bbox 1696 2257 1778 2332; x_wconf 92' lang='lat' dir='ltr'><strong>inde</strong></span> <span class='ocrx_word' id='word_1_140' title='bbox 1800 2255 1943 2327; x_wconf 72' lang='lat' dir='ltr'><strong>nltuius</strong></span> 
     </span>
     <span class='ocr_line' id='line_1_16' title="bbox 537 2378 1943 2478; baseline -0.002 -27"><span class='ocrx_word' id='word_1_141' title='bbox 537 2379 764 2453; x_wconf 86' lang='lat' dir='ltr'><strong>intmmittant</strong></span> <span class='ocrx_word' id='word_1_142' title='bbox 779 2378 845 2450; x_wconf 90' lang='lat' dir='ltr'><strong>nisi</strong></span> <span class='ocrx_word' id='word_1_143' title='bbox 864 2381 1043 2456; x_wconf 84' lang='lat' dir='ltr'><strong>ecclesiam</strong></span> <span class='ocrx_word' id='word_1_144' title='bbox 1056 2402 1182 2455; x_wconf 84' lang='lat' dir='ltr'><strong>vacam</strong></span> <span class='ocrx_word' id='word_1_145' title='bbox 1196 2383 1390 2478; x_wconf 76' lang='lat' dir='ltr'><strong>contigerit,</strong></span> <span class='ocrx_word' id='word_1_146' title='bbox 1406 2391 1466 2455; x_wconf 89' lang='lat' dir='ltr'><strong>aut</strong></span> <span class='ocrx_word' id='word_1_147' title='bbox 1475 2381 1749 2476; x_wconf 81' lang='lat' dir='ltr'><strong>jurisdictionum</strong></span> <span class='ocrx_word' id='word_1_148' title='bbox 1760 2387 1943 2454; x_wconf 85' lang='lat' dir='ltr'><strong>exerceant</strong></span> 
     </span>
     <span class='ocr_line' id='line_1_17' title="bbox 537 2503 1945 2600; baseline -0.002 -22"><span class='ocrx_word' id='word_1_149' title='bbox 537 2503 773 2594; x_wconf 86' lang='lat' dir='ltr'><strong>constitutam,</strong></span> <span class='ocrx_word' id='word_1_150' title='bbox 795 2525 900 2598; x_wconf 89' lang='lat' dir='ltr'><strong>quum</strong></span> <span class='ocrx_word' id='word_1_151' title='bbox 920 2505 1071 2577; x_wconf 91' lang='lat' dir='ltr'><strong>nonnisi</strong></span> <span class='ocrx_word' id='word_1_152' title='bbox 1087 2526 1158 2579; x_wconf 93' lang='lat' dir='ltr'><strong>uno</strong></span> <span class='ocrx_word' id='word_1_153' title='bbox 1175 2527 1279 2597; x_wconf 92' lang='lat' dir='ltr'><strong>auno,</strong></span> <span class='ocrx_word' id='word_1_154' title='bbox 1295 2507 1455 2600; x_wconf 87' lang='lat' dir='ltr'><strong>quotiens</strong></span> <span class='ocrx_word' id='word_1_155' title='bbox 1468 2507 1584 2599; x_wconf 87' lang='lat' dir='ltr'><strong>aliqua</strong></span> <span class='ocrx_word' id='word_1_156' title='bbox 1597 2505 1654 2578; x_wconf 91' lang='lat' dir='ltr'><strong>vel</strong></span> <span class='ocrx_word' id='word_1_157' title='bbox 1671 2505 1786 2598; x_wconf 87' lang='lat' dir='ltr'><strong>alique</strong></span> <span class='ocrx_word' id='word_1_158' title='bbox 1802 2503 1945 2576; x_wconf 83' lang='lat' dir='ltr'><strong>ecclesie</strong></span> 
     </span>
     <span class='ocr_line' id='line_1_18' title="bbox 538 2627 1945 2724; baseline 0.001 -26"><span class='ocrx_word' id='word_1_159' title='bbox 538 2627 749 2717; x_wconf 88' lang='lat' dir='ltr'><strong>vacaverint,</strong></span> <span class='ocrx_word' id='word_1_160' title='bbox 769 2628 805 2698; x_wconf 93' lang='lat' dir='ltr'><strong>iu</strong></span> <span class='ocrx_word' id='word_1_161' title='bbox 832 2627 1064 2724; x_wconf 79' lang='lat' dir='ltr'><strong>percipiendis</strong></span> <span class='ocrx_word' id='word_1_162' title='bbox 1078 2630 1304 2724; x_wconf 87' lang='lat' dir='ltr'><strong>proventibus</strong></span> <span class='ocrx_word' id='word_1_163' title='bbox 1322 2639 1357 2702; x_wconf 92' lang='lat' dir='ltr'><strong>et</strong></span> <span class='ocrx_word' id='word_1_164' title='bbox 1373 2629 1610 2702; x_wconf 79' lang='lat' dir='ltr'><strong>usufructibus</strong></span> <span class='ocrx_word' id='word_1_165' title='bbox 1632 2627 1786 2702; x_wconf 88' lang='lat' dir='ltr'><strong>vacantis</strong></span> <span class='ocrx_word' id='word_1_166' title='bbox 1802 2627 1945 2700; x_wconf 89' lang='lat' dir='ltr'><strong>ecclesie</strong></span> 
     </span>
     <span class='ocr_line' id='line_1_19' title="bbox 538 2749 1944 2849; baseline -0.001 -27"><span class='ocrx_word' id='word_1_167' title='bbox 538 2749 756 2824; x_wconf 88' lang='lat' dir='ltr'><strong>decernimus</strong></span> <span class='ocrx_word' id='word_1_168' title='bbox 778 2752 979 2843; x_wconf 90' lang='lat' dir='ltr'><strong>valituram,</strong></span> <span class='ocrx_word' id='word_1_169' title='bbox 1006 2754 1096 2826; x_wconf 91' lang='lat' dir='ltr'><strong>sicut</strong></span> <span class='ocrx_word' id='word_1_170' title='bbox 1113 2753 1148 2826; x_wconf 93' lang='lat' dir='ltr'><strong>io</strong></span> <span class='ocrx_word' id='word_1_171' title='bbox 1168 2753 1351 2849; x_wconf 77' lang='lat' dir='ltr'><strong>privilegio</strong></span> <span class='ocrx_word' id='word_1_172' title='bbox 1370 2763 1487 2827; x_wconf 88' lang='lat' dir='ltr'><strong>nostro</strong></span> <span class='ocrx_word' id='word_1_173' title='bbox 1506 2753 1636 2826; x_wconf 87' lang='lat' dir='ltr'><strong>exinde</strong></span> <span class='ocrx_word' id='word_1_174' title='bbox 1654 2751 1807 2848; x_wconf 86' lang='lat' dir='ltr'><strong>predicte</strong></span> <span class='ocrx_word' id='word_1_175' title='bbox 1826 2750 1944 2824; x_wconf 93' lang='lat' dir='ltr'><strong>domui</strong></span> 
     </span>
     <span class='ocr_line' id='line_1_20' title="bbox 475 2873 1946 2969; baseline 0.001 -24"><span class='ocrx_word' id='word_1_176' title='bbox 475 2877 477 2882; x_wconf 85' lang='lat'>&#39;</span> <span class='ocrx_word' id='word_1_177' title='bbox 540 2874 674 2946; x_wconf 93' lang='lat' dir='ltr'><strong>indulto</strong></span> <span class='ocrx_word' id='word_1_178' title='bbox 691 2874 828 2969; x_wconf 93' lang='lat' dir='ltr'><strong>plenius</strong></span> <span class='ocrx_word' id='word_1_179' title='bbox 845 2884 880 2946; x_wconf 93' lang='lat' dir='ltr'><strong>et</strong></span> <span class='ocrx_word' id='word_1_180' title='bbox 898 2875 1059 2949; x_wconf 83' lang='lat' dir='ltr'><strong>diffusius</strong></span> <span class='ocrx_word' id='word_1_181' title='bbox 1080 2877 1285 2949; x_wconf 89' lang='lat' dir='ltr'><strong>continetur.</strong></span> <span class='ocrx_word' id='word_1_182' title='bbox 1305 2877 1421 2962; x_wconf 80' lang='lat' dir='ltr'><strong>Quare</strong></span> <span class='ocrx_word' id='word_1_183' title='bbox 1440 2875 1654 2950; x_wconf 79' lang='lat' dir='ltr'><strong>universitati</strong></span> <span class='ocrx_word' id='word_1_184' title='bbox 1675 2885 1790 2948; x_wconf 82' lang='lat' dir='ltr'><strong>vestre</strong></span> <span class='ocrx_word' id='word_1_185' title='bbox 1807 2873 1946 2946; x_wconf 86' lang='lat' dir='ltr'><strong>firmiter</strong></span> 
     </span>
     <span class='ocr_line' id='line_1_21' title="bbox 542 2997 1946 3096; baseline 0.001 -28"><span class='ocrx_word' id='word_1_186' title='bbox 542 2997 753 3092; x_wconf 86' lang='lat' dir='ltr'><strong>precipimus</strong></span> <span class='ocrx_word' id='word_1_187' title='bbox 771 3005 806 3070; x_wconf 89' lang='lat' dir='ltr'><strong>et</strong></span> <span class='ocrx_word' id='word_1_188' title='bbox 828 2997 1036 3072; x_wconf 89' lang='lat' dir='ltr'><strong>mandamus</strong></span> <span class='ocrx_word' id='word_1_189' title='bbox 1054 2999 1121 3072; x_wconf 93' lang='lat' dir='ltr'><strong>snb</strong></span> <span class='ocrx_word' id='word_1_190' title='bbox 1144 2999 1286 3072; x_wconf 92' lang='lat' dir='ltr'><strong>obtentu</strong></span> <span class='ocrx_word' id='word_1_191' title='bbox 1315 3021 1405 3096; x_wconf 89' lang='lat' dir='ltr'><strong>pene</strong></span> <span class='ocrx_word' id='word_1_192' title='bbox 1426 3021 1495 3096; x_wconf 89' lang='lat' dir='ltr'><strong>que</strong></span> <span class='ocrx_word' id='word_1_193' title='bbox 1516 3001 1553 3072; x_wconf 91' lang='lat' dir='ltr'><strong>in</strong></span> <span class='ocrx_word' id='word_1_194' title='bbox 1576 2999 1748 3073; x_wconf 80' lang='lat' dir='ltr'><strong>autemico</strong></span> <span class='ocrx_word' id='word_1_195' title='bbox 1767 2999 1946 3094; x_wconf 78' lang='lat' dir='ltr'><strong>privilegio</strong></span> 
     </span>
     <span class='ocr_line' id='line_1_22' title="bbox 542 3119 1945 3218; baseline -0.001 -25"><span class='ocrx_word' id='word_1_196' title='bbox 542 3119 755 3206; x_wconf 84' lang='lat' dir='ltr'><strong>continetur,</strong></span> <span class='ocrx_word' id='word_1_197' title='bbox 784 3121 955 3194; x_wconf 87' lang='lat' dir='ltr'><strong>universis</strong></span> <span class='ocrx_word' id='word_1_198' title='bbox 979 3131 1014 3195; x_wconf 87' lang='lat' dir='ltr'><strong>et</strong></span> <span class='ocrx_word' id='word_1_199' title='bbox 1036 3121 1183 3216; x_wconf 76' lang='lat' dir='ltr'><strong>singulis</strong></span> <span class='ocrx_word' id='word_1_200' title='bbox 1208 3121 1396 3196; x_wconf 88' lang='lat' dir='ltr'><strong>districtius</strong></span> <span class='ocrx_word' id='word_1_201' title='bbox 1419 3122 1614 3196; x_wconf 87' lang='lat' dir='ltr'><strong>inhibentes</strong></span> <span class='ocrx_word' id='word_1_202' title='bbox 1637 3135 1810 3218; x_wconf 89' lang='lat' dir='ltr'><strong>quatenus</strong></span> <span class='ocrx_word' id='word_1_203' title='bbox 1832 3123 1945 3193; x_wconf 90' lang='lat' dir='ltr'><strong>nullus</strong></span> 
     </span>
     <span class='ocr_line' id='line_1_23' title="bbox 543 3242 1945 3343; baseline -0.002 -27"><span class='ocrx_word' id='word_1_204' title='bbox 543 3250 697 3316; x_wconf 89' lang='lat' dir='ltr'><strong>vestrum</strong></span> <span class='ocrx_word' id='word_1_205' title='bbox 724 3242 877 3338; x_wconf 86' lang='lat' dir='ltr'><strong>predicte</strong></span> <span class='ocrx_word' id='word_1_206' title='bbox 908 3244 1027 3318; x_wconf 93' lang='lat' dir='ltr'><strong>domui</strong></span> <span class='ocrx_word' id='word_1_207' title='bbox 1053 3252 1087 3318; x_wconf 89' lang='lat' dir='ltr'><strong>et</strong></span> <span class='ocrx_word' id='word_1_208' title='bbox 1110 3245 1273 3320; x_wconf 81' lang='lat' dir='ltr'><strong>imtribus</strong></span> <span class='ocrx_word' id='word_1_209' title='bbox 1298 3256 1416 3319; x_wconf 89' lang='lat' dir='ltr'><strong>contra</strong></span> <span class='ocrx_word' id='word_1_210' title='bbox 1442 3247 1610 3343; x_wconf 68' lang='lat' dir='ltr'><strong>promittis</strong></span> <span class='ocrx_word' id='word_1_211' title='bbox 1637 3244 1888 3320; x_wconf 84' lang='lat' dir='ltr'><strong>constitutionis</strong></span> <span class='ocrx_word' id='word_1_212' title='bbox 1914 3253 1945 3316; x_wconf 85' lang='lat' dir='ltr'><strong>et</strong></span> 
     </span>
     <span class='ocr_line' id='line_1_24' title="bbox 542 3365 1942 3465; baseline 0 -27"><span class='ocrx_word' id='word_1_213' title='bbox 542 3365 774 3438; x_wconf 77' lang='lat' dir='ltr'><strong>concessionis</strong></span> <span class='ocrx_word' id='word_1_214' title='bbox 792 3377 906 3440; x_wconf 86' lang='lat' dir='ltr'><strong>nostre</strong></span> <span class='ocrx_word' id='word_1_215' title='bbox 918 3368 1081 3463; x_wconf 79' lang='lat' dir='ltr'><strong>pagiuam</strong></span> <span class='ocrx_word' id='word_1_216' title='bbox 1096 3389 1134 3440; x_wconf 91' lang='lat' dir='ltr'><strong>se</strong></span> <span class='ocrx_word' id='word_1_217' title='bbox 1146 3378 1298 3465; x_wconf 92' lang='lat' dir='ltr'><strong>opponat</strong></span> <span class='ocrx_word' id='word_1_218' title='bbox 1313 3371 1369 3442; x_wconf 93' lang='lat' dir='ltr'><strong>vel</strong></span> <span class='ocrx_word' id='word_1_219' title='bbox 1387 3379 1562 3465; x_wconf 78' lang='lat' dir='ltr'><strong>presumat</strong></span> <span class='ocrx_word' id='word_1_220' title='bbox 1578 3369 1614 3442; x_wconf 93' lang='lat' dir='ltr'><strong>in</strong></span> <span class='ocrx_word' id='word_1_221' title='bbox 1632 3370 1749 3464; x_wconf 90' lang='lat' dir='ltr'><strong>aliquo</strong></span> <span class='ocrx_word' id='word_1_222' title='bbox 1765 3367 1942 3454; x_wconf 83' lang='lat' dir='ltr'><strong>contraire,</strong></span> 
     </span>
     <span class='ocr_line' id='line_1_25' title="bbox 543 3489 1946 3588; baseline 0.001 -26"><span class='ocrx_word' id='word_1_223' title='bbox 543 3489 607 3562; x_wconf 90' lang='lat' dir='ltr'><strong>sed</strong></span> <span class='ocrx_word' id='word_1_224' title='bbox 623 3490 674 3562; x_wconf 89' lang='lat' dir='ltr'><strong>eis</strong></span> <span class='ocrx_word' id='word_1_225' title='bbox 701 3489 748 3561; x_wconf 92' lang='lat' dir='ltr'><strong>ob</strong></span> <span class='ocrx_word' id='word_1_226' title='bbox 771 3490 997 3564; x_wconf 85' lang='lat' dir='ltr'><strong>reverentiam</strong></span> <span class='ocrx_word' id='word_1_227' title='bbox 1020 3498 1170 3565; x_wconf 88' lang='lat' dir='ltr'><strong>nostram</strong></span> <span class='ocrx_word' id='word_1_228' title='bbox 1196 3495 1339 3568; x_wconf 90' lang='lat' dir='ltr'><strong>consilio</strong></span> <span class='ocrx_word' id='word_1_229' title='bbox 1358 3503 1393 3566; x_wconf 90' lang='lat' dir='ltr'><strong>et</strong></span> <span class='ocrx_word' id='word_1_230' title='bbox 1413 3495 1545 3568; x_wconf 83' lang='lat' dir='ltr'><strong>auxilio</strong></span> <span class='ocrx_word' id='word_1_231' title='bbox 1566 3493 1749 3584; x_wconf 87' lang='lat' dir='ltr'><strong>assistatis,</strong></span> <span class='ocrx_word' id='word_1_232' title='bbox 1774 3513 1846 3588; x_wconf 92' lang='lat' dir='ltr'><strong>quo</strong></span> <span class='ocrx_word' id='word_1_233' title='bbox 1872 3513 1946 3588; x_wconf 88' lang='lat' dir='ltr'><strong>pre·</strong></span> 
     </span>
     <span class='ocr_line' id='line_1_26' title="bbox 545 3612 1946 3714; baseline 0 -28"><span class='ocrx_word' id='word_1_234' title='bbox 545 3612 637 3686; x_wconf 85' lang='lat' dir='ltr'><strong>dicta</strong></span> <span class='ocrx_word' id='word_1_235' title='bbox 651 3613 871 3685; x_wconf 87' lang='lat' dir='ltr'><strong>concessione</strong></span> <span class='ocrx_word' id='word_1_236' title='bbox 883 3625 998 3690; x_wconf 86' lang='lat' dir='ltr'><strong>nostra</strong></span> <span class='ocrx_word' id='word_1_237' title='bbox 1014 3617 1166 3712; x_wconf 84' lang='lat' dir='ltr'><strong>plenarie</strong></span> <span class='ocrx_word' id='word_1_238' title='bbox 1188 3620 1339 3712; x_wconf 83' lang='lat' dir='ltr'><strong>gaudeat</strong></span> <span class='ocrx_word' id='word_1_239' title='bbox 1360 3627 1395 3692; x_wconf 92' lang='lat' dir='ltr'><strong>et</strong></span> <span class='ocrx_word' id='word_1_240' title='bbox 1415 3621 1559 3692; x_wconf 83' lang='lat' dir='ltr'><strong>truatur.</strong></span> <span class='ocrx_word' id='word_1_241' title='bbox 1579 3619 1615 3692; x_wconf 90' lang='lat' dir='ltr'><strong>Si</strong></span> <span class='ocrx_word' id='word_1_242' title='bbox 1634 3618 1715 3714; x_wconf 87' lang='lat' dir='ltr'><strong>quis</strong></span> <span class='ocrx_word' id='word_1_243' title='bbox 1732 3627 1850 3691; x_wconf 87' lang='lat' dir='ltr'><strong>antem</strong></span> <span class='ocrx_word' id='word_1_244' title='bbox 1871 3637 1946 3688; x_wconf 92' lang='lat' dir='ltr'><strong>con·</strong></span> 
     </span>
     <span class='ocr_line' id='line_1_27' title="bbox 546 3735 1946 3838; baseline 0.004 -31"><span class='ocrx_word' id='word_1_245' title='bbox 546 3735 717 3809; x_wconf 89' lang='lat' dir='ltr'><strong>travenire</strong></span> <span class='ocrx_word' id='word_1_246' title='bbox 740 3739 973 3834; x_wconf 88' lang='lat' dir='ltr'><strong>temptaverit,</strong></span> <span class='ocrx_word' id='word_1_247' title='bbox 998 3761 1036 3812; x_wconf 90' lang='lat' dir='ltr'><strong>se</strong></span> <span class='ocrx_word' id='word_1_248' title='bbox 1058 3742 1208 3834; x_wconf 91' lang='lat' dir='ltr'><strong>noverit,</strong></span> <span class='ocrx_word' id='word_1_249' title='bbox 1236 3753 1349 3837; x_wconf 90' lang='lat' dir='ltr'><strong>preter</strong></span> <span class='ocrx_word' id='word_1_250' title='bbox 1370 3742 1644 3838; x_wconf 78' lang='lat' dir='ltr'><strong>indignationem</strong></span> <span class='ocrx_word' id='word_1_251' title='bbox 1671 3751 1822 3816; x_wconf 87' lang='lat' dir='ltr'><strong>nostrum</strong></span> <span class='ocrx_word' id='word_1_252' title='bbox 1845 3759 1946 3834; x_wconf 84' lang='lat' dir='ltr'><strong>qnam</strong></span> 
     </span>
     <span class='ocr_line' id='line_1_28' title="bbox 545 3859 1944 3960; baseline -0.001 -28"><span class='ocrx_word' id='word_1_253' title='bbox 545 3859 732 3932; x_wconf 87' lang='lat' dir='ltr'><strong>merebitur</strong></span> <span class='ocrx_word' id='word_1_254' title='bbox 752 3869 792 3930; x_wconf 87' lang='lat' dir='ltr'><strong>ut</strong></span> <span class='ocrx_word' id='word_1_255' title='bbox 812 3869 1053 3954; x_wconf 78' lang='lat' dir='ltr'><strong>transgressor,</strong></span> <span class='ocrx_word' id='word_1_256' title='bbox 1081 3884 1170 3957; x_wconf 91' lang='lat' dir='ltr'><strong>pene</strong></span> <span class='ocrx_word' id='word_1_257' title='bbox 1191 3885 1261 3957; x_wconf 87' lang='lat' dir='ltr'><strong>que</strong></span> <span class='ocrx_word' id='word_1_258' title='bbox 1282 3865 1475 3937; x_wconf 90' lang='lat' dir='ltr'><strong>continetur</strong></span> <span class='ocrx_word' id='word_1_259' title='bbox 1494 3865 1531 3936; x_wconf 93' lang='lat' dir='ltr'><strong>in</strong></span> <span class='ocrx_word' id='word_1_260' title='bbox 1553 3863 1736 3960; x_wconf 78' lang='lat' dir='ltr'><strong>privilegio</strong></span> <span class='ocrx_word' id='word_1_261' title='bbox 1758 3863 1944 3954; x_wconf 79' lang='lat' dir='ltr'><strong>subJaccm.</strong></span> 
     </span>
     <span class='ocr_line' id='line_1_29' title="bbox 543 3984 1947 4089; baseline 0 -34"><span class='ocrx_word' id='word_1_262' title='bbox 543 3984 712 4057; x_wconf 90' lang='lat' dir='ltr'><strong>Omnibus</strong></span> <span class='ocrx_word' id='word_1_263' title='bbox 731 3992 846 4058; x_wconf 87' lang='lat' dir='ltr'><strong>autem</strong></span> <span class='ocrx_word' id='word_1_264' title='bbox 864 3984 916 4056; x_wconf 90' lang='lat' dir='ltr'><strong>eis</strong></span> <span class='ocrx_word' id='word_1_265' title='bbox 930 3986 1093 4060; x_wconf 87' lang='lat' dir='ltr'><strong>mandata</strong></span> <span class='ocrx_word' id='word_1_266' title='bbox 1113 3996 1228 4089; x_wconf 81' lang='lat' dir='ltr'><strong>nostra</strong></span> <span class='ocrx_word' id='word_1_267' title='bbox 1242 3989 1461 4062; x_wconf 88' lang='lat' dir='ltr'><strong>servantibus</strong></span> <span class='ocrx_word' id='word_1_268' title='bbox 1474 3989 1617 4086; x_wconf 77' lang='lat' dir='ltr'><strong>gratiam</strong></span> <span class='ocrx_word' id='word_1_269' title='bbox 1633 3999 1668 4062; x_wconf 90' lang='lat' dir='ltr'><strong>et</strong></span> <span class='ocrx_word' id='word_1_270' title='bbox 1680 3986 1947 4060; x_wconf 87' lang='lat' dir='ltr'><strong>benevolentiam</strong></span> 
     </span>
     <span class='ocr_line' id='line_1_30' title="bbox 545 4107 1156 4204; baseline 0.008 -26"><span class='ocrx_word' id='word_1_271' title='bbox 545 4117 695 4180; x_wconf 87' lang='lat' dir='ltr'><strong>nostram</strong></span> <span class='ocrx_word' id='word_1_272' title='bbox 713 4107 945 4204; x_wconf 91' lang='lat' dir='ltr'><strong>promittimus</strong></span> <span class='ocrx_word' id='word_1_273' title='bbox 959 4109 1156 4182; x_wconf 86' lang='lat' dir='ltr'><strong>affuturam.</strong></span> 
     </span>
    </p>
   </div>
   <div class='ocr_carea' id='block_1_3' title="bbox 596 4229 1947 4326">
    <p class='ocr_par' dir='ltr' id='par_1_3' title="bbox 596 4229 1947 4326">
     <span class='ocr_line' id='line_1_31' title="bbox 596 4229 1947 4326; baseline 0 -24"><span class='ocrx_word' id='word_1_274' title='bbox 596 4233 720 4302; x_wconf 87' lang='lat' dir='ltr'><strong>Datum</strong></span> <span class='ocrx_word' id='word_1_275' title='bbox 736 4231 831 4326; x_wconf 90' lang='lat' dir='ltr'><strong>apud</strong></span> <span class='ocrx_word' id='word_1_276' title='bbox 851 4233 1088 4326; x_wconf 89' lang='lat' dir='ltr'><strong>Ferentinum,</strong></span> <span class='ocrx_word' id='word_1_277' title='bbox 1104 4254 1195 4308; x_wconf 87' lang='lat' dir='ltr'><strong>anno</strong></span> <span class='ocrx_word' id='word_1_278' title='bbox 1218 4234 1390 4309; x_wconf 90' lang='lat' dir='ltr'><strong>dominice</strong></span> <span class='ocrx_word' id='word_1_279' title='bbox 1416 4234 1661 4308; x_wconf 85' lang='lat' dir='ltr'><strong>incarnationis</strong></span> <span class='ocrx_word' id='word_1_280' title='bbox 1684 4233 1866 4306; x_wconf 91' lang='lat' dir='ltr'><strong>millesimo</strong></span> <span class='ocrx_word' id='word_1_281' title='bbox 1886 4229 1947 4304; x_wconf 92' lang='lat' dir='ltr'><strong>du·</strong></span> 
     </span>
    </p>
   </div>
   <div class='ocr_carea' id='block_1_4' title="bbox 548 4355 1827 4456">
    <p class='ocr_par' dir='ltr' id='par_1_4' title="bbox 548 4355 1827 4456">
     <span class='ocr_line' id='line_1_32' title="bbox 548 4355 1827 4456; baseline 0.002 -30"><span class='ocrx_word' id='word_1_282' title='bbox 548 4355 734 4426; x_wconf 89' lang='lat' dir='ltr'><strong>centesimo</strong></span> <span class='ocrx_word' id='word_1_283' title='bbox 749 4355 914 4428; x_wconf 89' lang='lat' dir='ltr'><strong>vicesimo</strong></span> <span class='ocrx_word' id='word_1_284' title='bbox 931 4357 1048 4446; x_wconf 88' lang='lat' dir='ltr'><strong>tercio,</strong></span> <span class='ocrx_word' id='word_1_285' title='bbox 1068 4379 1186 4431; x_wconf 90' lang='lat' dir='ltr'><strong>mense</strong></span> <span class='ocrx_word' id='word_1_286' title='bbox 1201 4359 1317 4455; x_wconf 89' lang='lat' dir='ltr'><strong>aprilis</strong></span> <span class='ocrx_word' id='word_1_287' title='bbox 1333 4356 1400 4456; x_wconf 88' lang='lat' dir='ltr'><strong>(l),</strong></span> <span class='ocrx_word' id='word_1_288' title='bbox 1419 4357 1617 4432; x_wconf 91' lang='lat' dir='ltr'><strong>indictionis</strong></span> <span class='ocrx_word' id='word_1_289' title='bbox 1630 4357 1827 4431; x_wconf 86' lang='lat' dir='ltr'><strong>undecimo.</strong></span> 
     </span>
    </p>
   </div>
   <div class='ocr_carea' id='block_1_5' title="bbox 615 4533 1947 4546">
    <p class='ocr_par' dir='ltr' id='par_1_5' title="bbox 615 4533 1947 4546">
     <span class='ocr_line' id='line_1_33' title="bbox 615 4533 1947 4546; baseline 0.004 -4"><span class='ocrx_word' id='word_1_290' title='bbox 615 4535 636 4542; x_wconf 82' lang='lat'><strong>--</strong></span> <span class='ocrx_word' id='word_1_291' title='bbox 641 4535 802 4544; x_wconf 51' lang='lat'><strong>¹.......-.—--.</strong></span> <span class='ocrx_word' id='word_1_292' title='bbox 808 4537 1037 4546; x_wconf 76' lang='lat'><strong>--—.-.....-—</strong></span> <span class='ocrx_word' id='word_1_293' title='bbox 1883 4533 1947 4546; x_wconf 70' lang='lat' dir='ltr'><em>...u-</em></span> 
     </span>
    </p>
   </div>
   <div class='ocr_carea' id='block_1_6' title="bbox 589 4621 1950 4701">
    <p class='ocr_par' dir='ltr' id='par_1_6' title="bbox 589 4621 1950 4701">
     <span class='ocr_line' id='line_1_34' title="bbox 589 4621 1950 4701; baseline 0.007 -24"><span class='ocrx_word' id='word_1_294' title='bbox 589 4621 627 4693; x_wconf 78' lang='lat' dir='ltr'><strong>(t)</strong></span> <span class='ocrx_word' id='word_1_295' title='bbox 645 4621 686 4678; x_wconf 89' lang='lat' dir='ltr'><strong>lta</strong></span> <span class='ocrx_word' id='word_1_296' title='bbox 698 4621 726 4677; x_wconf 90' lang='lat' dir='ltr'><strong>in</strong></span> <span class='ocrx_word' id='word_1_297' title='bbox 741 4621 844 4680; x_wconf 90' lang='lat' dir='ltr'><strong>duobus</strong></span> <span class='ocrx_word' id='word_1_298' title='bbox 860 4625 1069 4698; x_wconf 77' lang='lat' dir='ltr'><strong>exemplaribus,</strong></span> <span class='ocrx_word' id='word_1_299' title='bbox 1083 4627 1145 4684; x_wconf 87' lang='lat' dir='ltr'><strong>licet</strong></span> <span class='ocrx_word' id='word_1_300' title='bbox 1159 4627 1230 4686; x_wconf 85' lang='lat' dir='ltr'><strong>claro</strong></span> <span class='ocrx_word' id='word_1_301' title='bbox 1242 4633 1333 4701; x_wconf 87' lang='lat' dir='ltr'><strong>pateat</strong></span> <span class='ocrx_word' id='word_1_302' title='bbox 1350 4628 1378 4684; x_wconf 92' lang='lat' dir='ltr'><strong>in</strong></span> <span class='ocrx_word' id='word_1_303' title='bbox 1393 4629 1529 4686; x_wconf 82' lang='lat' dir='ltr'><strong>notatione</strong></span> <span class='ocrx_word' id='word_1_304' title='bbox 1546 4627 1649 4686; x_wconf 88' lang='lat' dir='ltr'><strong>mensis</strong></span> <span class='ocrx_word' id='word_1_305' title='bbox 1660 4627 1778 4685; x_wconf 84' lang='lat' dir='ltr'><strong>scribam</strong></span> <span class='ocrx_word' id='word_1_306' title='bbox 1791 4621 1950 4701; x_wconf 65' lang='lat' dir='ltr'><strong>imper-uun</strong></span> 
     </span>
    </p>
   </div>
   <div class='ocr_carea' id='block_1_7' title="bbox 0 0 2180 5892">
    <p class='ocr_par' dir='ltr' id='par_1_7' title="bbox 0 0 2180 5892">
     <span class='ocr_line' id='line_1_35' title="bbox 0 0 2180 5892; baseline 0 0"><span class='ocrx_word' id='word_1_307' title='bbox 0 0 2180 5892; x_wconf 95' lang='lat' dir='ltr'><strong> </strong></span> 
     </span>
    </p>
   </div>
  </div>
 </body>
</html>
