4292 5894
559 573 620 636 :tlt
1057 577 1269 640 Fllllllilllcl
1294 577 1468 641 sachso!
1779 582 1860 665 [An
1878 586 1959 648 lm

557 721 658 786 netur
671 712 767 806 quod
788 712 884 785 curie
904 722 1019 787 nostre
1039 713 1201 788 ostendit.
1224 715 1453 791 Concedimns
1470 717 1612 812 insuper
1628 718 1759 815 prelato
1777 723 1962 794 veneubili

556 836 815 932 archiepiscopo
833 845 868 910 et
883 840 1143 912 successorihus
1159 841 1234 934 ejus
1254 851 1359 914 mtam
1374 851 1410 914 et
1428 841 1596 938 integrum
1614 842 1785 917 decimam
1799 856 1871 918 tam
1890 845 1965 920 red·

559 959 695 1033 ditunm
710 981 816 1055 qnam
835 969 1067 1056 proventuum
1085 963 1207 1036 casalis
1226 963 1312 1036 lohe
1328 985 1371 1036 ac
1388 963 1493 1036 totius
1511 971 1601 1036 terre
1614 964 1773 1039 Berensis
1790 967 1967 1063 patroclus

558 1105 628 1177 que
653 1083 812 1179 provenit
837 1084 883 1157 ad
909 1083 1109 1159 demanium
1133 1096 1309 1174 nostrum,
1330 1086 1480 1182 presenti
1507 1087 1689 1182 privilegio
1713 1099 1906 1163 statuentes
1927 1103 1966 1162 nt

556 1207 733 1303 predictus
749 1208 959 1281 venerabilis
977 1209 1256 1306 archiepiscopus
1272 1219 1308 1284 et
1329 1231 1544 1282 successores
1564 1211 1619 1284 sui
1636 1213 1812 1286 stabiliant
1833 1214 1965 1309 aliquos

556 1352 601 1402 ex
622 1331 821 1404 hominibus
839 1332 913 1404 suis
926 1332 988 1428 qni
1009 1354 1071 1428 pro
1088 1342 1184 1428 perte
1198 1353 1261 1406 sna
1272 1331 1402 1428 jugiter
1419 1334 1583 1406 sinleum
1599 1335 1775 1432 estepanis
1790 1345 1828 1408 et
1843 1336 1966 1429 heiulis

557 1458 681 1528 nostris
706 1465 777 1530 tam
800 1455 950 1528 civitatis
970 1457 1130 1530 Berensis
1148 1479 1254 1552 quam
1276 1457 1431 1552 predicte
1453 1466 1541 1530 terre
1564 1457 1707 1531 loheel
1730 1459 1836 1532 totins
1861 1461 1965 1534 noshi

557 1578 709 1652 demanii
728 1579 887 1651 Berensis
905 1579 1102 1674 parrochie,
1122 1589 1157 1651 et
1177 1580 1370 1654 woradum
1396 1581 1620 1674 quantitatem
1647 1579 1848 1654 reddituum
1872 1583 1966 1658 curie

558 1703 683 1777 diebus
705 1703 851 1796 singulis
875 1703 1065 1798 percipient
1087 1704 1219 1798 integre
1240 1713 1276 1777 et
1297 1704 1373 1776 sine
1397 1703 1629 1778 diminutione
1654 1703 1771 1798 aliqua
1796 1703 1965 1778 decimam

556 1827 667 1923 ipsam
685 1827 838 1923 ipsorum
855 1829 1063 1923 prelatorum
1080 1827 1283 1900 Berensinm
1300 1827 1423 1900 usibus
1439 1826 1633 1901 secundm
1651 1847 1772 1900 eorum
1786 1828 1965 1902 arbitrium

559 1952 595 2026 in
624 1963 825 2050 perpetuum
849 1951 1116 2026 devolvendum.
1141 1953 1177 2025 Si
1195 1973 1278 2026 veru
1300 1951 1494 2048 predictam
1519 1950 1632 2024 casale
1651 1949 1737 2024 lohe
1752 1950 1810 2024 vel
1834 1951 1965 2046 aliquid

559 2077 605 2150 dc
626 2087 741 2150 nostro
762 2075 922 2149 demanio
944 2077 1046 2148 inerit
1068 2076 1171 2149 elicui
1191 2097 1237 2148 ex
1256 2075 1426 2172 imperiali
1446 2075 1649 2148 liberalitate
1666 2095 1888 2167 conoessum,
1909 2077 1966 2146 ni-

559 2201 745 2275 hilominus
773 2210 887 2272 tamen
912 2201 986 2297 ipse
1011 2199 1172 2273 Berensis
1196 2199 1475 2295 archiepiscopus
1495 2199 1664 2293 integram
1689 2199 1879 2290 decimam,
1903 2200 1964 2272 etei

556 2325 685 2419 jugiter
700 2325 786 2397 leret
805 2325 841 2396 in
868 2333 984 2397 nostro
1007 2325 1185 2415 demanio,
1205 2324 1287 2398 inde
1309 2333 1412 2419 prout
1436 2325 1569 2398 dictum
1591 2335 1643 2396 est
1660 2324 1798 2396 habeat.
1819 2325 1965 2397 Clericus

563 2502 854 2520 ........
873 2448 1033 2524 Berensis
1050 2447 1230 2544 parrochie
1245 2457 1315 2518 tam
1332 2448 1457 2520 Grecos
1475 2470 1580 2542 qnam
1599 2448 1735 2520 latinos
1751 2448 1797 2520 ab
1815 2449 1965 2542 angariis

556 2583 588 2644 et
607 2574 684 2646 aliis
697 2571 845 2646 servitiis
861 2572 987 2646 liberos
1001 2593 1077 2644 esse
1092 2574 1253 2644 volumus
1268 2580 1303 2642 et
1317 2571 1422 2644 totins
1434 2573 1625 2645 exactionis
1639 2571 1734 2644 curis
1748 2582 1782 2645 et
1797 2573 1963 2644 baronum

556 2707 747 2769 nostrorum
771 2705 943 2791 expertes.
965 2697 1035 2768 Neo
1057 2695 1156 2768 liceat
1179 2695 1367 2770 baronibus
1390 2697 1562 2791 expellere
1580 2696 1735 2782 clerioos‚
1757 2695 1965 2770 habitatores

556 2820 718 2894 videlicet
744 2831 908 2892 terrarum
936 2840 1094 2910 suarum,
1124 2819 1191 2892 nisi
1211 2817 1352 2916 speciali
1378 2819 1540 2892 mandato
1565 2827 1694 2891 nostru.
1718 2818 1964 2892 Confirmamus

556 2945 658 3017 etiem
675 2942 789 3016 eidem
806 2943 945 3016 Barcaei
964 2943 1090 3039 presuli
1108 2944 1287 3016 ecclesiam
1307 2945 1431 3016 Sancte
1443 2941 1580 3037 Pelagio
1597 2963 1678 3014 cnm
1692 2943 1866 3016 universis
1880 2965 1964 3039 pus-

559 3066 770 3140 sessionibns
788 3067 860 3138 seis
874 3065 950 3140 sine
969 3067 1116 3159 alicujus
1133 3067 1288 3140 molestia
1303 3075 1469 3164 perpetuo
1483 3065 1743 3162 possidendam,
1760 3088 1827 3140 nec
1847 3089 1917 3140 non
1932 3077 1965 3140 et

558 3189 738 3262 ecclesiam
758 3189 872 3262 Sancti
889 3187 1013 3284 Angoli
1035 3211 1105 3284 que
1129 3191 1194 3264 sito
1211 3199 1263 3264 est
1285 3191 1320 3262 in
1344 3198 1458 3264 monte
1474 3189 1652 3263 luennacii
1672 3210 1752 3261 cnm
1778 3189 1879 3263 ternis
1895 3190 1964 3262 suis

559 3335 629 3409 qne
643 3322 726 3385 sunt
739 3334 802 3408 per
817 3313 999 3386 circuitum
1016 3314 1126 3408 ipsius
1144 3315 1269 3386 montis
1290 3324 1326 3386 et
1343 3313 1500 3406 ejusdem
1516 3313 1661 3386 ecclesie
1675 3312 1876 3403 constitute;
1894 3313 1963 3384 im-

559 3437 699 3533 perialis
726 3436 938 3508 liberalitatis
962 3437 1072 3530 gratie
1098 3436 1324 3510 concedentes
1345 3446 1385 3508 nt
1409 3437 1509 3509 liceat
1533 3437 1687 3532 predicto
1708 3435 1963 3532 archiepiscopo

559 3571 594 3634 et
608 3561 864 3632 successoribus
882 3560 955 3632 suis
976 3560 1141 3655 hospitari
1161 3559 1231 3658 (ric)
1249 3560 1363 3634 casale
1382 3560 1418 3630 in
1444 3559 1587 3654 planitie
1610 3558 1695 3632 dicti
1717 3561 1844 3632 montis
1858 3561 1964 3632 loen-

559 3683 650 3756 naoii
669 3705 775 3779 prope
794 3683 901 3779 ipsam
916 3683 1094 3756 ecclesiam
1114 3684 1227 3756 Sancti
1254 3683 1376 3778 Angeli
1402 3682 1448 3757 ad
1474 3706 1563 3780 opus
1585 3684 1741 3756 Bmensh
1759 3684 1907 3778 presulis
1929 3684 1962 3756 in

557 3816 761 3903 perpetuum
776 3807 882 3880 libere
897 3815 931 3879 et
950 3807 1067 3901 quiete
1089 3806 1278 3880 tenendum
1297 3816 1332 3880 et
1349 3809 1424 3880 sine
1440 3807 1582 3882 servitio
1599 3808 1655 3880 vel
1671 3808 1829 3882 molestia
1850 3810 1963 3905 possi-

559 3929 728 4004 dendum.
745 3929 800 4004 Ad
824 3929 1021 4002 instantiam
1041 3951 1181 4025 quoque
1205 3929 1351 4026 predicti
1373 3940 1409 4004 et
1429 3931 1595 4026 sepedicti
1612 3931 1740 4006 Bolerii
1760 3933 1964 4007 veremith

559 4054 826 4149 archiepiscopi,
850 4053 1051 4126 anctoritate
1075 4063 1189 4126 nostm
1212 4054 1395 4128 statuimus
1419 4062 1455 4126 et
1477 4055 1648 4129 donemus
1670 4064 1711 4127 ut
1733 4057 1820 4149 qnia
1846 4057 1964 4130 civitas

559 4176 677 4248 Cetera
697 4197 767 4270 quo
787 4185 839 4248 est
855 4177 890 4246 in
906 4176 1074 4250 Dalmatia
1100 4178 1315 4270 suffraganea
1333 4187 1385 4252 est
1402 4178 1561 4251 Berensis
1577 4177 1846 4276 archiepiscopi,
1873 4179 1963 4275 qnod

558 4299 604 4372 ed
626 4300 789 4373 honorem
810 4301 907 4394 regni
926 4301 1031 4372 nostri
1052 4300 1205 4373 noscitur
1225 4301 1440 4394 redundare,
1460 4303 1748 4398 quotiescumque
1767 4303 1963 4378 catanenses

560 4423 654 4494 cives
680 4423 725 4494 ad
746 4431 860 4519 parles
875 4422 1001 4518 Apulie
1017 4423 1190 4514 venerint,
1214 4424 1258 4499 de
1275 4425 1554 4520 quibuscumque
1573 4426 1700 4499 inerim
1720 4427 1879 4522 impediti
1899 4449 1962 4500 non

562 4544 790 4638 respondeant
806 4567 870 4618 nec
892 4547 1102 4620 satisfaciant
1118 4547 1182 4618 nisi
1203 4547 1241 4618 in
1261 4548 1355 4620 ouria
1377 4549 1539 4621 Berensis
1558 4549 1715 4622 ecclesie.
1733 4549 1963 4625 concedentes

559 4666 662 4738 etiem
682 4667 823 4740 obtentu
836 4667 947 4763 ipsius
963 4669 1210 4767 archiepiscopi
1227 4679 1266 4742 ut
1278 4671 1323 4744 ab
1341 4673 1523 4746 exactione
1542 4673 1726 4748 ancoratici
1743 4685 1778 4747 et
1795 4674 1962 4771 plateatici
