4292 5894
193 571 290 632 torm.
308 565 369 651 ll.]
643 563 841 627 tttsuolttt
866 564 1156 629 uttnouAttcn
1544 568 1605 630 343

194 723 263 776 nou
281 699 492 776 discordem.
512 698 598 772 lade
613 710 666 774 est
684 700 781 794 quod
799 723 878 777 cum
899 710 934 773 tu
951 699 1127 794 Andreae,
1144 701 1353 776 venerabilis
1370 701 1529 776 Bareude
1549 725 1603 774 ar-

193 825 411 922 chiepiscope
422 823 475 920 (l)
487 833 522 898 et
536 821 650 899 fidelis
668 835 796 915 noster,
816 825 862 899 ad
880 827 1084 919 presentiam
1103 836 1256 901 noscam
1274 825 1474 916 accederes,
1496 826 1603 919 privi-

193 951 324 1044 legium
337 949 514 1044 quondam
529 948 670 1024 domiue
689 949 915 1044 imperatricis
931 949 1014 1025 dive
1026 950 1272 1024 reeordationis
1291 949 1469 1022 karissime
1487 951 1605 1022 matris

194 1083 310 1148 nostre
332 1073 472 1148 Barcaei
489 1073 632 1148 ecclesie
649 1073 707 1168 pie
730 1073 904 1146 indultum
930 1074 1136 1148 intuendum
1162 1085 1278 1148 nostro
1302 1075 1442 1146 culmini
1463 1095 1604 1169 presen-

193 1199 289 1292 tasti,
311 1197 508 1292 supplicans
525 1192 703 1270 humiliter
718 1206 754 1270 et
774 1198 900 1272 devote
920 1198 1016 1292 qaod
1041 1198 1102 1272 tibi
1126 1198 1346 1294 privilegium
1367 1198 1482 1293 ipsum
1503 1199 1602 1270 iuno-

192 1343 277 1396 vare
297 1331 333 1394 et
352 1319 555 1395 confirmare
576 1320 621 1394 de
641 1321 741 1394 solita
764 1321 986 1415 benignitatis
1002 1321 1113 1416 gratia
1130 1320 1370 1414 ‹ligaeremur3
1384 1323 1484 1415 cujus
1507 1329 1604 1394 tenor

193 1446 362 1518 tulisset:

242 1571 281 1642 ln
302 1569 441 1644 nomine
461 1577 578 1642 sancte
594 1577 628 1641 et
646 1567 831 1642 individue
848 1567 1032 1641 Trinitatis.
1054 1568 1178 1642 Amen.
1199 1568 1395 1642 Consmmm
1414 1567 1534 1641 divina
1553 1569 1604 1640 ia·

192 1703 297 1768 vente
309 1693 487 1766 clementia
500 1694 730 1764 Romanorum
741 1692 943 1788 imperatrix
957 1703 993 1766 et
1006 1694 1125 1788 regina
1138 1693 1267 1780 Sicilie,
1289 1715 1423 1788 semper
1439 1703 1599 1786 auguste.

194 1818 359 1903 Quotiens
371 1817 514 1890 obtentu
526 1815 667 1910 superni
682 1816 834 1890 numinis
850 1817 896 1890 ad
912 1818 1135 1892 ecclesiarum
1151 1819 1265 1892 cultus
1278 1817 1476 1890 intentionis
1491 1827 1605 1890 nostre

193 1941 303 2016 aciem
315 1941 482 2018 vertimus
497 1949 531 2012 et
543 1959 662 2014 earum
676 1942 887 2036 profectibus
899 1941 957 2037 pie
972 1943 1099 2016 mentis
1112 1944 1211 2016 oculo
1226 1941 1463 2038 providemus,
1479 1941 1604 2012 totiens

194 2065 239 2140 ed
257 2065 475 2138 sublimitatis
487 2063 683 2158 etpoteutie
694 2065 872 2138 cumulum
882 2066 1061 2160 potestatis
1072 2074 1186 2138 nostre
1199 2065 1310 2138 virtus
1320 2064 1463 2158 erigitur
1474 2073 1509 2136 et
1522 2084 1601 2136 ma-

188 2187 583 2281 iestatisnostrceoliam
595 2187 1023 2283 clementialitulolargins
1036 2189 1228 2262 decoratur.
1240 2189 1432 2262 Nihileuim
1442 2197 1602 2283 potestat

192 2313 366 2386 cedimus
374 2313 440 2385 bac
448 2311 720 2386 consideratione
724 2313 865 2406 justius,
876 2313 962 2384 nibil
972 2312 1113 2406 dignius
1123 2313 1271 2386 inveniri
1279 2335 1384 2408 quem
1397 2322 1436 2384 ut
1446 2313 1600 2385 omnium

193 2438 349 2512 donatori
369 2458 478 2532 equo
492 2437 591 2509 nobie
607 2438 769 2511 universa
786 2438 878 2512 bona
895 2437 1102 2534 preveniunt
1120 2437 1310 2528 augustalis
1324 2437 1537 2509 liberalitatis
1549 2436 1600 2532 (a)

191 2583 335 2634 munera
350 2563 579 2634 conterentur.
595 2559 682 2634 lade
692 2569 744 2634 est
761 2560 857 2655 quod
870 2583 934 2634 ace
946 2561 1162 2634 attendentes
1177 2561 1352 2655 religionis
1366 2560 1603 2634 ethonestatis

191 2686 420 2780 integritatem
434 2685 561 2758 Doieui
576 2683 782 2759 venerabilis
798 2684 1047 2781 archiepiscopi
1063 2683 1176 2759 tidelis
1189 2685 1294 2758 nostri
1311 2694 1348 2757 et
1363 2705 1467 2757 omne
1481 2683 1601 2758 fideli-

192 2812 270 2883 tatis
285 2809 438 2884 studium
463 2809 558 2905 quod
582 2809 674 2882 circa
693 2809 902 2906 imperialem
926 2809 1216 2904 magnificentiam
1239 2809 1367 2884 habere
1385 2808 1600 2904 dignoscitur

192 2937 376 3024 intuentes,
391 2934 603 3030 subscriptas
617 2933 800 3030 petitiones
810 2933 920 3029 ipsius
934 2957 1023 3027 ques
1036 2934 1238 3008 sublimitati
1249 2941 1364 3007 nuere
1378 2934 1553 3007 humiliter
1565 2945 1599 3007 ct

191 3061 317 3136 devote
343 3059 498 3155 porrexit
519 3057 738 3132 decrevimus
763 3058 1005 3134 admittendas.
1035 3060 1099 3132 Pro
1124 3059 1234 3132 salute
1257 3059 1374 3153 itaque
1400 3067 1435 3130 et
1457 3058 1599 3131 incolu—

190 3185 309 3258 mitate
325 3183 494 3256 kadssimi
511 3181 644 3256 domini
661 3191 696 3255 et
712 3181 780 3256 viri
801 3184 909 3256 nostri
926 3182 1101 3277 magnifici
1120 3183 1333 3279 imperatoris
1353 3192 1388 3256 et
1404 3191 1596 3256 nostrorum

190 3307 392 3382 remissione
408 3329 450 3380 ac
466 3306 621 3380 remedio
637 3307 855 3397 delictorum,
870 3306 1114 3380 confirmamus
1132 3316 1166 3380 et
1181 3306 1404 3380 concedimus
1422 3308 1459 3380 in
1478 3329 1599 3403 perpe·

190 3444 289 3508 taum
312 3431 452 3505 Barcaei
477 3432 621 3506 ecclesie
645 3439 752 3504 totam
775 3440 811 3504 et
833 3431 1001 3526 integram
1025 3431 1195 3507 decimam
1218 3433 1373 3505 omnium
1397 3431 1598 3506 reddituum

190 3569 225 3632 et
240 3565 470 3655 proventuum
487 3577 557 3650 qus
572 3555 619 3629 ad
635 3563 789 3629 nostrum
807 3555 930 3630 fiscum
949 3556 1119 3652 pertinent
1139 3556 1228 3628 intra
1252 3564 1288 3630 et
1304 3565 1402 3630 extra
1423 3557 1597 3630 civitatem

188 3685 393 3770 Berenscm,
417 3680 506 3752 eicco
531 3701 596 3752 rex
615 3680 673 3752 W.
700 3700 809 3775 nepos
830 3687 946 3752 nosmr
972 3679 1063 3752 boae
1088 3680 1251 3754 memorie
1274 3680 1349 3753 sine
1371 3680 1599 3754 diminutione

190 3806 306 3900 aliqua
322 3805 397 3879 deri
416 3805 569 3901 precepit
582 3803 629 3900 (b)
647 3802 863 3898 Texelgardo
881 3812 963 3875 tunc
980 3803 1144 3900 temporis
1161 3804 1367 3892 camerario,
1381 3805 1485 3896 juxta
1501 3806 1596 3899 quod

190 3931 227 4004 in
249 3938 365 4005 nostru
390 3929 618 4010 instrumento
641 3928 860 4002 testimoniali
883 3927 1040 4020 ejusdem
1065 3927 1242 4002 camerarii
1265 3928 1464 4022 expressius
1487 3929 1598 4001 conti

231 4136 273 4213 (a)
295 4135 331 4196 lu
345 4135 488 4211 impresso
500 4127 652 4204 libertatis,
667 4130 756 4192 mele.

232 4237 273 4318 (b)
293 4242 329 4302 lu
341 4241 483 4318 lmpreseo
491 4238 688 4318 moeiptmaq
701 4234 783 4316 quod
795 4251 916 4298 sensum
929 4235 1049 4296 omnino
1059 4233 1169 4296 turbat.

1520 4440 1591 4453 —

225 4583 259 4658 (4)
278 4581 355 4641 Anno
368 4585 439 4640 4245
458 4581 529 4639 circa
552 4581 662 4656 aprilem
683 4595 803 4638 mensem
820 4581 935 4638 berardo
956 4585 1123 4638 successerat
1135 4578 1271 4648 Andreas,
1289 4585 1320 4634 ut
1339 4585 1431 4636 munet
1448 4577 1596 4651 Gnaeum,

189 4681 251 4740 Ser.
267 4679 383 4752 crit.,l,
399 4683 463 4739 204.
515 4750 524 4760 ,
