4296 5898
199 509 299 573 lucror.
319 509 379 588 lt]
650 503 850 566 fltstottttt
874 502 1167 566 ntrtottnvtca.
1556 501 1618 564 293

198 647 287 742 perii
300 645 488 742 recipimus
506 643 661 740 speciali,
679 643 921 716 confirmantes
932 641 1047 716 eidem
1062 637 1179 716 abbati
1192 649 1227 713 et
1242 639 1429 714 conventui
1441 649 1476 713 et
1496 660 1616 714 eorum

199 771 461 845 successoribus
479 791 521 842 ae
538 770 692 866 sepefato
714 767 921 841 monasterio
945 767 980 838 in
1003 775 1208 864 perpetuum
1228 787 1347 840 omnes
1363 765 1614 861 possessiones,

199 895 421 986 monasteria,
439 893 669 980 obedientias,
692 893 867 985 ccclesias,
883 892 1060 984 homines,
1082 887 1296 983 molendina,
1314 891 1436 983 silvas,
1461 911 1615 985 nemora,

199 1043 312 1117 aquas
326 1029 362 1094 et
377 1042 547 1116 aquarum
566 1016 706 1111 ductus,
724 1018 833 1091 libera
849 1039 991 1112 pascua,
1009 1039 1131 1090 omnes
1147 1017 1323 1090 libertates
1336 1025 1371 1089 et
1384 1016 1618 1090 immunitates

199 1168 264 1220 seu
292 1167 513 1242 quecumque
538 1144 606 1218 alia
630 1143 725 1217 idem
756 1142 1003 1216 monasterium
1031 1141 1123 1216 dono
1150 1133 1315 1215 comitum
1342 1141 1399 1214 vel
1424 1141 1616 1232 bamnum,

200 1272 383 1345 collatione
400 1271 599 1367 principum
617 1289 681 1342 sen
698 1268 844 1342 eliorum
865 1267 1038 1342 oblatione
1057 1266 1213 1341 fidelium
1234 1267 1388 1341 noscitur
1405 1267 1570 1340 babuisse
1585 1275 1619 1340 et

200 1395 376 1492 quidquid
401 1395 499 1469 aliud
524 1395 684 1468 inantea
705 1393 800 1486 justo
826 1393 925 1466 titulo
947 1393 1071 1490 poterit
1096 1392 1263 1489 adipisci;
1290 1393 1412 1466 etheo
1434 1391 1551 1465 omnia
1573 1391 1618 1465 de

201 1520 396 1595 abundanti
422 1519 610 1618 imperialis
631 1517 817 1592 eminentie
839 1517 1077 1592 munificentia
1098 1517 1213 1592 eidem
1239 1518 1356 1592 abbati
1377 1527 1414 1591 et
1432 1518 1618 1592 conventui

201 1646 359 1738 ejusdem
383 1645 581 1720 monasterii
606 1643 863 1735 confirmamus,
879 1653 983 1741 prout
1005 1644 1041 1716 in
1065 1643 1258 1740 privilegiis
1276 1643 1322 1716 ab
1345 1643 1620 1716 antecessoribus

202 1773 328 1845 nostris
346 1771 397 1845 eis
411 1770 556 1844 indultis
574 1769 776 1865 expressius
791 1767 998 1842 continetur.
1018 1767 1208 1841 statuimus
1222 1768 1365 1864 insuper
1382 1777 1417 1840 et
1430 1768 1620 1840 sanccimus

200 1897 299 1993 quod
316 1906 500 1993 postpuam
521 1896 704 1970 advocatia
722 1894 879 1988 ejusdem
895 1895 1093 1968 monasterii
1110 1893 1157 1968 ad
1173 1917 1299 1968 manus
1319 1902 1452 1967 nostras
1467 1903 1501 1968 at
1519 1895 1620 1966 Hen-

201 2022 265 2095 rici
281 2020 423 2095 illustris
439 2022 671 2095 Romanorum
686 2021 778 2115 regis
796 2020 963 2094 carissimi
983 2019 1045 2092 filii
1064 2019 1172 2093 nostri
1189 2019 1400 2117 pervenerit,
1415 2040 1437 2091 a
1456 2019 1618 2092 manibus

202 2145 379 2220 nostriset
404 2146 572 2220 heredum
593 2154 787 2219 nostrorum
806 2145 949 2218 alienari
972 2146 1029 2218 vel
1048 2144 1192 2218 distrahi
1208 2166 1386 2239 nunquam
1407 2145 1535 2241 possit,
1556 2167 1618 2219 nec

201 2270 306 2344 liceat
324 2271 424 2346 nobis
442 2281 503 2344 aut
520 2270 708 2345 heredibus
725 2269 850 2343 nostris
865 2269 901 2342 in
929 2270 1005 2367 ipsa
1028 2269 1210 2345 advocatia
1230 2268 1504 2344 subadvocatum
1528 2292 1618 2345 con-

200 2395 346 2470 stituere
366 2395 433 2468 nisi
457 2417 563 2492 quem
586 2396 695 2470 abbas
718 2407 752 2469 et
770 2406 961 2470 conventus
975 2394 1131 2489 ejusdem
1149 2396 1348 2470 monasterii
1368 2398 1618 2492 postulaverint

201 2517 268 2591 sibi
293 2517 382 2592 dari.
408 2518 615 2592 blandamus
634 2517 741 2614 igitur
768 2527 802 2592 et
824 2518 974 2592 strictius
1000 2519 1197 2593 inhibemus
1220 2541 1264 2592 ne
1282 2520 1351 2592 ulla
1375 2520 1516 2593 omnino
1537 2543 1617 2617 per-

200 2665 287 2718 sona
304 2664 432 2737 magna
448 2645 505 2717 vel
522 2643 683 2735 humilis,
698 2643 928 2718 ecclesiastiea
941 2645 997 2717 vel
1013 2645 1197 2736 secularis,
1212 2645 1374 2719 abbatem
1386 2647 1443 2720 vel
1457 2666 1618 2720 conven-

201 2779 277 2841 tum
296 2768 471 2866 predictos
492 2791 534 2842 ac
549 2789 766 2843 successores
782 2789 902 2842 eorum
918 2791 1054 2843 necnon
1071 2779 1106 2844 et
1122 2769 1367 2844 monasterium
1389 2781 1617 2845 memoratum

200 2905 320 2967 contra
338 2893 428 2966 banc
447 2893 706 2990 protectionem,
722 2893 1014 2968 confirmationem
1032 2905 1067 2968 et
1085 2895 1300 2969 celsitudinis
1314 2904 1431 2969 nostre
1451 2906 1617 2971 statutum

202 3017 248 3090 de
271 3017 435 3113 predictis
460 3018 623 3091 omnibus
648 3017 816 3116 impedire
836 3041 897 3092 seu
919 3021 1102 3094 molestare
1118 3029 1305 3117 presumat.
1330 3020 1431 3108 Quod
1456 3023 1518 3118 qui
1538 3044 1619 3119 pre·

200 3143 389 3238 sumpserit
414 3143 688 3239 indignationem
717 3154 867 3218 nostram
898 3153 933 3217 et
957 3167 1084 3241 penam
1110 3146 1379 3241 quingentarum
1400 3147 1618 3222 marcharum

200 3268 336 3364 argenti
361 3291 399 3343 se
423 3270 558 3344 noverit
583 3270 822 3362 incursurum,
848 3270 1068 3345 medietatem
1092 3293 1227 3344 camere
1251 3281 1368 3345 nostre
1390 3281 1425 3345 et
1449 3273 1618 3368 reliquam

200 3393 422 3468 medietatem
445 3395 534 3492 parti
557 3394 703 3491 predicti
722 3395 921 3469 monasterii
947 3418 1048 3492 passe
1070 3395 1231 3489 injuriam
1252 3396 1532 3493 persolvendam.
1560 3398 1617 3473 Ad

200 3519 306 3612 hujus
322 3527 437 3593 autem
453 3519 505 3593 rei
522 3519 734 3594 evidentiam
752 3529 788 3592 et
804 3529 1007 3617 perpetuam
1027 3520 1221 3594 firmitatem
1241 3544 1382 3617 presens
1396 3523 1617 3620 privilegium

200 3641 276 3717 fieri
294 3653 329 3719 et
344 3645 458 3736 sigillo
471 3645 661 3738 majestatis
674 3653 789 3718 nostre
797 3645 967 3737 jussimus
982 3647 1200 3719 communiri.

249 3771 360 3865 Hujus
380 3772 432 3845 rai
457 3780 560 3845 testes
582 3783 664 3844 sunt
687 3771 858 3846 Berardus
881 3773 1145 3846 Panormitanus
1165 3783 1200 3846 et
1226 3773 1387 3846 Nicolaus
1412 3777 1618 3849 Tarentinus

198 3896 469 3994 archiepiscopi,
488 3897 652 3972 Albertus
670 3897 892 3971 Tridentinus
910 3907 944 3973 et
964 3952 974 3970 .
1005 3953 1014 3969 .
1047 3951 1055 3968 .
1075 3897 1290 3972 brixinensis
1311 3898 1482 3996 episcopi,
1503 3921 1618 3974 comes

199 4020 378 4096 Conradus
395 4022 440 4097 de
456 4025 572 4114 Zolre,
590 4044 706 4097 comes
725 4025 768 4094 H.
786 4022 831 4096 de
848 4023 1044 4115 liberatam,
1066 4045 1181 4096 comes
1198 4024 1241 4094 Η.
1260 4022 1305 4096 de
1321 4021 1443 4114 Dione,
1459 4023 1552 4097 Coun
1572 4025 1617 4098 de

198 4147 321 4221 Tittlen
337 4145 398 4246 (a),
416 4147 594 4222 Conradus
611 4157 647 4222 ct
664 4147 799 4222 Ulricus
814 4148 935 4222 tratres
949 4148 995 4221 de
1008 4148 1139 4222 Werda
1155 4147 1347 4238 camerarii,
1363 4157 1398 4221 et
1418 4147 1478 4221 alii
1494 4171 1617 4245 quam-

198 4273 328 4368 plures.

249 4397 394 4492 Signum
413 4398 545 4472 domini
570 4396 733 4473 Friderici
759 4397 905 4473 secundi
924 4397 985 4472 Dei
1009 4398 1119 4493 gratia
1145 4395 1362 4472 invictissimi
1386 4399 1617 4474 Romanorum

197 4523 428 4620 imperatoris,
450 4545 585 4620 semper
599 4525 737 4619 augusti
753 4534 786 4599 et
804 4523 896 4619 regis
913 4524 1040 4598 Sicilie.
1058 4521 1354 4622 (Morroprommo.)

242 4663 284 4744 (a)
307 4664 363 4743 Ap.
376 4665 483 4728 Bescld
496 4663 531 4726 dr
546 4666 639 4741 Cart,
652 4667 741 4728 male.
