4272 5886
187 577 286 638 lvnrcr.
305 571 365 657 lt]
639 569 839 638 HISTORIA
863 569 1156 632 olebollrtvlca.
1546 573 1606 635 587

190 707 406 785 monasteriis
429 708 545 780 oblata
570 718 652 780 sunt
671 708 728 780 vel
752 705 863 779 offerri
886 705 1068 801 contigerit
1088 707 1145 779 vel
1170 706 1247 780 aliis
1266 707 1466 802 quibusque
1491 706 1605 780 modis

186 837 279 927 iuste
296 833 465 929 acquisita
488 843 571 904 sunt
587 833 645 906 vel
666 832 702 903 in
724 832 840 905 loturo
862 831 1102 926 acquisierint,
1122 831 1229 904 libera
1247 842 1283 905 et
1295 832 1412 926 quieta
1426 853 1603 904 servorum

190 961 252 1034 Dei
265 959 417 1034 servitiis
437 967 472 1031 et
486 957 692 1031 utilitatibus
709 957 923 1050 subjaceant.
944 959 1100 1031 Preterea
1119 957 1288 1055 imperiali
1304 959 1506 1030 auctoritate
1523 979 1606 1030 con-

191 1091 366 1158 cesserunt
386 1091 421 1156 et
440 1081 734 1156 confirmaverunt
757 1081 872 1155 eidem
894 1083 1177 1155 Vallumbrosanc
1200 1081 1345 1156 ecclesie
1365 1091 1401 1154 et
1424 1084 1500 1175 ejus
1524 1103 1607 1155 mo-

190 1208 358 1299 nasterio,
383 1208 481 1280 salva
498 1206 533 1278 in
552 1207 714 1279 omnibus
726 1206 895 1302 imperiali
906 1207 1059 1300 justitia,
1075 1227 1296 1302 quecumque
1313 1207 1407 1300 juste
1431 1205 1609 1302 possident

189 1333 245 1406 vel
260 1331 297 1404 in
316 1333 433 1404 tuturo
451 1331 641 1427 possessuri
658 1339 751 1417 sunt,
768 1332 917 1404 utnulla
934 1339 1097 1426 potestas,
1114 1331 1209 1403 nulla
1224 1331 1347 1404 civitas
1360 1352 1425 1404 nec
1439 1331 1608 1404 Florentia

190 1477 254 1529 nec
268 1455 337 1530 alia
357 1454 493 1527 iodrum
510 1452 651 1550 aliquod
668 1455 726 1527 vel
744 1454 939 1527 districtum
957 1455 1013 1528 vel
1030 1455 1182 1548 aliquam
1198 1455 1415 1528 exactionem
1433 1477 1454 1528 a
1472 1455 1608 1526 rusticis

189 1581 247 1654 vel
264 1580 441 1654 conversis
460 1582 669 1677 prefatorum
685 1579 970 1653 monasteriorum
986 1579 1128 1672 exigere
1151 1580 1207 1650 vel
1230 1579 1386 1675 accipere
1410 1590 1605 1674 presumat,

190 1727 315 1801 penam
351 1713 489 1778 centum
519 1703 683 1776 librarum
718 1703 794 1777 auri
826 1702 1002 1799 purissimi
1035 1704 1344 1797 transgressoribus
1375 1703 1603 1801 imponentes.

191 1829 291 1904 Unde
313 1837 521 1902 memoratus
546 1827 655 1902 abbas
677 1826 875 1900 celsitudini
898 1837 1013 1900 nostre
1032 1827 1206 1900 humiliter
1228 1827 1437 1924 supplicavit
1459 1837 1498 1900 ut
1521 1849 1608 1926 pre—

192 1953 324 2027 dictum
346 1953 593 2027 monasterium
616 1951 886 2026 vallisumbrose
908 1975 987 2024 cum
1010 1953 1173 2026 omnibus
1196 1952 1272 2026 aliis
1298 1953 1514 2025 monasteriis
1535 1953 1607 2025 suis

191 2077 258 2150 sub
279 2079 420 2174 speciali
444 2078 555 2171 gratia
575 2085 610 2150 et
632 2077 844 2173 protectione
865 2087 980 2150 nostra
1002 2078 1226 2173 recipientes,
1250 2076 1404 2172 predicta
1427 2077 1608 2173 privilegia

190 2203 249 2275 avi
266 2212 301 2276 et
318 2203 425 2300 patris
441 2203 548 2276 nostri
564 2201 748 2277 recolende
762 2203 926 2275 memorie
941 2201 1144 2276 confirmare
1159 2203 1195 2274 in
1212 2213 1418 2300 perpetuum
1434 2203 1479 2276 de
1492 2213 1608 2278 nostra

191 2329 300 2424 gratia
323 2329 558 2422 dignaremur.
579 2329 648 2401 Nos
670 2336 785 2401 autem
810 2328 845 2398 in
870 2328 1035 2422 operibus
1055 2327 1289 2401 misericordie
1309 2336 1344 2401 et
1367 2329 1503 2423 pietatis
1524 2351 1608 2423 prc-

191 2457 299 2528 iatum
320 2478 424 2528 avum
442 2464 477 2528 et
497 2462 629 2551 patrem
651 2455 777 2528 imitari
793 2457 964 2542 volentes,
984 2463 1019 2528 et
1035 2455 1292 2529 considerantes
1309 2455 1412 2528 etiam
1432 2455 1608 2550 religionis

176 2580 444 2682 ¹observantiam
459 2589 494 2652 et
509 2580 616 2652 vitam
632 2578 843 2652 laudabilem
864 2581 1040 2653 memorati
1068 2580 1203 2653 abbatis
1222 2589 1258 2652 et
1280 2581 1422 2653 fratrum
1443 2602 1604 2672 suorum,

191 2727 253 2801 pro
273 2703 426 2778 remedio
441 2703 698 2799 progenitorum
716 2713 910 2778 nostrorum
928 2713 963 2777 et
978 2706 1238 2778 conservatione
1253 2705 1375 2778 salutis
1393 2717 1508 2779 nostre
1523 2728 1608 2802 sup-

190 2831 393 2926 plicationes
409 2829 484 2922 ejus
498 2828 731 2902 favorabiliter
746 2830 981 2922 admittentes,
1003 2831 1248 2904 monasterium
1270 2831 1385 2926 ipsum
1399 2854 1478 2903 com
1495 2832 1607 2904 omni·

190 2956 258 3029 bus
288 2955 503 3030 monasteriis
532 2956 599 3028 sibi
628 2956 792 3049 subjectis
818 2966 993 3030 eteorum
1019 2957 1110 3029 bone
1135 2957 1202 3028 sub
1229 2957 1370 3051 speciali
1396 2957 1607 3054 protectione

191 3091 306 3153 nostra
321 3081 527 3176 recepimus,
543 3090 577 3153 et
594 3080 685 3154 dicta
702 3082 774 3155 duo
791 3082 972 3176 privilegia
987 3090 1021 3154 et
1035 3103 1254 3175 quecumque
1271 3081 1490 3154 continentur
1504 3083 1539 3154 in
1558 3084 1608 3156 eis

191 3205 391 3278 auctoritate
414 3205 583 3301 imperiali
604 3216 770 3301 perpetuo
792 3205 1051 3297 confirmamus,
1073 3215 1261 3280 statuentes
1286 3217 1326 3279 ut
1348 3208 1444 3281 nulla
1466 3210 1608 3283 omnino

191 3351 338 3425 persona
359 3330 427 3403 alta
445 3329 502 3402 vel
523 3330 682 3418 humilis,
701 3331 929 3404 ecclesiastica
948 3333 1005 3404 vel
1026 3333 1206 3424 secularis,
1225 3333 1470 3406 monasterium
1490 3334 1606 3430 ipsum

190 3454 461 3527 vallisumbrose
490 3456 547 3527 vel
580 3453 762 3549 quodlibet
792 3455 1077 3528 monasteriorum
1114 3477 1255 3528 suorum
1291 3464 1324 3528 et
1361 3477 1480 3529 eornm
1514 3459 1605 3533 bona

191 3590 309 3653 contra
339 3588 532 3674 presentem
562 3577 856 3653 confirmationem
893 3583 1073 3654 molestare
1099 3581 1135 3652 iu
1166 3581 1283 3676 aliquo
1313 3601 1375 3654 seu
1405 3584 1607 3679 perturbare

190 3712 377 3799 presumat.
394 3703 497 3790 Quod
513 3703 575 3798 qui
590 3705 837 3800 presumpserit
852 3704 1126 3800 indignationem
1144 3713 1295 3778 nostram
1311 3716 1347 3778 et
1361 3728 1487 3800 penam
1503 3709 1608 3803 quin·

190 3827 355 3922 quaginta
373 3827 537 3900 librarum
553 3825 645 3918 auri,
656 3835 769 3923 preter
782 3849 908 3924 penam
923 3829 958 3900 in
971 3828 1163 3924 privilegiis
1171 3829 1244 3921 jam
1257 3832 1607 3928 memoratisexpres·

163 3972 282 4042 .sam,
311 3971 375 4046 pro
397 3959 491 4025 tante
515 3950 713 4026 temeritatis
733 3951 879 4024 audacia
897 3973 935 4024 se
957 3953 1093 4025 noverit
1119 3952 1356 4037 incursurum;
1385 3954 1606 4030 medietatem

189 4095 324 4148 camere
349 4084 465 4148 nostre
489 4085 524 4148 et
545 4076 648 4148 aliam
676 4075 897 4149 medietatem
927 4076 1038 4172 passis
1065 4076 1227 4168 iniuriam
1254 4078 1530 4172 persolvendam.
1548 4079 1604 4155 dd

189 4198 293 4290 hujus
315 4197 433 4293 itaque
459 4198 726 4272 confirmationis
746 4209 862 4273 nostre
883 4201 1084 4274 memoriam
1106 4210 1141 4274 ct
1161 4200 1267 4274 robur
1287 4211 1455 4299 perpetuo
1478 4206 1604 4280 valitu-

188 4345 284 4410 rum,
305 4343 447 4419 presens
461 4324 684 4420 privilegium
708 4323 781 4397 fieri
804 4333 839 4398 et
859 4325 972 4420 sigillo
990 4326 1177 4421 majestatis
1191 4336 1307 4400 nostre
1318 4327 1485 4421 jussimus
1502 4353 1603 4404 com-

188 4444 329 4518 muniri.
1294 4475 1298 4483 '

237 4571 349 4664 Hujus
379 4573 431 4644 rei
461 4581 564 4646 testes
592 4583 675 4647 snut
704 4572 865 4648 Albertus
899 4574 1208 4668 llagdeburgensis
1237 4584 1272 4648 et
1302 4577 1420 4653 Laudo
1449 4582 1602 4675 Reginus

188 4694 456 4794 archiepiscopi,
477 4699 650 4772 Curiensis
666 4701 850 4797 episcopus
866 4709 902 4772 ct
920 4700 1027 4772 abbas
1048 4699 1162 4772 Sancti
1177 4699 1284 4793 Galli,
1304 4703 1453 4778 Cicensis
1469 4709 1601 4804 episco-
