4368 5876
242 633 340 696 horst.
355 629 399 710 9.]
691 625 890 689 HISTORIA
915 625 1207 690 strnounrtcn.
1597 633 1656 698 179

323 764 653 848 (dorcestrensem,
667 761 771 846 Antip.
786 761 892 839 italic,
907 771 980 826 tom.
996 764 1023 840 1,
1038 781 1070 843 p.
1087 763 1311 841 tet-Imm,
1323 759 1412 828 orttc
1426 762 1543 841 mdc,
1556 771 1581 830 t.
1597 770 1653 848 111,

362 891 394 953 p.
412 880 483 948 254,
499 877 529 934 ct
540 871 670 934 umor
686 869 718 934 S.
734 871 843 934 ncne.
857 868 999 945 Floreat,
1015 879 1039 934 t.
1054 873 1080 949 1,
1090 889 1122 952 p.
1132 871 1216 952 tit.)

292 1076 331 1146 ln
350 1069 490 1145 nomine
509 1078 626 1144 sancto
646 1079 682 1143 ct
701 1068 885 1145 individue
898 1067 1084 1142 Trinitatis.
1107 1067 1310 1150 Frederious
1336 1071 1513 1146 secundos
1536 1072 1656 1152 divina

244 1200 382 1272 favente
399 1195 579 1269 clementia
591 1194 822 1268 Romanorum
838 1193 1036 1290 imperator,
1050 1213 1185 1289 semper
1199 1203 1386 1288 angustus,
1400 1201 1435 1269 et
1450 1216 1514 1269 rex
1526 1198 1654 1272 Sicilie.

242 1323 349 1398 Iustis
379 1320 536 1395 fidelium
568 1319 858 1418 postulationibus
891 1319 1078 1418 imperialis
1106 1319 1285 1393 clementia
1314 1320 1525 1394 benevolum
1557 1322 1660 1398 debet

244 1469 423 1523 assensum
441 1444 644 1543 impendere
663 1453 698 1518 et
717 1443 793 1518 illos
817 1443 997 1518 favorabili
1021 1443 1124 1518 debet
1148 1444 1272 1517 affectu
1290 1445 1452 1542 prosequi
1472 1470 1561 1542 quos
1578 1448 1661 1525 fidei

243 1573 376 1672 puritas
401 1581 437 1646 et
458 1579 556 1666 grata
579 1568 721 1644 servitia
745 1569 847 1643 nobis
868 1568 1026 1642 exhibite
1048 1569 1235 1664 plurimum
1262 1571 1553 1647 recommendant.
1583 1575 1659 1649 Ea·-

243 1707 382 1797 propter
399 1706 519 1770 notum
543 1695 689 1770 facimus
712 1693 887 1770 universis
901 1693 1037 1791 imperii
1053 1692 1215 1767 fidelibus
1230 1703 1299 1768 tom
1318 1697 1536 1791 presentibus
1553 1721 1658 1794 quem

244 1824 370 1897 suturis
395 1821 491 1918 qnod
518 1843 582 1894 nos
606 1819 828 1917 respicientes
846 1819 893 1893 ad
910 1842 1034 1916 puram
1063 1818 1168 1892 fidem
1191 1829 1227 1892 et
1246 1821 1414 1895 sinceram
1441 1823 1660 1898 devotionem

244 1971 351 2046 quam
367 1948 513 2023 dilectus
530 1944 644 2020 fidelis
660 1953 775 2020 noster
789 1945 1009 2020 lidibrandos
1020 1944 1071 2042 (i)
1088 1965 1202 2018 comes
1225 1945 1401 2019 Palatinus
1418 1947 1463 2021 do
1476 1949 1597 2022 Tuscia
1614 1949 1660 2024 ad

244 2085 397 2150 nostram
410 2073 650 2148 excellentiam
670 2071 776 2146 hebet
793 2071 941 2146 fideliter
955 2079 990 2145 et
1010 2079 1225 2162 constanter,
1251 2071 1508 2147 considerantes
1521 2097 1661 2171 quoqne

245 2202 398 2298 preclara
415 2199 581 2294 obsequia
602 2219 674 2294 qne
699 2198 800 2271 nobis
822 2206 857 2271 et
877 2198 1022 2296 imperio
1040 2199 1250 2272 incessanter
1265 2199 1426 2272 exhibuit
1444 2209 1479 2274 et
1503 2201 1660 2277 inantea

246 2325 407 2399 devotius
422 2323 622 2417 exhibebit,
635 2325 791 2398 volentes
807 2323 921 2398 eidem
942 2323 1057 2397 comiti
1075 2345 1138 2421 pro
1154 2323 1285 2396 meritis
1300 2326 1521 2420 respondere,
1537 2326 1660 2402 civita·

245 2462 314 2524 tem
339 2472 439 2523 suam
457 2447 607 2523 Grosseti
632 2457 667 2522 et
688 2449 868 2523 universos
886 2448 982 2522 cives
1004 2449 1161 2542 ejusdcm
1181 2471 1262 2521 cum
1280 2449 1442 2522 omnibus
1464 2451 1566 2524 bonis
1586 2452 1660 2528 suis

245 2599 315 2671 qne
326 2597 419 2648 nunc
436 2574 613 2672 possident
629 2583 664 2648 et
678 2573 713 2645 in
728 2581 827 2647 antea
841 2573 1069 2670 possidebunt
1083 2596 1148 2648 nec
1163 2595 1230 2647 non
1246 2575 1480 2672 infrascriptae
1495 2599 1661 2673 personas
1795 2631 1797 2637 -

245 2725 333 2799 quas
352 2701 501 2798 propriis
526 2699 725 2774 nominibus
750 2700 918 2774 duximus
940 2699 1085 2774 inferius
1107 2699 1339 2793 denotandas,
1357 2699 1529 2792 {videlicet
1544 2703 1660 2777 Pano-

247 2825 352 2922 gliam
376 2833 410 2899 et
425 2825 657 2920 Manglantcm
675 2825 817 2898 comites
839 2848 919 2898 cum
943 2825 1010 2898 illis
1030 2825 1075 2900 do
1097 2825 1199 2901 domo
1222 2849 1303 2919 sne,
1333 2825 1488 2918 Ugonem
1513 2826 1558 2900 dc
1574 2830 1660 2903 Val-

247 2959 377 3025 cortese
392 2959 427 3023 et
439 2952 559 3025 fratres
572 2971 671 3043 snos,
694 2949 899 3046 Ugotionem
914 2950 960 3026 de
973 2951 1143 3025 Saxoiorti
1161 2961 1195 3024 et
1211 2952 1330 3024 fratres
1345 2952 1438 3045 ojus,
1459 2951 1659 3027 Panfolliam

247 3072 292 3148 de
310 3074 429 3166 Collis,
454 3073 645 3148 derandum
673 3072 718 3147 de
735 3074 872 3170 Vigneii
897 3086 931 3148 et
950 3074 1172 3149 Gnaisrednm
1197 3077 1334 3149 fratrem
1354 3077 1445 3168 ejuS,
1474 3077 1658 3152 Ranerium

248 3199 293 3273 dc
309 3199 469 3272 Mendico
489 3209 523 3272 et
543 3198 737 3273 Gnidonem
753 3200 891 3273 fratrem
909 3201 1004 3295 ejus,
1022 3200 1215 3274 Gnidonem
1239 3202 1475 3275 vicecomitem
1494 3203 1539 3277 de
1557 3205 1659 3278 Mon-

247 3324 347 3416 talto,
364 3324 519 3397 Mantum
534 3323 579 3398 de
590 3321 748 3398 Grosseto
761 3334 795 3398 et
809 3324 918 3410 filios,
936 3323 1126 3400 Gerardum
1138 3327 1394 3400 Bennerdinnm
1410 3327 1455 3401 de
1469 3329 1657 3424 Ommeno,

247 3447 389 3522 comites
413 3449 685 3540 Ghererdescos‚
717 3447 807 3524 filios
835 3451 970 3524 comitis
995 3452 1177 3549 Engeremi
1208 3454 1254 3528 dc
1282 3452 1441 3548 Biserno,
1474 3455 1659 3550 Ugoiinum

248 3569 358 3645 filium
379 3573 593 3647 vicecomitis
611 3573 657 3648 de
674 3575 859 3671 campilio,
880 3575 1093 3649 Boniiacium
1112 3577 1272 3650 comitem
1290 3577 1335 3651 de
1355 3577 1511 3654 Civiteila
1532 3590 1567 3653 et
1584 3581 1661 3654 iilos

248 3697 293 3772 de
311 3697 414 3772 domo
436 3721 516 3793 sna,
538 3700 740 3795 Gregorinm
757 3700 801 3775 de
819 3703 944 3776 Sancto
961 3702 1184 3794 Gemininno,
1201 3703 1480 3779 Cacciacomitem
1499 3704 1544 3779 de
1559 3705 1662 3780 Collis

248 3831 283 3894 et
306 3823 425 3897 iratres
450 3825 543 3918 ejus,
574 3824 768 3900 Raneldnm
790 3825 834 3900 de
853 3825 954 3901 Collis
978 3836 1014 3902 et
1031 3827 1108 3903 iilos
1123 3829 1168 3903 de
1184 3827 1288 3902 domo
1311 3851 1395 3922 sna,
1418 3830 1609 3906 Pennatum
1628 3841 1662 3906 ct

248 3944 327 4018 illos
343 3945 389 4020 de
408 3945 512 4022 domo
527 3969 608 4042 sne,
629 3949 867 4025 vicedominos
888 3951 934 4026 de
950 3953 1083 4046 Masso,
1099 3954 1274 4027 dianetum
1289 3951 1335 4027 de
1348 3955 1476 4028 Soolnri
1494 3967 1529 4030 et
1542 3958 1663 4031 tratres

251 4069 343 4161 ejus,
361 4069 527 4144 Amicum
543 4071 589 4146 de
599 4072 709 4148 Aritio
721 4084 756 4148 et
768 4077 888 4150 fratres
902 4077 990 4171 ejus,
1007 4087 1043 4150 et
1055 4079 1306 4153 Bemardinnm
1321 4077 1366 4152 de
1377 4081 1527 4155 Mariano
1541 4080 1662 4156 fideles

249 4203 383 4268 nostros
398 4204 434 4269 et
451 4197 586 4272 comitis
605 4201 784 4274 memorati
800 4223 879 4275 cnm
896 4203 1057 4276 omnibus
1071 4203 1144 4276 suis
1162 4202 1360 4300 nudisque
1377 4183 1444 4302 ipsi
1465 4229 1485 4279 e
1507 4207 1663 4304 predicto

251 4318 377 4393 comite
393 4319 573 4418 possident
587 4332 622 4397 et
639 4337 889 4421 recognoscunt
901 4336 1017 4422 etque
1030 4328 1288 4425 predecessores
1305 4349 1425 4401 eorum
1444 4351 1465 4404 a
1482 4331 1663 4426 predeces-

249 4442 386 4516 soribus
413 4445 570 4538 ejusdcm
597 4449 731 4524 comitis
754 4451 982 4546 possederunt
1004 4461 1040 4526 et
1063 4461 1249 4526 tenuerunt
1269 4473 1405 4528 necnon
1428 4462 1564 4529 etcum
1586 4457 1663 4532 aliis

285 4767 322 4841 (t)
339 4767 445 4830 Nomen
458 4771 563 4832 scilicet
575 4772 641 4833 hnic
651 4775 726 4850 genti
739 4775 865 4852 speciale,
878 4779 1023 4854 posteriori
1034 4785 1156 4855 tempore
1165 4777 1371 4840 Atdctrcndior'.
