4436 5870
281 559 380 617 rrum.
396 529 440 634 a]
729 543 925 607 rrrsroam
952 543 1244 606 cannovarrcn.
1654 543 1686 604 rr

280 684 649 763 orationibusmnltum
660 680 868 756 confidimus
880 690 915 754 at
926 701 1074 776 quorum
1085 679 1328 752 fraternitatem
1339 675 1505 750 babentes
1517 673 1591 775 (ric)
1605 676 1691 750 dili-

282 813 410 906 gimus,
427 809 540 905 ipsum
555 807 798 880 monasterium
810 805 925 880 Sancti
938 803 1114 878 Benedicti
1126 825 1231 900 super
1243 801 1375 876 Padum
1390 800 1486 895 quod
1500 799 1601 875 nobis
1611 824 1689 899 spe-

282 936 414 1009 cialiter
425 936 572 1031 pertinet
583 955 662 1006 cum
674 933 835 1006 omnibus
849 931 922 1004 sois
932 929 1207 1027 possessionibus
1216 938 1251 1001 et
1260 925 1563 1001 monasteriorum
1574 924 1691 1000 Gunc-

282 1082 367 1156 zaga
378 1067 413 1133 et
420 1058 664 1132 monasterium
677 1056 831 1132 delecto
839 1052 1308 1129 Paludauoetmonasterium
1319 1053 1486 1124 sextense
1494 1050 1645 1146 positum
1656 1055 1692 1126 in

283 1184 444 1257 comitatu
460 1185 598 1256 Lucano
614 1191 649 1256 ct
663 1183 907 1257 monasterium
924 1181 1039 1254 Sancti
1056 1179 1212 1252 Pontiani
1230 1187 1265 1249 ct
1278 1177 1393 1250 Sancti
1409 1176 1546 1249 Martini
1561 1177 1599 1248 in'
1610 1178 1695 1252 colle

283 1330 363 1382 cum
382 1307 545 1381 omuibus
563 1330 683 1381 eorum
703 1307 978 1403 possessionibus
996 1314 1031 1379 ct
1043 1304 1158 1378 omnia
1174 1303 1241 1377 alia
1259 1300 1465 1375 monasteria
1484 1309 1519 1374 et
1534 1303 1697 1375 ecclesias

283 1432 495 1527 ubicumque
509 1432 579 1504 siut
589 1431 745 1529 predicto
758 1431 964 1506 monasterio
977 1429 1093 1503 Sancti
1107 1426 1283 1501 Benedicti
1297 1424 1505 1522 pertinentes
1519 1437 1598 1499 cum
1613 1448 1696 1501 om-

285 1556 390 1629 uibus
409 1557 700 1653 possessionibus,
713 1555 859 1652 predicti
871 1554 1006 1628 abbatis
1020 1573 1203 1650 personam
1217 1559 1251 1623 et
1265 1571 1386 1622 omues
1402 1549 1606 1637 monachos,
1623 1551 1697 1624 cle-

286 1682 375 1754 ricos
388 1691 422 1754 et
437 1703 621 1756 conversos
632 1701 726 1772 suos,
748 1679 912 1752 familiam
922 1699 1064 1774 quoque
1078 1686 1110 1750 et
1125 1697 1245 1749 omues
1256 1673 1465 1747 habitatores
1476 1693 1570 1765 suos,
1583 1675 1697 1748 omnia

284 1805 386 1878 etiam
404 1807 495 1879 bona
509 1806 649 1879 mobilia
663 1815 698 1879 ct
713 1804 902 1877 immobilia
917 1803 1026 1899 ipsius
1040 1800 1237 1874 monasterii
1255 1809 1291 1872 et
1304 1798 1459 1872 omnium
1475 1797 1697 1873 ecclesiarum

286 1952 427 2002 suarum
449 1940 484 2004 ct
507 1930 686 2004 bominum
714 1951 856 2001 suorum
881 1928 1094 2021 ubicumque
1113 1927 1182 1999 siut
1206 1926 1243 1998 in
1271 1925 1412 1998 tutelam
1435 1933 1559 1999 nostre
1575 1924 1700 1999 deleu-

286 2054 393 2126 sionis
413 2061 447 2126 et
465 2053 687 2149 protectionis
706 2053 914 2149 recipimus,
930 2060 965 2126 et
983 2073 1024 2125 ea
1041 2051 1158 2125 omnia
1174 2049 1328 2147 predicta
1346 2051 1392 2123 ab
1414 2049 1508 2123 omni
1529 2051 1699 2146 imperiali

287 2178 468 2251 exactione
499 2189 534 2252 et
559 2177 799 2270 jurisdictione
834 2177 1085 2272 cujuscumque
1119 2175 1313 2272 potestatis,
1344 2175 1492 2247 civitatis
1522 2176 1579 2248 vel
1605 2197 1699 2248 oom-

287 2303 402 2376 munis
419 2312 454 2376 et
470 2303 627 2376 omnium
646 2303 846 2375 nuntiorum
869 2310 1063 2375 nostrorum
1087 2309 1123 2375 et
1143 2301 1377 2374 ministrorum
1396 2307 1589 2372 nostrorum
1612 2321 1699 2396 prc-

285 2427 434 2500 seutium
452 2437 486 2500 et
511 2429 704 2500 futurorum
722 2434 757 2499 et
777 2428 823 2500 ab
840 2426 1002 2500 omnibus
1023 2401 1164 2520 insuper
1180 2424 1399 2520 albergariis,
1418 2423 1611 2517 arimaniis,
1636 2448 1698 2498 an·

286 2549 392 2644 gariis
418 2559 453 2622 et
478 2550 710 2648 perangariis,
738 2549 865 2640 fodris,
895 2547 1066 2640 collectis,
1094 2547 1236 2639 bannis,
1264 2546 1509 2642 gualdimouiis
1535 2557 1698 2645 exempta

286 2675 440 2768 omniuo,
457 2675 579 2768 libera,
594 2675 752 2748 absoluta
762 2695 839 2748 esse
854 2675 1017 2746 volumus
1035 2681 1139 2768 atquc
1153 2673 1362 2769 precipimus
1378 2693 1440 2768 pro
1454 2674 1569 2748 anime
1584 2685 1699 2749 nostre

285 2800 439 2874 remedio
452 2807 487 2873 et
502 2810 684 2896 parentum
698 2810 912 2893 nostrorum
932 2821 1002 2893 que
1020 2798 1136 2871 omnia
1154 2799 1192 2870 in
1207 2798 1379 2892 integrum
1398 2797 1552 2893 predicto
1569 2821 1697 2874 mona-

286 2923 388 2996 sterio
406 2925 520 2997 Sancti
534 2923 711 2998 Benedicti
729 2946 834 3021 super
851 2924 984 2999 Padum
1000 2923 1036 2995 iu
1052 2931 1253 3020 perpetuum
1270 2923 1452 3015 donamus,
1474 2925 1697 2999 concedimus

285 3059 319 3118 et
337 3045 579 3122 confirmamus
596 3058 631 3122 et
652 3049 728 3144 lege
750 3071 886 3145 semper
903 3049 1050 3121 valitura
1067 3049 1339 3121 corroboramus.
1364 3047 1563 3143 Speoialiter
1580 3061 1695 3124 antem

284 3171 401 3245 omnia
417 3173 509 3247 bona
524 3173 666 3246 mobilia
688 3182 723 3246 et
741 3173 933 3247 immobilia
956 3195 1025 3267 que
1042 3174 1088 3246 ab
1108 3172 1255 3246 Hearicc
1281 3173 1389 3245 tertio·
1402 3181 1437 3245 et
1455 3181 1598 3267 quarto,
1623 3177 1698 3248 lc·

288 3293 397 3368 tharic
420 3306 455 3368 et
470 3297 643 3371 Friderico
660 3307 695 3370 et
715 3297 862 3370 Henrico
880 3297 1144 3393 imperatoribus
1160 3293 1316 3392 [teuent]
1336 3305 1372 3369 et
1389 3319 1608 3392 quecumque
1628 3299 1698 3372 im-

285 3429 458 3513 peratores
474 3421 588 3495 eidem
608 3422 814 3495 monasterio
832 3431 867 3495 et
880 3422 953 3496 suis
968 3422 1122 3496 ecclesiis
1137 3421 1250 3515 largiti
1265 3429 1358 3513 suut,
1374 3419 1698 3517 videlicetquatuor

285 3564 424 3618 mansos
436 3546 474 3617 in
489 3547 591 3619 lecto
609 3544 787 3621 Paludauo
806 3548 852 3620 ab
869 3547 1016 3620 Henricc
1032 3554 1130 3620 sento
1151 3555 1186 3618 ct
1200 3554 1278 3619 octo
1298 3546 1344 3619 ab
1366 3545 1483 3619 inclito
1498 3568 1580 3641 rege
1603 3547 1696 3622 Con-

286 3667 371 3742 rado
385 3667 476 3743 bone
493 3669 657 3742 memorie
678 3670 791 3763 datos,
811 3691 992 3744 concessos
1009 3679 1044 3743 et
1058 3668 1293 3761 confirmatos,
1311 3678 1345 3742 et
1363 3693 1433 3764 que
1455 3693 1477 3744 a
1497 3673 1696 3748 marchione

286 3791 451 3866 letbaldo
475 3803 511 3866 et
533 3817 553 3867 a
571 3795 850 3889 progenitoribus
865 3797 938 3880 suis
962 3795 1137 3868 Bouilacio
1159 3804 1194 3868 ct
1216 3793 1356 3869 Alberto
1380 3797 1638 3873 marchionibus
1661 3811 1696 3874 ct

285 3915 495 3992 nobilissima
518 3919 690 3992 comitissa
715 3919 856 3993 Matilda
878 3929 913 3992 et
937 3919 1027 3994 duce
1050 3919 1251 4016 Guelphonc
1270 3929 1305 3992 ct
1323 3921 1368 3994 ab
1383 3921 1461 3995 aliis
1486 3923 1571 3998 viris
1590 3929 1695 4001 nobi-

285 4039 394 4133 libus,
414 4042 619 4140 capitaneis,
641 4043 883 4117 valvasoribus
901 4053 936 4118 ct
953 4046 999 4118 ab
1015 4045 1092 4118 aliis
1114 4045 1271 4118 vassallis
1296 4053 1330 4117 et
1355 4044 1554 4121 bominibus
1570 4053 1695 4124 nostris

285 4155 535 4262 cujuscumque
547 4167 754 4240 conditionis
769 4169 944 4264 sepedicto
955 4169 1160 4242 monasterio
1177 4180 1211 4241 et
1227 4167 1391 4241 omnibus
1403 4169 1481 4242 aliis
1494 4174 1567 4245 suis
1584 4177 1692 4251 ecclc-

284 4286 345 4361 siis
359 4288 498 4380 donata,
515 4292 650 4379 collata,
667 4313 829 4366 concessa
842 4302 970 4366 suntet
984 4292 1202 4385 ooulirmata3
1217 4292 1447 4367 omniaetiam
1459 4295 1550 4371 bona
1562 4309 1597 4372 et
1611 4323 1692 4397 pos-

283 4413 452 4486 sessiones
465 4437 553 4509 quas
566 4417 784 4490 Harmanuus
793 4417 903 4490 Faber
917 4418 962 4491 de
977 4418 1175 4514 Pigoguaga
1189 4439 1252 4514 pro
1268 4417 1423 4491 remedio
1435 4421 1550 4495 anime
1562 4446 1626 4498 sue
1640 4427 1690 4498 ci-

284 4533 365 4608 dem
381 4537 588 4610 mouasterio
604 4539 749 4612 contulit
762 4550 798 4612 et
814 4541 1003 4631 concessit,
1024 4563 1158 4615 necnon
1172 4551 1207 4614 et
1222 4543 1456 4639 possessiones
1472 4568 1596 4640 quasa
1613 4549 1691 4623 liliis

283 4657 462 4752 quondam
478 4660 663 4758 Praytolini
686 4661 733 4738 de
753 4663 981 4740 Castellarauo
1000 4665 1093 4739 idem
1109 4667 1355 4742 monasterium
1369 4669 1453 4743 emit
1467 4680 1502 4744 et
1516 4692 1636 4749 omnes
1647 4676 1692 4751 de
