4296 5898
507 567 569 630 252
1011 567 1225 631 intonaret
1250 567 1423 630 securta!
1740 565 1818 654 [Arm.
1836 565 1918 629 lam

509 701 681 776 territorio
701 711 736 775 et
752 702 975 800 pertinenciis
987 703 1078 797 suis;
1096 710 1246 776 castrum
1260 702 1307 776 de
1321 701 1525 776 Aaroneves
1541 691 1693 799 (ticum
1711 701 1922 778 territorioet

510 825 733 922 pertinenciis
754 827 844 916 suis;
863 827 901 900 in
922 837 1033 902 castro
1051 825 1097 900 de
1112 827 1231 901 Evena
1248 823 1302 924 (2)
1319 835 1478 922 quartam
1502 833 1652 923 partem,
1674 827 1712 900 in
1732 828 1816 903 villa
1834 827 1921 902 etin

510 972 591 1024 roca
615 961 649 1024 et
673 949 709 1023 in
732 951 901 1027 territorio
924 951 1083 1046 ejusdem
1110 951 1213 1026 castri
1235 950 1272 1024 in
1294 952 1394 1026 terris
1414 951 1515 1025 cultis
1537 960 1572 1026 et
1593 951 1751 1045 incultis;
1775 960 1920 1026 castum

511 1075 614 1150 etiam
634 1075 680 1149 de
695 1076 845 1150 Banceto
867 1073 921 1174 (3)
939 1098 1021 1150 cum
1044 1083 1115 1149 tote
1137 1075 1306 1150 territorio
1330 1086 1365 1150 et
1383 1075 1606 1173 pertinenciis
1629 1077 1722 1170 snis;
1748 1076 1786 1150 in
1805 1085 1922 1171 stagno

510 1197 556 1274 de
572 1199 699 1274 Laenio
717 1199 770 1297 (l)
793 1201 830 1273 in
854 1202 1064 1298 proprietate
1090 1210 1150 1275 tua
1180 1209 1290 1274 totum
1316 1221 1491 1274 novenum
1514 1200 1560 1274 de
1581 1202 1712 1276 salibus
1732 1211 1768 1275 et
1786 1201 1921 1275 meten

509 1333 642 1422 partem
659 1325 782 1418 ledde,
805 1327 841 1398 in
861 1325 1006 1422 reliquis
1027 1347 1112 1401 vero
1137 1324 1276 1400 duabus
1292 1326 1448 1424 partibus
1465 1324 1569 1400 ledde
1591 1334 1627 1400 et
1651 1326 1688 1400 in
1710 1333 1782 1400 toto
1805 1333 1921 1420 stagno

509 1449 725 1544 dominium
748 1451 786 1522 in
808 1450 937 1525 Vitrola
960 1459 996 1524 et
1014 1449 1217 1545 blarignana
1240 1448 1314 1547 (5),
1335 1450 1372 1524 in
1394 1450 1500 1546 Papia
1520 1448 1574 1548 (t)
1591 1459 1627 1524 et
1645 1452 1772 1524 Sancto
1791 1449 1923 1523 Victore

510 1573 556 1650 de
578 1574 670 1648 Cella
687 1571 741 1672 (6)
768 1575 926 1649 similitor
949 1574 1093 1650 terciam
1120 1584 1253 1673 partem
1277 1575 1314 1648 in
1343 1573 1448 1650 ledda
1469 1573 1515 1648 de
1536 1573 1669 1648 salibus
1693 1573 1845 1648 venditis
1869 1571 1923 1644 vel

510 1699 720 1792 vendendis,
745 1708 781 1774 et
802 1702 962 1796 quotiens
981 1709 1082 1773 tuum
1108 1701 1214 1774 salem
1240 1700 1394 1774 vendere
1421 1699 1458 1774 in
1480 1698 1604 1774 eodem
1627 1709 1751 1795 stagno
1775 1697 1923 1772 volueris

511 1823 642 1898 nemini
665 1823 767 1898 liceat
794 1845 897 1897 suum
920 1824 1028 1898 salem
1049 1823 1203 1900 vendere
1224 1823 1311 1898 dnm
1333 1821 1385 1896 tui
1408 1823 1498 1897 sales
1519 1822 1716 1898 vendentur
1735 1821 1782 1897 de
1806 1831 1924 1917 stagno

512 1949 656 2041 eodem;
674 1949 712 2022 in
728 1957 831 2045 portu
851 1947 896 2023 de
909 1947 1089 2044 bagneriis
1102 1945 1154 2044 (Τ)
1172 1946 1218 2022 de
1234 1947 1397 2022 omnibus
1420 1947 1571 2023 navibus
1590 1946 1720 2022 ibidem
1744 1946 1924 2042 applican-

511 2073 607 2147 tibus
629 2072 675 2149 de
690 2071 797 2147 ledda
812 2083 847 2148 et
862 2073 908 2148 de
925 2073 1088 2148 omnibus
1103 2073 1245 2147 usaticis
1259 2094 1330 2169 que
1341 2072 1469 2146 debent
1485 2072 1522 2144 in
1539 2073 1645 2146 tercia
1661 2079 1759 2169 parte
1774 2071 1924 2167 proprie-

514 2207 638 2292 tatem,
665 2198 702 2270 in
727 2197 871 2294 reliquis
893 2220 978 2273 vero
1001 2197 1141 2273 duabus
1165 2199 1322 2294 partibus
1345 2194 1416 2295 [el]
1441 2198 1478 2271 in
1499 2205 1571 2272 toto
1590 2205 1691 2294 portu
1718 2195 1921 2270 dominium.

512 2323 743 2398 concedimus
756 2324 862 2397 etiam
875 2331 917 2397 ul
931 2324 968 2397 in
982 2331 1042 2398 tua
1058 2323 1198 2397 civitate
1212 2322 1365 2398 Massilia
1380 2345 1485 2422 super
1497 2324 1624 2397 liccam
1638 2321 1824 2397 Barbarum
1841 2310 1924 2396 etin

511 2470 722 2545 quacunque
738 2448 954 2544 possessione
972 2457 1032 2522 tue
1049 2448 1280 2542 ecclesieque
1300 2448 1469 2544 placuerit
1488 2449 1589 2524 liceat
1605 2447 1667 2520 tibi
1685 2447 1825 2542 tuisque
1841 2467 1926 2519 suc-

511 2573 707 2648 cessoribus
726 2585 854 2648 turrem
875 2575 931 2648 vel
952 2574 1142 2669 quamlibet
1163 2573 1390 2648 munitionem
1413 2573 1461 2648 ad
1482 2574 1648 2648 bonoram
1666 2571 1803 2668 imperii
1818 2579 1854 2646 et
1871 2592 1924 2646 eu·

513 2699 617 2774 clesie
635 2707 696 2772 tue
713 2699 896 2774 utilitatem
912 2698 1112 2792 hedificare,
1128 2707 1164 2773 et
1180 2719 1226 2774 ne
1241 2698 1359 2795 aliqua
1376 2698 1608 2774 ecclesiastica
1622 2697 1834 2773 secularisve
1850 2718 1925 2794 per·

512 2845 598 2897 sona
622 2823 659 2895 in
684 2821 840 2917 ejusdem
867 2823 1011 2898 ecclesie
1036 2825 1312 2920 possessionibus
1339 2833 1468 2898 turrem
1492 2823 1550 2898 vel
1577 2823 1679 2898 aliam
1702 2821 1924 2896 munitionem

511 2946 588 3021 sine
602 2959 663 3019 tuo
682 2947 739 3020 vel
757 2968 994 3022 successorum
1008 2957 1147 3022 tuorum
1164 2969 1310 3024 assensu
1326 2947 1515 3024 hedificare
1530 2969 1593 3022 seu
1612 2945 1847 3044 possessiones
1866 2965 1925 3019 ec-

512 3071 617 3146 clesia
631 3073 781 3146 alienare
796 3073 854 3145 vel
873 3074 1008 3147 auferre
1029 3081 1206 3169 presumat
1226 3073 1428 3148 auctoritate
1447 3072 1618 3170 imperiali
1635 3070 1750 3146 medis
1768 3069 1924 3144 omnibus

513 3196 735 3287 inhibemus3
755 3195 958 3292 adjicientes
976 3206 1016 3271 ut
1040 3219 1146 3295 super
1171 3197 1305 3272 eunctis
1328 3197 1605 3295 possessionibus
1625 3196 1849 3272 Massiliensis
1870 3213 1924 3268 eo·

513 3321 617 3396 clesie
635 3334 673 3395 tu
692 3331 728 3396 et
745 3343 962 3398 successores
981 3323 1033 3396 tui
1055 3324 1194 3420 plenam
1209 3323 1367 3399 habeatis
1377 3323 1653 3418 jurisdictionem
1671 3331 1707 3396 et
1726 3327 1924 3417 potestatem

512 3446 721 3545 disponendi
743 3460 779 3524 et
801 3448 984 3524 ordinandi
1007 3449 1242 3548 possessiones
1267 3450 1535 3540 ecclesiasticos,
1553 3457 1656 3546 prout
1683 3447 1786 3521 vobis
1806 3445 1924 3520 melius

512 3575 629 3648 visum
654 3574 758 3649 fuerit
779 3575 826 3650 ad
849 3575 1016 3650 bonorem
1038 3575 1175 3672 imperii
1199 3585 1235 3650 et
1255 3575 1402 3653 ecclesie
1419 3584 1533 3650 vestre
1554 3573 1749 3648 utilitatem.
1773 3572 1925 3644 Preterea

513 3711 680 3798 perpetua
696 3700 882 3776 stabilitate
900 3700 1094 3774 sanccimus
1113 3710 1154 3775 ut
1167 3701 1353 3798 episcopus
1369 3701 1428 3775 vel
1443 3697 1668 3776 Massiliensis
1681 3695 1828 3772 ecelesia
1843 3691 1923 3766 nulli

548 4027 586 4102 (t)
603 4027 792 4086 verisimiliter
806 4028 923 4087 damac

549 4125 587 4200 (a)
605 4125 792 4186 verisimiliter
804 4125 921 4185 domos.

550 4224 588 4300 (3)
606 4223 794 4286 verisimiliter
802 4225 856 4283 Lea
872 4225 954 4283 Bcrm
964 4223 1007 4284 vel
1019 4223 1058 4283 Le
1070 4225 1208 4284 Becauut.

551 4324 588 4399 (t)
605 4323 701 4398 Agitur
713 4322 853 4384 evidenter
866 4323 902 4382 de
913 4330 1008 4400 stagno
1019 4322 1054 4382 de
1065 4323 1149 4382 Bene
1161 4323 1189 4381 in
1202 4337 1256 4398 quo
1269 4321 1386 4382 refluant
1398 4337 1484 4396 aquae
1497 4321 1575 4380 sinus
1586 4319 1652 4380 dicti
1664 4317 1697 4378 de
1708 4319 1788 4378 Lina.

552 4420 591 4494 (a)
614 4420 958 4494 Vltrollesetlicripaooe.

555 4518 592 4591 (6)
610 4515 799 4576 verisimiliter
812 4517 987 4577 St-Vr'ctovat.

554 4617 593 4691 (Ἰ)
611 4616 733 4674 Forsitan
744 4615 791 4674 bio
800 4616 888 4691 agitur
901 4616 937 4675 de
952 4622 1033 4691 portu
1046 4616 1126 4674 hodie
1140 4616 1213 4675 dicto
1232 4615 1264 4673 cle
1283 4617 1365 4674 Beue.
1379 4617 1419 4674 De
1431 4616 1477 4675 bis
1487 4615 1613 4675 omnibus
1630 4614 1749 4674 locorum
1764 4604 1921 4692 nominibus,

520 4715 556 4775 cf.
570 4716 657 4774 lturrr
669 4721 697 4773 et
708 4721 829 4774 caeteros
842 4715 889 4790 qui
901 4714 937 4774 ds
949 4714 1110 4776 Massiliensi
1124 4716 1299 4792 topographia
1311 4715 1506 4776 dissemerunt.
