4292 5894
548 527 609 592 366
1048 529 1263 594 lrltlnltnlcl
1289 531 1463 596 SECUNbl
1769 534 1854 614 [nu.
1873 534 1955 600 lm

550 661 596 737 de
628 663 772 736 hunno
801 661 1043 756 magistrorum
1068 674 1277 740 secretorum
1305 689 1424 762 greces
1447 663 1496 762 (a)
1522 687 1564 740 ao
1590 675 1746 763 petentes
1773 689 1959 766 eorumque

550 786 672 882 sigillis
688 785 859 878 munitus,
882 807 972 881 ques
987 788 1161 862 mansioni
1175 789 1211 864 in
1226 789 1372 864 latinum
1391 791 1549 864 similiter
1565 789 1729 868 iacientes
1744 792 1848 888 plene
1865 794 1958 868 intel·

550 911 702 985 leximus
715 911 862 1006 qualiter
878 911 946 1008 ipsi
964 913 1111 998 acurio,
1130 913 1293 990 videlicet
1312 937 1333 990 a
1353 915 1496 990 mutua
1516 923 1624 990 mene
1640 925 1776 1008 nostra,
1803 937 1844 990 se
1866 940 1959 992 men·

550 1035 671 1112 delum
703 1036 873 1130 recepisse
902 1037 1098 1110 fatebantur
1128 1048 1168 1110 nt
1195 1039 1338 1113 ecclesie
1368 1039 1574 1116 Iloesanensi
1603 1037 1773 1116 decimam
1807 1041 1960 1116 omniun

550 1168 781 1258 proventuum
807 1170 843 1234 ot
862 1159 1065 1236 reddituum
1085 1163 1242 1255 llossnni,
1269 1163 1387 1238 Sancti
1415 1165 1526 1238 llauri
1550 1174 1586 1238 et
1611 1164 1800 1240 ludeorum
1821 1165 1960 1238 llossnni

550 1284 702 1360 fecerent
719 1285 897 1379 exbibsri;
917 1287 980 1381 qui
993 1288 1096 1380 iuxta
1111 1286 1314 1364 mandatum
1328 1286 1426 1383 quod
1442 1297 1641 1384 receperant
1655 1288 1809 1364 decimus
1823 1288 1961 1384 ipsesei

550 1410 720 1506 assignari
736 1411 909 1504 lecerunt,
927 1411 1018 1484 sicut
1034 1411 1071 1484 in
1088 1411 1375 1506 quaternionibus
1390 1412 1485 1485 curie
1502 1413 1669 1510 scriptum
1685 1423 1772 1486 erat.
1788 1411 1890 1488 Unde
1907 1425 1959 1508 tu,

549 1535 706 1634 predicte
731 1535 1005 1633 archiepiscope,
1024 1536 1199 1610 humiliter
1216 1537 1417 1633 supplicasti
1438 1545 1613 1632 quatenus
1627 1534 1673 1634 (t)
1693 1535 1894 1633 supradicta
1916 1538 1962 1612 si·

548 1663 647 1757 gilla,
671 1659 895 1757 privilegium
918 1670 954 1734 et
977 1661 1105 1756 scripte
1126 1661 1189 1736 tibi
1206 1671 1242 1736 et
1258 1661 1402 1736 ecclesie
1423 1672 1483 1736 tue
1500 1661 1719 1754 renovando,
1737 1663 1830 1736 sient
1844 1663 1897 1736 eis
1913 1664 1961 1736 uti

549 1785 730 1859 consuevit
755 1785 910 1882 ipsorum
933 1786 1146 1882 temporibus
1167 1786 1312 1860 ecclesia
1334 1786 1580 1879 llosssnensis,
1601 1787 1683 1879 libi,
1707 1787 1961 1862 suecessoribus

548 1911 617 1984 tuis
647 1918 683 1984 et
707 1911 852 1984 ecclesie
881 1910 1087 1984 llossanenei
1117 1909 1321 1984 confirmare
1344 1911 1380 1984 in
1405 1921 1610 2006 perpetuum
1635 1911 1871 2004 dignaremur.
1894 1913 1960 1986 Nos

549 2034 655 2130 igitur
672 2033 887 2110 attendentes
900 2045 1066 2130 quantam
1083 2034 1304 2110 devotionem
1324 2045 1360 2108 et
1376 2037 1607 2110 reverentiam
1624 2035 1815 2132 supradicti
1834 2037 1956 2130 duces,

549 2181 639 2235 avus
665 2169 701 2234 et
721 2170 830 2233 meter
857 2168 972 2234 nostre
991 2159 1108 2233 inclite
1134 2158 1380 2234 reeordationis
1406 2181 1490 2258 orm
1512 2161 1762 2235 bossenensem
1784 2160 1957 2234 eeclesiam

547 2285 765 2376 habuerunt,
782 2284 828 2358 ob
846 2283 1036 2358 remedium
1053 2283 1248 2358 animarum
1266 2283 1440 2380 ipsorum,
1461 2305 1524 2381 pro
1540 2285 1654 2358 mlute
1669 2307 1712 2358 ac
1730 2284 1959 2358 incolumitate

548 2418 682 2500 nostra,
705 2409 974 2505 supplicationes
999 2408 1084 2483 dicti
1104 2408 1352 2506 archiepiscopi
1371 2409 1524 2504 benigne
1541 2409 1711 2484 duximus
1731 2407 1958 2484 adnn'ttendss

548 2555 590 2608 uc
612 2533 769 2629 predicta
787 2533 918 2628 sigilla,
943 2532 1126 2629 privilegia
1148 2541 1182 2605 et
1204 2533 1349 2629 scripta,
1369 2533 1463 2606 sicut
1487 2533 1650 2630 superius
1674 2543 1757 2606 sunt
1777 2555 1955 2630 expressa,

547 2657 688 2754 penitus
713 2666 919 2732 renovantes
945 2657 1021 2754 ipsa
1044 2665 1080 2732 et
1099 2656 1215 2731 omnin
1234 2679 1304 2752 que
1324 2658 1361 2730 in
1383 2657 1435 2730 eis
1459 2657 1725 2732 continebantur
1751 2657 1815 2730 tibi
1835 2659 1959 2754 prelato

548 2783 820 2879 archiepiscopo,
839 2781 1097 2856 successoribus
1112 2781 1182 2855 tuis
1194 2790 1229 2856 st
1241 2781 1386 2856 ecelesia
1399 2783 1619 2886 Rossaneusi,
1632 2781 1723 2855 sicut
1738 2782 1790 2856 eis
1804 2783 1961 2856 omnibus

549 2909 758 3006 supradictis
774 2908 988 3004 temporibus
1009 2917 1045 2982 et
1064 2928 1176 3002 usque
1195 2906 1244 2982 ed
1258 2907 1393 2982 obitum
1415 2905 1614 3004 supradicte
1637 2907 1758 2980 matris
1779 2915 1895 2982 nostre
1913 2908 1960 2981 uti

550 3033 731 3108 consuevit
754 3029 900 3127 pacilioe
921 3040 957 3104 et
975 3031 1093 3126 quiete
1114 3031 1260 3106 ecclesie
1278 3031 1521 3125 Rossenensis,
1539 3029 1587 3106 de
1603 3030 1828 3125 benigmtdis
1852 3043 1962 3106 nostm

549 3158 658 3254 gratie
677 3157 713 3228 in
733 3165 940 3252 perpetuum
958 3154 1214 3230 confirmemus.
1235 3154 1292 3231 ild
1314 3157 1420 3250 hujus
1435 3164 1552 3230 autem
1570 3156 1804 3230 renovationis
1826 3166 1863 3230 et
1879 3179 1961 3231 oon·

549 3281 750 3358 firmationis
775 3288 890 3354 nostre
919 3281 1121 3354 memoriam
1150 3289 1185 3356 et
1210 3280 1316 3354 robur
1345 3282 1382 3354 in
1414 3289 1621 3378 perpetuum
1646 3280 1856 3375 valiturum,
1879 3302 1961 3379 pre-

548 3429 628 3482 sens
652 3405 875 3502 privilegium
891 3427 954 3502 per
974 3427 1099 3480 manns
1125 3406 1267 3480 loannis
1285 3405 1330 3480 de
1355 3407 1508 3500 Trajecto
1530 3403 1654 3480 notarii
1671 3415 1709 3478 et
1722 3403 1836 3480 tidelis
1859 3405 1961 3480 nostii

548 3531 653 3606 scribi
668 3540 703 3605 et
720 3531 833 3626 sigillo
843 3530 1031 3624 majestatis
1046 3539 1163 3605 nostre
1174 3531 1343 3624 jussimus
1360 3530 1583 3623 communiri,
1599 3551 1705 3624 anno,
1725 3553 1847 3607 mense
1862 3543 1897 3606 et
1911 3533 1961 3604 in·

548 3657 699 3732 dictione
716 3656 933 3751 subscriptis.

596 3783 681 3854 Data
698 3780 792 3877 apud
808 3780 1012 3873 Cotmnum,
1034 3801 1126 3855 enno
1141 3779 1315 3856 dominice
1329 3779 1577 3854 incarnationis
1597 3779 1781 3854 millesimo
1800 3779 1961 3854 dueente-

547 3906 634 3980 simo
651 3905 821 4000 vigesimo
842 3905 960 3996 tertio,
983 3925 1103 3980 mense
1130 3905 1232 3998 maii,
1252 3905 1300 3978 ΙΙΙ
1317 3903 1523 3996 indictione,
1541 3904 1677 4000 imperii
1700 3903 1835 3978 domini
1860 3903 1960 3978 nostri

544 4028 717 4104 Frederici
731 4029 795 4104 Dei
817 4030 928 4124 gratia
944 4030 1164 4104 illustrissimi
1181 4032 1412 4104 Romanorum
1427 4029 1659 4126 imperatoris,
1677 4051 1815 4126 semper
1827 4029 1960 4127 augusti

546 4163 581 4226 et
602 4153 839 4247 gloriosissimi
863 4154 957 4250 regis
976 4153 1093 4228 Sicilie
1115 4176 1206 4229 anno
1231 4155 1295 4248 ΙΙΙ,
1320 4154 1420 4251 mgni
1441 4175 1525 4229 vero
1548 4153 1664 4230 Sicilie
1679 4155 1790 4248 XXV,
1809 4155 1958 4230 feliciter.

548 4275 669 4350 Amen.

589 4451 630 4530 (a)
654 4455 719 4516 Vox
729 4453 840 4528 donn,
854 4469 948 4532 quum
962 4455 995 4514 ln
1009 4455 1151 4533 impresso
1164 4455 1279 4536 legatur
1288 4471 1398 4538 prm

590 4557 629 4638 lb)
651 4560 687 4620 ln
699 4563 843 4638 lmpresso
862 4567 1025 4642 promen,
1040 4563 1126 4624 mele.
