4292 5894
547 585 609 647 372
1050 585 1259 648 satosntct
1286 585 1462 648 saeuum
1773 587 1855 667 [sn.
1874 587 1952 652 mat

547 721 709 794 hibemus
735 730 777 794 ut
804 722 920 796 nullos
948 721 1561 817 comes,marcl1ioautqusvisalia
1583 741 1746 817 pesona,
1766 743 1830 818 per
1847 745 1886 796 se
1903 725 1953 796 ret

549 867 611 941 per
628 847 763 939 bajulos
779 868 878 939 suos,
898 856 1074 942 presumat
1090 847 1247 921 homines
1262 857 1324 920 aut
1339 847 1415 920 loca
1428 844 1475 919 ad
1490 846 1734 920 monasterium
1754 847 1953 943 petinentia

547 969 758 1064 inquietare,
780 971 906 1064 punire
919 971 977 1044 vel
994 970 1209 1066 quibuslibet
1219 971 1370 1044 collectis
1388 979 1449 1042 aut
1462 968 1702 1042 exactionibus
1716 978 1779 1042 aut
1792 971 1953 1065 capsum

546 1091 650 1166 dictis
678 1115 824 1186 gravare
850 1103 912 1167 aut
931 1093 968 1166 in
984 1093 1094 1190 ipsius
1111 1095 1307 1168 monasterii
1324 1093 1410 1167 locis
1433 1100 1608 1188 prmumat
1633 1093 1761 1188 aliquis
1783 1095 1860 1199 sine
1883 1096 1953 1189 ejus

543 1237 712 1290 consensu
735 1219 935 1292 consulatus
955 1219 1098 1311 exigere
1115 1226 1176 1293 aut
1199 1221 1351 1314 aliquam
1376 1217 1645 1293 dominationem
1668 1220 1725 1292 vel
1755 1229 1952 1314 poteseen

543 1351 704 1440 pretextu
741 1343 1028 1416 confraternitatis
1056 1353 1118 1417 aut
1152 1343 1307 1437 cujusvis
1337 1343 1621 1418 considerationis
1659 1341 1858 1436 uindicare,
1894 1345 1953 1419 sed

543 1468 660 1541 omnia
676 1489 741 1540 sua
756 1468 825 1539 sint
842 1467 949 1542 libera
970 1478 1005 1540 et
1026 1469 1211 1542 celestibus
1227 1469 1349 1542 usibus
1366 1468 1524 1543 dedicata
1547 1479 1582 1541 et
1604 1468 1760 1544 homines
1777 1467 1825 1542 ad
1842 1470 1952 1565 ipsum

541 1593 786 1666 monasterium
810 1592 1017 1688 pertinentes
1041 1616 1064 1665 a
1087 1594 1160 1666 solo
1188 1594 1313 1667 abbate
1341 1603 1376 1667 et
1400 1593 1526 1685 bajulis
1546 1593 1621 1666 suis
1645 1613 1707 1689 prc
1728 1593 1802 1666 suis
1826 1615 1951 1668 exces-

541 1717 639 1792 sibus
664 1717 867 1812 puniantur.
896 1719 1085 1791 statuimus
1113 1718 1217 1792 etiam
1244 1716 1343 1812 quod
1369 1718 1415 1792 de
1440 1727 1554 1791 cetero
1583 1739 1653 1790 nou
1688 1717 1789 1791 liceat
1816 1717 1948 1790 arehie-

540 1843 683 1937 pisecpo
698 1842 756 1914 vel
774 1843 955 1938 episcopo,
976 1842 1076 1933 duci,
1097 1841 1305 1929 marchioni,
1322 1841 1459 1933 comiti,
1482 1842 1693 1930 vicecomiti,
1712 1843 1872 1938 potestati
1890 1865 1947 1916 seu

540 1967 743 2040 consulibus
778 1967 834 2038 uel
864 1966 968 2039 alicui
1002 1967 1176 2040 communi
1210 1968 1267 2041 vel
1300 1967 1404 2040 etiam
1432 1967 1537 2040 alicui
1567 1987 1713 2062 persone
1742 1967 1867 2040 humili
1895 1969 1946 2042 rel

541 2091 630 2178 alte,
650 2091 796 2164 seculari
818 2092 874 2164 vel
891 2091 1141 2185 ecclesiastice,
1164 2091 1254 2164 hanc
1278 2101 1394 2164 nostre
1417 2091 1648 2164 concessionis
1668 2101 1703 2164 et
1726 2092 1892 2166 libertatis
1914 2103 1947 2166 et

539 2215 810 2291 confirmationis
827 2237 888 2290 seu
908 2217 1128 2312 pmmctionis
1148 2217 1311 2311 paginam
1330 2216 1518 2311 intringere
1533 2237 1596 2288 seu
1616 2215 1653 2290 iu
1672 2216 1791 2311 aliquo
1804 2218 1941 2291 violare.

539 2341 642 2428 Quod
656 2341 868 2437 quicumque
888 2341 1000 2413 lacere
1016 2341 1280 2436 presumpserit,
1300 2340 1552 2436 quinquaginta
1572 2340 1679 2414 libras
1700 2342 1777 2414 euri
1792 2343 1870 2438 puri
1889 2363 1945 2436 pm

536 2488 627 2565 pena
647 2475 848 2561 componat,
872 2465 1090 2539 medietatem
1113 2487 1247 2538 camere
1268 2475 1384 2539 nostre
1406 2474 1441 2538 et
1453 2465 1594 2538 alteram
1613 2464 1831 2540 medietatem
1854 2467 1945 2558 inju-

448 2631 456 2642 .
537 2594 623 2666 riam
647 2593 771 2689 pessis.
795 2589 852 2667 Ad
875 2593 977 2685 cujus
998 2591 1050 2664 rei
1071 2591 1282 2667 evidentiam
1310 2600 1346 2666 ct
1369 2600 1571 2687 perpetuam
1593 2589 1788 2665 firmitatem
1808 2613 1943 2688 presens

535 2717 758 2814 privilegium
778 2715 854 2789 tisri
877 2725 911 2788 et
935 2716 1029 2789 bulla
1052 2738 1157 2790 aures
1173 2717 1309 2813 typario
1335 2724 1451 2788 nostre
1475 2716 1662 2809 majestatis
1685 2715 1853 2813 impressa
1871 2717 1942 2808 jus·

534 2842 645 2915 simus
661 2842 879 2916 communiri.

585 2969 697 3061 Hujus
711 2967 761 3040 rei
776 2976 880 3040 testes
891 2974 973 3038 suut
984 2965 1145 3039 Nicotaus
1159 2965 1360 3038 Tarentinus
1371 2964 1664 3061 archiepiscopus,
1679 2965 1830 3039 loannes
1841 2966 1942 3038 abbas

536 3091 742 3183 Casemarii,
765 3090 955 3165 Ruinaldus
973 3089 1049 3164 dux
1071 3089 1217 3185 Spoleti,
1242 3089 1431 3164 Riccardus
1453 3089 1662 3164 camerarius
1684 3097 1720 3162 et
1739 3089 1801 3162 alii
1821 3112 1942 3185 quam·

535 3215 663 3312 plures.

586 3340 730 3434 Signum
752 3338 884 3413 domini
904 3335 1076 3411 Frederici
1097 3337 1243 3412 secundi
1266 3339 1330 3414 Dei
1353 3339 1461 3433 gratia
1486 3337 1703 3412 invictissimi
1715 3341 1942 3414 Romanorum

536 3467 772 3562 imperatoris,
793 3486 928 3561 semper
947 3464 1087 3557 augusti
1106 3474 1142 3538 et
1155 3465 1248 3560 regis
1260 3463 1388 3538 Sicilie.
1408 3461 1704 3562 (Moucprcmmc.)

586 3591 672 3664 Acta
686 3599 768 3662 sunt
780 3589 846 3663 hec
863 3611 954 3664 anuo
966 3589 1140 3663 dominice
1160 3589 1404 3664 iucarnationis
1419 3589 1627 3664 Mccxxnl·
1644 3589 1708 3687 (a),
1732 3611 1854 3664 mense
1871 3613 1945 3664 ma-

539 3713 612 3808 dii,
628 3712 813 3788 undecime
837 3713 1051 3804 indictionis,
1071 3715 1261 3810 imperante
1283 3713 1426 3787 domiuo
1451 3724 1568 3788 nostro
1590 3713 1772 3788 Frederico
1794 3715 1945 3789 secundo

537 3839 601 3913 Dei
618 3839 727 3934 gratia
741 3840 973 3913 Romanorum
993 3839 1218 3935 imperatore,
1234 3860 1370 3934 semper
1386 3847 1535 3933 augusto
1554 3848 1590 3910 et
1609 3859 1691 3934 rege
1712 3839 1841 3933 Sicilie
1857 3860 1945 3914 auno

539 3965 683 4039 Romani
698 3965 833 4061 imperii
846 3964 922 4058 ejus
934 3966 1046 4058 tertio,
1059 3964 1158 4060 regni
1168 3987 1253 4039 vero
1263 3965 1379 4038 Sicilie
1390 3964 1512 4055 XXW,
1528 3963 1685 4037 feliciter.
1700 3963 1825 4039 Amen.

588 4092 714 4165 Datum
733 4089 867 4164 Cotrom
880 4087 942 4187 (b),
955 4111 1063 4182 anno,
1079 4111 1198 4163 meme
1210 4098 1245 4162 et
1259 4089 1446 4164 indictione
1463 4088 1670 4185 prescriptis.
1704 4139 1707 4145 ·

583 4321 624 4404 (a)
642 4324 679 4384 In
691 4321 792 4384 cadtcc
808 4321 1029 4396 MCGXXXIII,
1043 4321 1132 4385 male.

583 4429 622 4509 (t)
640 4430 677 4490 In
689 4431 789 4493 codtce
808 4431 916 4493 Cursu.
933 4431 992 4506 Qut
1005 4430 1126 4508 quidem
1141 4427 1242 4511 loeus,
1254 4429 1353 4494 lorsan
1366 4429 1594 4494 ammumslbus
1613 4431 1781 4512 lucogultus
1786 4475 1798 4509 ,
1813 4431 1864 4493 hle
1874 4431 1950 4494 mals

544 4536 692 4610 scribltur,
706 4539 785 4599 stcut
797 4543 828 4598 et
839 4538 870 4598 tn
883 4537 1067 4620 pramedentl
1078 4537 1262 4600 documento.
