<?xml version="1.0" encoding="UTF-8"?>
<!DOCTYPE html PUBLIC "-//W3C//DTD XHTML 1.0 Transitional//EN"
    "http://www.w3.org/TR/xhtml1/DTD/xhtml1-transitional.dtd">
<html xmlns="http://www.w3.org/1999/xhtml" xml:lang="en" lang="en">
 <head>
  <title>
</title>
<meta http-equiv="Content-Type" content="text/html;charset=utf-8" />
  <meta name='ocr-system' content='tesseract 3.04.00' />
  <meta name='ocr-capabilities' content='ocr_page ocr_carea ocr_par ocr_line ocrx_word'/>
</head>
<body>
  <div class='ocr_page' id='page_1' title='image "./historiadiploma08fredgoog_0535.png"; bbox 0 0 4272 5886; ppageno 0'>
   <div class='ocr_carea' id='block_1_1' title="bbox 184 546 1596 640">
    <p class='ocr_par' dir='ltr' id='par_1_1' title="bbox 184 546 1596 640">
     <span class='ocr_line' id='line_1_1' title="bbox 184 546 1596 640; baseline -0.008 -21"><span class='ocrx_word' id='word_1_1' title='bbox 184 559 282 621; x_wconf 80' lang='lat' dir='ltr'><strong>lrnrcr.</strong></span> <span class='ocrx_word' id='word_1_2' title='bbox 303 552 363 640; x_wconf 74' lang='lat' dir='ltr'><strong>lh]</strong></span> <span class='ocrx_word' id='word_1_3' title='bbox 635 555 832 618; x_wconf 78' lang='lat' dir='ltr'>HISTORIA</span> <span class='ocrx_word' id='word_1_4' title='bbox 858 551 1149 616; x_wconf 67' lang='lat' dir='ltr'><strong>orchomenon.</strong></span> <span class='ocrx_word' id='word_1_5' title='bbox 1536 546 1596 608; x_wconf 59' lang='lat'><strong>523</strong></span> 
     </span>
    </p>
   </div>
   <div class='ocr_carea' id='block_1_2' title="bbox 186 680 1605 2901">
    <p class='ocr_par' dir='ltr' id='par_1_2' title="bbox 186 680 1605 2901">
     <span class='ocr_line' id='line_1_2' title="bbox 236 680 1599 788; baseline -0.008 -24"><span class='ocrx_word' id='word_1_6' title='bbox 236 692 424 788; x_wconf 85' lang='lat' dir='ltr'><strong>Honorius,</strong></span> <span class='ocrx_word' id='word_1_7' title='bbox 450 699 517 764; x_wconf 90' lang='lat' dir='ltr'><strong>etc.</strong></span> <span class='ocrx_word' id='word_1_8' title='bbox 539 689 732 784; x_wconf 87' lang='lat' dir='ltr'><strong>Friderico,</strong></span> <span class='ocrx_word' id='word_1_9' title='bbox 753 703 819 765; x_wconf 90' lang='lat' dir='ltr'><strong>etc.</strong></span> <span class='ocrx_word' id='word_1_10' title='bbox 845 691 978 764; x_wconf 86' lang='lat' dir='ltr'><strong>Certam</strong></span> <span class='ocrx_word' id='word_1_11' title='bbox 997 689 1115 778; x_wconf 90' lang='lat' dir='ltr'><strong>nohis,</strong></span> <span class='ocrx_word' id='word_1_12' title='bbox 1135 697 1202 761; x_wconf 91' lang='lat' dir='ltr'><strong>etc.</strong></span> <span class='ocrx_word' id='word_1_13' title='bbox 1220 685 1385 758; x_wconf 82' lang='lat' dir='ltr'><strong>videntes</strong></span> <span class='ocrx_word' id='word_1_14' title='bbox 1401 681 1498 777; x_wconf 92' lang='lat' dir='ltr'><strong>quod</strong></span> <span class='ocrx_word' id='word_1_15' title='bbox 1516 680 1599 770; x_wconf 67' lang='lat' dir='ltr'><strong>diu</strong></span> 
     </span>
     <span class='ocr_line' id='line_1_3' title="bbox 186 807 1596 910; baseline -0.008 -22"><span class='ocrx_word' id='word_1_16' title='bbox 186 815 259 888; x_wconf 85' lang='lat' dir='ltr'><strong>tina</strong></span> <span class='ocrx_word' id='word_1_17' title='bbox 291 815 467 910; x_wconf 88' lang='lat' dir='ltr'><strong>Capuane,</strong></span> <span class='ocrx_word' id='word_1_18' title='bbox 495 813 725 908; x_wconf 82' lang='lat' dir='ltr'><strong>salernitane,</strong></span> <span class='ocrx_word' id='word_1_19' title='bbox 761 813 1000 905; x_wconf 89' lang='lat' dir='ltr'><strong>andnsine,</strong></span> <span class='ocrx_word' id='word_1_20' title='bbox 1030 813 1185 885; x_wconf 80' lang='lat' dir='ltr'>Consano</span> <span class='ocrx_word' id='word_1_21' title='bbox 1211 831 1253 883; x_wconf 85' lang='lat' dir='ltr'><strong>ac</strong></span> <span class='ocrx_word' id='word_1_22' title='bbox 1283 807 1458 881; x_wconf 78' lang='lat' dir='ltr'><strong>Aversane</strong></span> <span class='ocrx_word' id='word_1_23' title='bbox 1487 807 1596 880; x_wconf 89' lang='lat' dir='ltr'><strong>eccle·</strong></span> 
     </span>
     <span class='ocr_line' id='line_1_4' title="bbox 187 932 1598 1032; baseline -0.008 -19"><span class='ocrx_word' id='word_1_24' title='bbox 187 940 316 1013; x_wconf 91' lang='lat' dir='ltr'><strong>siarum</strong></span> <span class='ocrx_word' id='word_1_25' title='bbox 330 938 466 1011; x_wconf 89' lang='lat' dir='ltr'><strong>vacatio</strong></span> <span class='ocrx_word' id='word_1_26' title='bbox 485 937 521 1009; x_wconf 92' lang='lat' dir='ltr'><strong>in</strong></span> <span class='ocrx_word' id='word_1_27' title='bbox 536 959 643 1032; x_wconf 80' lang='lat' dir='ltr'><strong>grave</strong></span> <span class='ocrx_word' id='word_1_28' title='bbox 655 960 724 1011; x_wconf 95' lang='lat' dir='ltr'><strong>non</strong></span> <span class='ocrx_word' id='word_1_29' title='bbox 737 939 849 1011; x_wconf 91' lang='lat' dir='ltr'><strong>solum</strong></span> <span class='ocrx_word' id='word_1_30' title='bbox 864 961 992 1030; x_wconf 88' lang='lat' dir='ltr'><strong>rerum,</strong></span> <span class='ocrx_word' id='word_1_31' title='bbox 1009 937 1071 1010; x_wconf 89' lang='lat' dir='ltr'><strong>sed</strong></span> <span class='ocrx_word' id='word_1_32' title='bbox 1085 937 1187 1010; x_wconf 91' lang='lat' dir='ltr'><strong>etiam</strong></span> <span class='ocrx_word' id='word_1_33' title='bbox 1200 935 1393 1008; x_wconf 91' lang='lat' dir='ltr'><strong>animarum</strong></span> <span class='ocrx_word' id='word_1_34' title='bbox 1405 932 1598 1028; x_wconf 90' lang='lat' dir='ltr'><strong>pericnlum</strong></span> 
     </span>
     <span class='ocr_line' id='line_1_5' title="bbox 186 1053 1599 1156; baseline -0.006 -19"><span class='ocrx_word' id='word_1_35' title='bbox 186 1061 417 1154; x_wconf 83' lang='lat' dir='ltr'>redundabat,</span> <span class='ocrx_word' id='word_1_36' title='bbox 438 1069 473 1134; x_wconf 89' lang='lat' dir='ltr'><strong>ct</strong></span> <span class='ocrx_word' id='word_1_37' title='bbox 495 1061 710 1134; x_wconf 87' lang='lat' dir='ltr'><strong>attendentes</strong></span> <span class='ocrx_word' id='word_1_38' title='bbox 730 1061 826 1156; x_wconf 89' lang='lat' dir='ltr'><strong>quod</strong></span> <span class='ocrx_word' id='word_1_39' title='bbox 841 1059 878 1135; x_wconf 93' lang='lat' dir='ltr'><strong>id</strong></span> <span class='ocrx_word' id='word_1_40' title='bbox 893 1062 993 1134; x_wconf 88' lang='lat' dir='ltr'><strong>nobis</strong></span> <span class='ocrx_word' id='word_1_41' title='bbox 1007 1071 1044 1133; x_wconf 90' lang='lat' dir='ltr'><strong>et</strong></span> <span class='ocrx_word' id='word_1_42' title='bbox 1061 1061 1124 1132; x_wconf 89' lang='lat' dir='ltr'><strong>tibi</strong></span> <span class='ocrx_word' id='word_1_43' title='bbox 1143 1059 1379 1154; x_wconf 67' lang='lat' dir='ltr'><strong>imputabatur</strong></span> <span class='ocrx_word' id='word_1_44' title='bbox 1396 1053 1536 1152; x_wconf 89' lang='lat' dir='ltr'><strong>publice</strong></span> <span class='ocrx_word' id='word_1_45' title='bbox 1553 1057 1599 1128; x_wconf 94' lang='lat' dir='ltr'><strong>ab</strong></span> 
     </span>
     <span class='ocr_line' id='line_1_6' title="bbox 188 1181 1601 1281; baseline -0.004 -23"><span class='ocrx_word' id='word_1_46' title='bbox 188 1187 387 1262; x_wconf 91' lang='lat' dir='ltr'><strong>hominihus</strong></span> <span class='ocrx_word' id='word_1_47' title='bbox 411 1208 453 1258; x_wconf 90' lang='lat' dir='ltr'><strong>ac</strong></span> <span class='ocrx_word' id='word_1_48' title='bbox 472 1207 518 1259; x_wconf 88' lang='lat' dir='ltr'><strong>ne</strong></span> <span class='ocrx_word' id='word_1_49' title='bbox 541 1186 767 1281; x_wconf 70' lang='lat' dir='ltr'><strong>imputaretur</strong></span> <span class='ocrx_word' id='word_1_50' title='bbox 783 1209 804 1259; x_wconf 93' lang='lat' dir='ltr'><strong>a</strong></span> <span class='ocrx_word' id='word_1_51' title='bbox 821 1187 892 1262; x_wconf 88' lang='lat' dir='ltr'><strong>Deo</strong></span> <span class='ocrx_word' id='word_1_52' title='bbox 919 1187 1024 1260; x_wconf 84' lang='lat' dir='ltr'><strong>anxie</strong></span> <span class='ocrx_word' id='word_1_53' title='bbox 1049 1193 1261 1274; x_wconf 90' lang='lat' dir='ltr'><strong>metuentes,</strong></span> <span class='ocrx_word' id='word_1_54' title='bbox 1288 1181 1371 1278; x_wconf 91' lang='lat' dir='ltr'><strong>ipsis</strong></span> <span class='ocrx_word' id='word_1_55' title='bbox 1388 1181 1542 1254; x_wconf 90' lang='lat' dir='ltr'><strong>ecclesiis</strong></span> <span class='ocrx_word' id='word_1_56' title='bbox 1565 1189 1601 1254; x_wconf 92' lang='lat' dir='ltr'><strong>et</strong></span> 
     </span>
     <span class='ocr_line' id='line_1_7' title="bbox 188 1303 1600 1404; baseline -0.002 -22"><span class='ocrx_word' id='word_1_57' title='bbox 188 1311 279 1382; x_wconf 84' lang='lat' dir='ltr'><strong>lame</strong></span> <span class='ocrx_word' id='word_1_58' title='bbox 299 1331 340 1382; x_wconf 89' lang='lat' dir='ltr'><strong>ac</strong></span> <span class='ocrx_word' id='word_1_59' title='bbox 359 1308 461 1382; x_wconf 92' lang='lat' dir='ltr'><strong>saluti</strong></span> <span class='ocrx_word' id='word_1_60' title='bbox 480 1316 598 1381; x_wconf 91' lang='lat' dir='ltr'><strong>nostre</strong></span> <span class='ocrx_word' id='word_1_61' title='bbox 615 1317 743 1404; x_wconf 89' lang='lat' dir='ltr'><strong>tueque</strong></span> <span class='ocrx_word' id='word_1_62' title='bbox 766 1309 869 1382; x_wconf 88' lang='lat' dir='ltr'><strong>simul</strong></span> <span class='ocrx_word' id='word_1_63' title='bbox 887 1309 1087 1384; x_wconf 83' lang='lat' dir='ltr'><strong>curavimus</strong></span> <span class='ocrx_word' id='word_1_64' title='bbox 1103 1306 1301 1403; x_wconf 90' lang='lat' dir='ltr'><strong>providere,</strong></span> <span class='ocrx_word' id='word_1_65' title='bbox 1324 1306 1417 1402; x_wconf 89' lang='lat' dir='ltr'><strong>ipsas</strong></span> <span class='ocrx_word' id='word_1_66' title='bbox 1437 1303 1600 1379; x_wconf 88' lang='lat' dir='ltr'><strong>ecclesias</strong></span> 
     </span>
     <span class='ocr_line' id='line_1_8' title="bbox 187 1430 1602 1530; baseline -0.004 -23"><span class='ocrx_word' id='word_1_67' title='bbox 187 1443 345 1530; x_wconf 88' lang='lat' dir='ltr'><strong>respectu</strong></span> <span class='ocrx_word' id='word_1_68' title='bbox 365 1433 410 1506; x_wconf 90' lang='lat' dir='ltr'><strong>ad</strong></span> <span class='ocrx_word' id='word_1_69' title='bbox 432 1432 544 1506; x_wconf 88' lang='lat' dir='ltr'><strong>solum</strong></span> <span class='ocrx_word' id='word_1_70' title='bbox 562 1435 673 1506; x_wconf 88' lang='lat' dir='ltr'><strong>Deum</strong></span> <span class='ocrx_word' id='word_1_71' title='bbox 691 1433 811 1507; x_wconf 91' lang='lat' dir='ltr'><strong>habito</strong></span> <span class='ocrx_word' id='word_1_72' title='bbox 830 1432 875 1506; x_wconf 92' lang='lat' dir='ltr'><strong>de</strong></span> <span class='ocrx_word' id='word_1_73' title='bbox 896 1433 1052 1529; x_wconf 79' lang='lat' dir='ltr'><strong>personis</strong></span> <span class='ocrx_word' id='word_1_74' title='bbox 1069 1431 1133 1505; x_wconf 89' lang='lat' dir='ltr'><strong>tibi</strong></span> <span class='ocrx_word' id='word_1_75' title='bbox 1157 1431 1278 1504; x_wconf 90' lang='lat' dir='ltr'><strong>merito</strong></span> <span class='ocrx_word' id='word_1_76' title='bbox 1298 1430 1538 1525; x_wconf 78' lang='lat' dir='ltr'><strong>acceptandis,</strong></span> <span class='ocrx_word' id='word_1_77' title='bbox 1562 1439 1602 1502; x_wconf 90' lang='lat' dir='ltr'><strong>ut</strong></span> 
     </span>
     <span class='ocr_line' id='line_1_9' title="bbox 190 1555 1600 1658; baseline -0.001 -28"><span class='ocrx_word' id='word_1_78' title='bbox 190 1565 268 1654; x_wconf 87' lang='lat' dir='ltr'><strong>pote</strong></span> <span class='ocrx_word' id='word_1_79' title='bbox 282 1557 442 1658; x_wconf 85' lang='lat' dir='ltr'><strong>scientia,</strong></span> <span class='ocrx_word' id='word_1_80' title='bbox 463 1559 535 1632; x_wconf 85' lang='lat' dir='ltr'><strong>vita</strong></span> <span class='ocrx_word' id='word_1_81' title='bbox 551 1567 585 1631; x_wconf 91' lang='lat' dir='ltr'><strong>et</strong></span> <span class='ocrx_word' id='word_1_82' title='bbox 604 1559 697 1632; x_wconf 88' lang='lat' dir='ltr'><strong>lama</strong></span> <span class='ocrx_word' id='word_1_83' title='bbox 717 1558 925 1656; x_wconf 84' lang='lat' dir='ltr'><strong>conspicuis,</strong></span> <span class='ocrx_word' id='word_1_84' title='bbox 945 1557 1104 1632; x_wconf 86' lang='lat' dir='ltr'><strong>oriundis</strong></span> <span class='ocrx_word' id='word_1_85' title='bbox 1122 1555 1168 1630; x_wconf 92' lang='lat' dir='ltr'><strong>de</strong></span> <span class='ocrx_word' id='word_1_86' title='bbox 1183 1577 1291 1652; x_wconf 77' lang='lat' dir='ltr'><strong>reguo</strong></span> <span class='ocrx_word' id='word_1_87' title='bbox 1309 1565 1344 1628; x_wconf 89' lang='lat' dir='ltr'><strong>et</strong></span> <span class='ocrx_word' id='word_1_88' title='bbox 1360 1565 1420 1628; x_wconf 88' lang='lat' dir='ltr'><strong>tue</strong></span> <span class='ocrx_word' id='word_1_89' title='bbox 1435 1556 1600 1629; x_wconf 87' lang='lat' dir='ltr'><strong>sublimi-</strong></span> 
     </span>
     <span class='ocr_line' id='line_1_10' title="bbox 188 1680 1599 1779; baseline -0.002 -23"><span class='ocrx_word' id='word_1_90' title='bbox 188 1683 250 1756; x_wconf 87' lang='lat' dir='ltr'><strong>tati</strong></span> <span class='ocrx_word' id='word_1_91' title='bbox 278 1682 415 1756; x_wconf 89' lang='lat' dir='ltr'><strong>devotis</strong></span> <span class='ocrx_word' id='word_1_92' title='bbox 441 1703 483 1758; x_wconf 88' lang='lat' dir='ltr'><strong>ac</strong></span> <span class='ocrx_word' id='word_1_93' title='bbox 504 1681 685 1776; x_wconf 85' lang='lat' dir='ltr'><strong>fidelihus,</strong></span> <span class='ocrx_word' id='word_1_94' title='bbox 711 1683 919 1776; x_wconf 90' lang='lat' dir='ltr'><strong>ordinando,</strong></span> <span class='ocrx_word' id='word_1_95' title='bbox 942 1683 1185 1779; x_wconf 89' lang='lat' dir='ltr'><strong>[Capuanum]</strong></span> <span class='ocrx_word' id='word_1_96' title='bbox 1211 1680 1444 1753; x_wconf 88' lang='lat' dir='ltr'><strong>venerabilem</strong></span> <span class='ocrx_word' id='word_1_97' title='bbox 1462 1682 1599 1754; x_wconf 80' lang='lat' dir='ltr'><strong>fratrem</strong></span> 
     </span>
     <span class='ocr_line' id='line_1_11' title="bbox 188 1805 1599 1898; baseline 0.001 -22"><span class='ocrx_word' id='word_1_98' title='bbox 188 1812 344 1879; x_wconf 87' lang='lat' dir='ltr'><strong>nostrum</strong></span> <span class='ocrx_word' id='word_1_99' title='bbox 374 1807 406 1878; x_wconf 89' lang='lat' dir='ltr'><strong>J.</strong></span> <span class='ocrx_word' id='word_1_100' title='bbox 439 1805 638 1879; x_wconf 84' lang='lat' dir='ltr'><strong>Pactensem</strong></span> <span class='ocrx_word' id='word_1_101' title='bbox 666 1815 701 1878; x_wconf 88' lang='lat' dir='ltr'><strong>et</strong></span> <span class='ocrx_word' id='word_1_102' title='bbox 727 1807 979 1881; x_wconf 88' lang='lat' dir='ltr'><strong>Salemitanum</strong></span> <span class='ocrx_word' id='word_1_103' title='bbox 1007 1805 1237 1879; x_wconf 87' lang='lat' dir='ltr'><strong>venerabilem</strong></span> <span class='ocrx_word' id='word_1_104' title='bbox 1275 1805 1413 1878; x_wconf 80' lang='lat' dir='ltr'><strong>fratrem</strong></span> <span class='ocrx_word' id='word_1_105' title='bbox 1445 1814 1599 1898; x_wconf 91' lang='lat' dir='ltr'><strong>nostrum</strong></span> 
     </span>
     <span class='ocr_line' id='line_1_12' title="bbox 188 1927 1601 2028; baseline 0.002 -28"><span class='ocrx_word' id='word_1_106' title='bbox 188 1927 225 2000; x_wconf 85' lang='lat' dir='ltr'><strong>C.</strong></span> <span class='ocrx_word' id='word_1_107' title='bbox 256 1931 547 2023; x_wconf 81' lang='lat' dir='ltr'><strong>Famagustanum</strong></span> <span class='ocrx_word' id='word_1_108' title='bbox 575 1931 775 2028; x_wconf 85' lang='lat' dir='ltr'><strong>episcopos,</strong></span> <span class='ocrx_word' id='word_1_109' title='bbox 803 1930 1063 2004; x_wconf 89' lang='lat' dir='ltr'><strong>andusinum</strong></span> <span class='ocrx_word' id='word_1_110' title='bbox 1091 1951 1175 2002; x_wconf 90' lang='lat' dir='ltr'><strong>vero</strong></span> <span class='ocrx_word' id='word_1_111' title='bbox 1203 1929 1367 2002; x_wconf 91' lang='lat' dir='ltr'><strong>dilectum</strong></span> <span class='ocrx_word' id='word_1_112' title='bbox 1398 1927 1507 2002; x_wconf 90' lang='lat' dir='ltr'><strong>lilium</strong></span> <span class='ocrx_word' id='word_1_113' title='bbox 1533 1930 1601 2003; x_wconf 87' lang='lat' dir='ltr'><strong>ah-</strong></span> 
     </span>
     <span class='ocr_line' id='line_1_13' title="bbox 189 2053 1600 2147; baseline 0.001 -21"><span class='ocrx_word' id='word_1_114' title='bbox 189 2053 303 2126; x_wconf 85' lang='lat' dir='ltr'><strong>batem</strong></span> <span class='ocrx_word' id='word_1_115' title='bbox 334 2054 449 2127; x_wconf 90' lang='lat' dir='ltr'><strong>Sancti</strong></span> <span class='ocrx_word' id='word_1_116' title='bbox 479 2055 649 2128; x_wconf 77' lang='lat' dir='ltr'><strong>vincentii</strong></span> <span class='ocrx_word' id='word_1_117' title='bbox 675 2055 720 2129; x_wconf 90' lang='lat' dir='ltr'><strong>de</strong></span> <span class='ocrx_word' id='word_1_118' title='bbox 749 2057 940 2147; x_wconf 87' lang='lat' dir='ltr'><strong>Vulturno,</strong></span> <span class='ocrx_word' id='word_1_119' title='bbox 974 2055 1170 2128; x_wconf 88' lang='lat' dir='ltr'><strong>Consanum</strong></span> <span class='ocrx_word' id='word_1_120' title='bbox 1198 2053 1432 2127; x_wconf 84' lang='lat' dir='ltr'><strong>venerabilem</strong></span> <span class='ocrx_word' id='word_1_121' title='bbox 1461 2056 1600 2128; x_wconf 82' lang='lat' dir='ltr'><strong>fratrem</strong></span> 
     </span>
     <span class='ocr_line' id='line_1_14' title="bbox 190 2178 1600 2277; baseline 0.003 -28"><span class='ocrx_word' id='word_1_122' title='bbox 190 2187 342 2250; x_wconf 88' lang='lat' dir='ltr'><strong>nostrum</strong></span> <span class='ocrx_word' id='word_1_123' title='bbox 365 2180 543 2273; x_wconf 91' lang='lat' dir='ltr'><strong>quondam</strong></span> <span class='ocrx_word' id='word_1_124' title='bbox 567 2180 717 2277; x_wconf 90' lang='lat' dir='ltr'><strong>priorem</strong></span> <span class='ocrx_word' id='word_1_125' title='bbox 741 2183 865 2254; x_wconf 90' lang='lat' dir='ltr'><strong>Sancte</strong></span> <span class='ocrx_word' id='word_1_126' title='bbox 888 2180 994 2254; x_wconf 88' lang='lat' dir='ltr'><strong>ldarie</strong></span> <span class='ocrx_word' id='word_1_127' title='bbox 1018 2201 1109 2253; x_wconf 91' lang='lat' dir='ltr'><strong>nove</strong></span> <span class='ocrx_word' id='word_1_128' title='bbox 1125 2178 1171 2252; x_wconf 91' lang='lat' dir='ltr'><strong>de</strong></span> <span class='ocrx_word' id='word_1_129' title='bbox 1189 2179 1297 2268; x_wconf 88' lang='lat' dir='ltr'><strong>Urhe,</strong></span> <span class='ocrx_word' id='word_1_130' title='bbox 1323 2201 1364 2251; x_wconf 91' lang='lat' dir='ltr'><strong>ae</strong></span> <span class='ocrx_word' id='word_1_131' title='bbox 1383 2178 1600 2254; x_wconf 74' lang='lat' dir='ltr'><strong>aversanum</strong></span> 
     </span>
     <span class='ocr_line' id='line_1_15' title="bbox 191 2303 1602 2400; baseline 0.001 -24"><span class='ocrx_word' id='word_1_132' title='bbox 191 2303 421 2376; x_wconf 85' lang='lat' dir='ltr'><strong>uenerabilem</strong></span> <span class='ocrx_word' id='word_1_133' title='bbox 435 2305 570 2376; x_wconf 83' lang='lat' dir='ltr'><strong>tratrem</strong></span> <span class='ocrx_word' id='word_1_134' title='bbox 583 2313 737 2378; x_wconf 90' lang='lat' dir='ltr'><strong>nostrum</strong></span> <span class='ocrx_word' id='word_1_135' title='bbox 749 2303 925 2400; x_wconf 92' lang='lat' dir='ltr'><strong>quondam</strong></span> <span class='ocrx_word' id='word_1_136' title='bbox 936 2303 1218 2400; x_wconf 86' lang='lat' dir='ltr'><strong>Amalphitanum</strong></span> <span class='ocrx_word' id='word_1_137' title='bbox 1233 2303 1513 2377; x_wconf 88' lang='lat' dir='ltr'><strong>archidiaconum</strong></span> <span class='ocrx_word' id='word_1_138' title='bbox 1526 2305 1602 2378; x_wconf 89' lang='lat' dir='ltr'><strong>sine</strong></span> 
     </span>
     <span class='ocr_line' id='line_1_16' title="bbox 189 2427 1598 2528; baseline 0.001 -28"><span class='ocrx_word' id='word_1_139' title='bbox 189 2438 250 2502; x_wconf 91' lang='lat' dir='ltr'><strong>tuo</strong></span> <span class='ocrx_word' id='word_1_140' title='bbox 272 2427 464 2524; x_wconf 75' lang='lat' dir='ltr'><strong>prejudicio</strong></span> <span class='ocrx_word' id='word_1_141' title='bbox 478 2429 698 2523; x_wconf 79' lang='lat' dir='ltr'><strong>providentes</strong></span> <span class='ocrx_word' id='word_1_142' title='bbox 719 2430 764 2503; x_wconf 89' lang='lat' dir='ltr'><strong>de</strong></span> <span class='ocrx_word' id='word_1_143' title='bbox 785 2431 928 2503; x_wconf 80' lang='lat' dir='ltr'><strong>fratrum</strong></span> <span class='ocrx_word' id='word_1_144' title='bbox 944 2438 1137 2502; x_wconf 85' lang='lat' dir='ltr'><strong>nostrorum</strong></span> <span class='ocrx_word' id='word_1_145' title='bbox 1152 2427 1296 2500; x_wconf 88' lang='lat' dir='ltr'><strong>oonsilio</strong></span> <span class='ocrx_word' id='word_1_146' title='bbox 1312 2429 1349 2499; x_wconf 92' lang='lat' dir='ltr'><strong>in</strong></span> <span class='ocrx_word' id='word_1_147' title='bbox 1365 2437 1519 2525; x_wconf 86' lang='lat' dir='ltr'><strong>pastores</strong></span> <span class='ocrx_word' id='word_1_148' title='bbox 1533 2429 1598 2528; x_wconf 73' lang='lat' dir='ltr'><strong>(l).</strong></span> 
     </span>
     <span class='ocr_line' id='line_1_17' title="bbox 189 2552 1603 2649; baseline 0.002 -23"><span class='ocrx_word' id='word_1_149' title='bbox 189 2553 368 2647; x_wconf 78' lang='lat' dir='ltr'><strong>Rogamus·</strong></span> <span class='ocrx_word' id='word_1_150' title='bbox 376 2553 483 2649; x_wconf 80' lang='lat' dir='ltr'><strong>igitur</strong></span> <span class='ocrx_word' id='word_1_151' title='bbox 498 2553 715 2629; x_wconf 85' lang='lat' dir='ltr'><strong>serenitatem</strong></span> <span class='ocrx_word' id='word_1_152' title='bbox 732 2563 827 2627; x_wconf 93' lang='lat' dir='ltr'><strong>tuam</strong></span> <span class='ocrx_word' id='word_1_153' title='bbox 840 2554 1002 2628; x_wconf 85' lang='lat' dir='ltr'><strong>attentius</strong></span> <span class='ocrx_word' id='word_1_154' title='bbox 1018 2563 1052 2627; x_wconf 90' lang='lat' dir='ltr'><strong>et</strong></span> <span class='ocrx_word' id='word_1_155' title='bbox 1063 2552 1241 2626; x_wconf 86' lang='lat' dir='ltr'><strong>hortamur</strong></span> <span class='ocrx_word' id='word_1_156' title='bbox 1256 2561 1427 2648; x_wconf 88' lang='lat' dir='ltr'><strong>qnatenus</strong></span> <span class='ocrx_word' id='word_1_157' title='bbox 1441 2557 1603 2629; x_wconf 87' lang='lat' dir='ltr'><strong>ecclesias</strong></span> 
     </span>
     <span class='ocr_line' id='line_1_18' title="bbox 191 2677 1605 2776; baseline 0.004 -28"><span class='ocrx_word' id='word_1_158' title='bbox 191 2677 297 2774; x_wconf 88' lang='lat' dir='ltr'><strong>ipsas,</strong></span> <span class='ocrx_word' id='word_1_159' title='bbox 319 2679 410 2751; x_wconf 90' lang='lat' dir='ltr'><strong>sicut</strong></span> <span class='ocrx_word' id='word_1_160' title='bbox 434 2679 647 2774; x_wconf 84' lang='lat' dir='ltr'><strong>imperialem</strong></span> <span class='ocrx_word' id='word_1_161' title='bbox 672 2681 887 2754; x_wconf 87' lang='lat' dir='ltr'><strong>clementiam</strong></span> <span class='ocrx_word' id='word_1_162' title='bbox 904 2680 1015 2774; x_wconf 88' lang='lat' dir='ltr'><strong>decet,</strong></span> <span class='ocrx_word' id='word_1_163' title='bbox 1038 2680 1171 2753; x_wconf 88' lang='lat' dir='ltr'><strong>habens</strong></span> <span class='ocrx_word' id='word_1_164' title='bbox 1188 2702 1252 2776; x_wconf 92' lang='lat' dir='ltr'><strong>pro</strong></span> <span class='ocrx_word' id='word_1_165' title='bbox 1276 2681 1468 2753; x_wconf 87' lang='lat' dir='ltr'><strong>reverentia</strong></span> <span class='ocrx_word' id='word_1_166' title='bbox 1490 2682 1552 2754; x_wconf 90' lang='lat' dir='ltr'><strong>Dei</strong></span> <span class='ocrx_word' id='word_1_167' title='bbox 1570 2688 1605 2754; x_wconf 91' lang='lat' dir='ltr'><strong>et</strong></span> 
     </span>
     <span class='ocr_line' id='line_1_19' title="bbox 191 2803 1604 2901; baseline 0.001 -25"><span class='ocrx_word' id='word_1_168' title='bbox 191 2803 306 2876; x_wconf 90' lang='lat' dir='ltr'><strong>anime</strong></span> <span class='ocrx_word' id='word_1_169' title='bbox 323 2811 383 2876; x_wconf 91' lang='lat' dir='ltr'><strong>tue</strong></span> <span class='ocrx_word' id='word_1_170' title='bbox 399 2804 509 2877; x_wconf 89' lang='lat' dir='ltr'><strong>salute</strong></span> <span class='ocrx_word' id='word_1_171' title='bbox 534 2805 739 2901; x_wconf 88' lang='lat' dir='ltr'><strong>propensius</strong></span> <span class='ocrx_word' id='word_1_172' title='bbox 765 2805 1041 2900; x_wconf 89' lang='lat' dir='ltr'><strong>commendatas,</strong></span> <span class='ocrx_word' id='word_1_173' title='bbox 1064 2807 1114 2879; x_wconf 88' lang='lat' dir='ltr'><strong>eis</strong></span> <span class='ocrx_word' id='word_1_174' title='bbox 1131 2807 1277 2879; x_wconf 89' lang='lat' dir='ltr'><strong>honores</strong></span> <span class='ocrx_word' id='word_1_175' title='bbox 1295 2825 1377 2878; x_wconf 90' lang='lat' dir='ltr'><strong>suos</strong></span> <span class='ocrx_word' id='word_1_176' title='bbox 1391 2827 1432 2878; x_wconf 92' lang='lat' dir='ltr'><strong>ac</strong></span> <span class='ocrx_word' id='word_1_177' title='bbox 1446 2806 1527 2898; x_wconf 86' lang='lat' dir='ltr'><strong>jura</strong></span> <span class='ocrx_word' id='word_1_178' title='bbox 1542 2806 1604 2878; x_wconf 91' lang='lat' dir='ltr'><strong>in-</strong></span> 
     </span>
    </p>
   </div>
   <div class='ocr_carea' id='block_1_3' title="bbox 191 2928 1605 3277">
    <p class='ocr_par' dir='ltr' id='par_1_3' title="bbox 191 2928 1605 3277">
     <span class='ocr_line' id='line_1_20' title="bbox 191 2928 1605 3029; baseline 0.003 -30"><span class='ocrx_word' id='word_1_179' title='bbox 191 2935 286 3022; x_wconf 81' lang='lat' dir='ltr'><strong>tegra</strong></span> <span class='ocrx_word' id='word_1_180' title='bbox 310 2928 568 3020; x_wconf 89' lang='lat' dir='ltr'><strong>conservando,</strong></span> <span class='ocrx_word' id='word_1_181' title='bbox 600 2931 856 3026; x_wconf 84' lang='lat' dir='ltr'><strong>prenominatos</strong></span> <span class='ocrx_word' id='word_1_182' title='bbox 877 2931 1079 3005; x_wconf 86' lang='lat' dir='ltr'><strong>earumdem</strong></span> <span class='ocrx_word' id='word_1_183' title='bbox 1099 2940 1253 3029; x_wconf 89' lang='lat' dir='ltr'><strong>pastores</strong></span> <span class='ocrx_word' id='word_1_184' title='bbox 1277 2931 1395 3006; x_wconf 90' lang='lat' dir='ltr'><strong>lavore</strong></span> <span class='ocrx_word' id='word_1_185' title='bbox 1418 2931 1605 3027; x_wconf 89' lang='lat' dir='ltr'><strong>imperialis</strong></span> 
     </span>
     <span class='ocr_line' id='line_1_21' title="bbox 192 3053 644 3149; baseline 0.002 -24"><span class='ocrx_word' id='word_1_186' title='bbox 192 3053 301 3145; x_wconf 81' lang='lat' dir='ltr'><strong>gratie</strong></span> <span class='ocrx_word' id='word_1_187' title='bbox 321 3055 559 3149; x_wconf 86' lang='lat' dir='ltr'><strong>prosequaris,</strong></span> <span class='ocrx_word' id='word_1_188' title='bbox 576 3065 644 3128; x_wconf 89' lang='lat' dir='ltr'><strong>etc.</strong></span> 
     </span>
     <span class='ocr_line' id='line_1_22' title="bbox 239 3179 1575 3277; baseline 0.007 -29"><span class='ocrx_word' id='word_1_189' title='bbox 239 3179 366 3250; x_wconf 88' lang='lat' dir='ltr'><strong>Datum</strong></span> <span class='ocrx_word' id='word_1_190' title='bbox 381 3180 503 3270; x_wconf 87' lang='lat' dir='ltr'><strong>Reate,</strong></span> <span class='ocrx_word' id='word_1_191' title='bbox 521 3181 583 3252; x_wconf 82' lang='lat' dir='ltr'><strong>vll</strong></span> <span class='ocrx_word' id='word_1_192' title='bbox 598 3179 764 3254; x_wconf 84' lang='lat' dir='ltr'><strong>kalendas</strong></span> <span class='ocrx_word' id='word_1_193' title='bbox 779 3180 941 3268; x_wconf 88' lang='lat' dir='ltr'><strong>octobris,</strong></span> <span class='ocrx_word' id='word_1_194' title='bbox 962 3180 1181 3277; x_wconf 78' lang='lat' dir='ltr'><strong>pontificatus</strong></span> <span class='ocrx_word' id='word_1_195' title='bbox 1197 3181 1304 3254; x_wconf 89' lang='lat' dir='ltr'><strong>nostri</strong></span> <span class='ocrx_word' id='word_1_196' title='bbox 1322 3201 1413 3254; x_wconf 89' lang='lat' dir='ltr'><strong>anno</strong></span> <span class='ocrx_word' id='word_1_197' title='bbox 1426 3183 1472 3258; x_wconf 90' lang='lat' dir='ltr'><strong>X.</strong></span> <span class='ocrx_word' id='word_1_198' title='bbox 1572 3192 1575 3205; x_wconf 92' lang='lat'>&#39;</span> 
     </span>
    </p>
   </div>
   <div class='ocr_carea' id='block_1_4' title="bbox 336 3379 472 3387">
    <p class='ocr_par' dir='ltr' id='par_1_4' title="bbox 336 3379 472 3387">
     <span class='ocr_line' id='line_1_23' title="bbox 336 3379 472 3387; baseline 0.007 -1"><span class='ocrx_word' id='word_1_199' title='bbox 336 3379 383 3386; x_wconf 71' lang='grc'><strong>...-</strong></span> <span class='ocrx_word' id='word_1_200' title='bbox 391 3380 472 3387; x_wconf 67' lang='grc'><em>...-</em></span> 
     </span>
    </p>
   </div>
   <div class='ocr_carea' id='block_1_5' title="bbox 192 3481 1612 4536">
    <p class='ocr_par' dir='ltr' id='par_1_5' title="bbox 192 3481 1612 4536">
     <span class='ocr_line' id='line_1_24' title="bbox 230 3481 1608 3565; baseline 0.009 -27"><span class='ocrx_word' id='word_1_201' title='bbox 230 3481 266 3556; x_wconf 86' lang='lat' dir='ltr'><strong>(t)</strong></span> <span class='ocrx_word' id='word_1_202' title='bbox 285 3483 430 3542; x_wconf 83' lang='lat' dir='ltr'><strong>lemanno</strong></span> <span class='ocrx_word' id='word_1_203' title='bbox 448 3485 630 3559; x_wconf 83' lang='lat' dir='ltr'><strong>praecedente</strong></span> <span class='ocrx_word' id='word_1_204' title='bbox 649 3487 721 3544; x_wconf 87' lang='lat' dir='ltr'><strong>circa</strong></span> <span class='ocrx_word' id='word_1_205' title='bbox 737 3503 860 3546; x_wconf 88' lang='lat' dir='ltr'><strong>mensem</strong></span> <span class='ocrx_word' id='word_1_206' title='bbox 878 3489 982 3562; x_wconf 87' lang='lat' dir='ltr'><strong>junium</strong></span> <span class='ocrx_word' id='word_1_207' title='bbox 994 3488 1128 3546; x_wconf 81' lang='lat' dir='ltr'><strong>Friderico</strong></span> <span class='ocrx_word' id='word_1_208' title='bbox 1138 3488 1283 3564; x_wconf 85' lang='lat' dir='ltr'><strong>scripserat</strong></span> <span class='ocrx_word' id='word_1_209' title='bbox 1295 3490 1428 3547; x_wconf 81' lang='lat' dir='ltr'><strong>Honorius</strong></span> <span class='ocrx_word' id='word_1_210' title='bbox 1438 3495 1470 3547; x_wconf 89' lang='lat' dir='ltr'><strong>nt</strong></span> <span class='ocrx_word' id='word_1_211' title='bbox 1480 3491 1513 3547; x_wconf 83' lang='lat' dir='ltr'><strong>ll.</strong></span> <span class='ocrx_word' id='word_1_212' title='bbox 1526 3508 1608 3565; x_wconf 89' lang='lat' dir='ltr'><strong>quem</strong></span> 
     </span>
     <span class='ocr_line' id='line_1_25' title="bbox 192 3579 1606 3662; baseline 0.008 -27"><span class='ocrx_word' id='word_1_213' title='bbox 192 3579 384 3638; x_wconf 87' lang='lat' dir='ltr'><strong>Pulsanensem</strong></span> <span class='ocrx_word' id='word_1_214' title='bbox 406 3581 532 3640; x_wconf 84' lang='lat' dir='ltr'><strong>abbatem</strong></span> <span class='ocrx_word' id='word_1_215' title='bbox 555 3585 730 3643; x_wconf 87' lang='lat' dir='ltr'><strong>constituerat</strong></span> <span class='ocrx_word' id='word_1_216' title='bbox 751 3587 997 3644; x_wconf 83' lang='lat' dir='ltr'><strong>remmmendatum</strong></span> <span class='ocrx_word' id='word_1_217' title='bbox 1015 3585 1137 3644; x_wconf 84' lang='lat' dir='ltr'><strong>haberet.</strong></span> <span class='ocrx_word' id='word_1_218' title='bbox 1155 3585 1213 3645; x_wconf 78' lang='lat' dir='ltr'><strong>lad.</strong></span> <span class='ocrx_word' id='word_1_219' title='bbox 1229 3588 1306 3662; x_wconf 81' lang='lat' dir='ltr'><strong>epist.</strong></span> <span class='ocrx_word' id='word_1_220' title='bbox 1321 3589 1436 3658; x_wconf 65' lang='lat' dir='ltr'><strong>Honor„</strong></span> <span class='ocrx_word' id='word_1_221' title='bbox 1457 3603 1520 3644; x_wconf 87' lang='lat' dir='ltr'><strong>ann.</strong></span> <span class='ocrx_word' id='word_1_222' title='bbox 1536 3589 1606 3646; x_wconf 91' lang='lat' dir='ltr'><strong>Vlll.</strong></span> 
     </span>
     <span class='ocr_line' id='line_1_26' title="bbox 193 3675 1612 3759; baseline 0.008 -26"><span class='ocrx_word' id='word_1_223' title='bbox 193 3675 270 3744; x_wconf 82' lang='lat' dir='ltr'><strong>Quod</strong></span> <span class='ocrx_word' id='word_1_224' title='bbox 284 3677 309 3734; x_wconf 87' lang='lat' dir='ltr'><strong>si</strong></span> <span class='ocrx_word' id='word_1_225' title='bbox 323 3679 392 3736; x_wconf 85' lang='lat' dir='ltr'><strong>torte</strong></span> <span class='ocrx_word' id='word_1_226' title='bbox 406 3679 561 3753; x_wconf 88' lang='lat' dir='ltr'><strong>imperatori</strong></span> <span class='ocrx_word' id='word_1_227' title='bbox 580 3681 760 3756; x_wconf 84' lang='lat' dir='ltr'><strong>displicuerit,</strong></span> <span class='ocrx_word' id='word_1_228' title='bbox 775 3683 860 3740; x_wconf 89' lang='lat' dir='ltr'><strong>multo</strong></span> <span class='ocrx_word' id='word_1_229' title='bbox 877 3686 985 3756; x_wconf 77' lang='lat' dir='ltr'><strong>grauius</strong></span> <span class='ocrx_word' id='word_1_230' title='bbox 1005 3683 1207 3759; x_wconf 86' lang='lat' dir='ltr'><strong>episcopatuum</strong></span> <span class='ocrx_word' id='word_1_231' title='bbox 1230 3685 1397 3758; x_wconf 81' lang='lat' dir='ltr'><strong>provisiones</strong></span> <span class='ocrx_word' id='word_1_232' title='bbox 1415 3685 1450 3742; x_wconf 85' lang='lat' dir='ltr'><strong>ad</strong></span> <span class='ocrx_word' id='word_1_233' title='bbox 1469 3685 1612 3744; x_wconf 85' lang='lat' dir='ltr'><strong>dissidium·</strong></span> 
     </span>
     <span class='ocr_line' id='line_1_27' title="bbox 193 3776 1611 3858; baseline 0.007 -26"><span class='ocrx_word' id='word_1_234' title='bbox 193 3789 256 3832; x_wconf 82' lang='lat' dir='ltr'><strong>mox</strong></span> <span class='ocrx_word' id='word_1_235' title='bbox 268 3781 391 3834; x_wconf 84' lang='lat' dir='ltr'><strong>exortum</strong></span> <span class='ocrx_word' id='word_1_236' title='bbox 403 3776 554 3836; x_wconf 85' lang='lat' dir='ltr'><strong>valuerunt.</strong></span> <span class='ocrx_word' id='word_1_237' title='bbox 570 3779 717 3853; x_wconf 85' lang='lat' dir='ltr'><strong>imperator</strong></span> <span class='ocrx_word' id='word_1_238' title='bbox 732 3780 804 3839; x_wconf 88' lang='lat' dir='ltr'><strong>enim</strong></span> <span class='ocrx_word' id='word_1_239' title='bbox 818 3782 966 3854; x_wconf 83' lang='lat' dir='ltr'><strong>praelatos,</strong></span> <span class='ocrx_word' id='word_1_240' title='bbox 982 3788 1094 3856; x_wconf 83' lang='lat' dir='ltr'><strong>excepto</strong></span> <span class='ocrx_word' id='word_1_241' title='bbox 1107 3783 1247 3856; x_wconf 74' lang='lat' dir='ltr'><strong>capuano,</strong></span> <span class='ocrx_word' id='word_1_242' title='bbox 1262 3781 1404 3842; x_wconf 74' lang='lat' dir='ltr'><strong>admittere</strong></span> <span class='ocrx_word' id='word_1_243' title='bbox 1416 3785 1564 3858; x_wconf 83' lang='lat' dir='ltr'><strong>reerrsnrlt,</strong></span> <span class='ocrx_word' id='word_1_244' title='bbox 1579 3789 1611 3842; x_wconf 85' lang='lat' dir='ltr'><strong>nt</strong></span> 
     </span>
     <span class='ocr_line' id='line_1_28' title="bbox 193 3872 1611 3950; baseline 0.011 -24"><span class='ocrx_word' id='word_1_245' title='bbox 193 3878 284 3928; x_wconf 86' lang='lat' dir='ltr'><strong>monet</strong></span> <span class='ocrx_word' id='word_1_246' title='bbox 297 3872 443 3934; x_wconf 84' lang='lat' dir='ltr'><strong>Riccardns</strong></span> <span class='ocrx_word' id='word_1_247' title='bbox 452 3875 487 3933; x_wconf 91' lang='lat' dir='ltr'><strong>de</strong></span> <span class='ocrx_word' id='word_1_248' title='bbox 498 3876 527 3934; x_wconf 90' lang='lat' dir='ltr'><strong>S.</strong></span> <span class='ocrx_word' id='word_1_249' title='bbox 542 3875 675 3934; x_wconf 86' lang='lat' dir='ltr'><strong>Gennano</strong></span> <span class='ocrx_word' id='word_1_250' title='bbox 687 3877 734 3950; x_wconf 88' lang='lat' dir='ltr'><strong>qui</strong></span> <span class='ocrx_word' id='word_1_251' title='bbox 745 3877 814 3934; x_wconf 85' lang='lat' dir='ltr'><strong>haec</strong></span> <span class='ocrx_word' id='word_1_252' title='bbox 827 3878 919 3936; x_wconf 87' lang='lat' dir='ltr'><strong>addit:</strong></span> <span class='ocrx_word' id='word_1_253' title='bbox 934 3879 1073 3938; x_wconf 82' lang='lat' dir='ltr'><strong>«Euntem</strong></span> <span class='ocrx_word' id='word_1_254' title='bbox 1082 3879 1163 3937; x_wconf 87' lang='lat' dir='ltr'><strong>etiarn</strong></span> <span class='ocrx_word' id='word_1_255' title='bbox 1174 3879 1202 3936; x_wconf 91' lang='lat' dir='ltr'><strong>in</strong></span> <span class='ocrx_word' id='word_1_256' title='bbox 1214 3881 1331 3938; x_wconf 89' lang='lat' dir='ltr'><strong>Siciliam</strong></span> <span class='ocrx_word' id='word_1_257' title='bbox 1347 3887 1411 3938; x_wconf 88' lang='lat' dir='ltr'><strong>tunc</strong></span> <span class='ocrx_word' id='word_1_258' title='bbox 1423 3881 1458 3939; x_wconf 90' lang='lat' dir='ltr'><strong>ad</strong></span> <span class='ocrx_word' id='word_1_259' title='bbox 1471 3897 1534 3939; x_wconf 90' lang='lat' dir='ltr'><strong>eum</strong></span> <span class='ocrx_word' id='word_1_260' title='bbox 1547 3897 1611 3942; x_wconf 87' lang='lat' dir='ltr'><strong>cum</strong></span> 
     </span>
     <span class='ocr_line' id='line_1_29' title="bbox 195 3967 1610 4052; baseline 0.011 -30"><span class='ocrx_word' id='word_1_261' title='bbox 195 3967 319 4026; x_wconf 77' lang='lat' dir='ltr'><strong>»littaris</strong></span> <span class='ocrx_word' id='word_1_262' title='bbox 343 3971 494 4044; x_wconf 87' lang='lat' dir='ltr'><strong>apostolicis</strong></span> <span class='ocrx_word' id='word_1_263' title='bbox 518 3973 662 4046; x_wconf 85' lang='lat' dir='ltr'><strong>quemdam</strong></span> <span class='ocrx_word' id='word_1_264' title='bbox 684 3973 856 4032; x_wconf 71' lang='lat' dir='ltr'><strong>Casinensem</strong></span> <span class='ocrx_word' id='word_1_265' title='bbox 879 3975 1041 4034; x_wconf 90' lang='lat' dir='ltr'><strong>monachum</strong></span> <span class='ocrx_word' id='word_1_266' title='bbox 1064 3977 1200 4034; x_wconf 85' lang='lat' dir='ltr'><strong>Nicolaum</strong></span> <span class='ocrx_word' id='word_1_267' title='bbox 1222 3977 1256 4035; x_wconf 93' lang='lat' dir='ltr'><strong>de</strong></span> <span class='ocrx_word' id='word_1_268' title='bbox 1275 3977 1416 4052; x_wconf 83' lang='lat' dir='ltr'><strong>Colepetri</strong></span> <span class='ocrx_word' id='word_1_269' title='bbox 1437 3979 1464 4034; x_wconf 92' lang='lat' dir='ltr'><strong>in</strong></span> <span class='ocrx_word' id='word_1_270' title='bbox 1484 3979 1610 4038; x_wconf 86' lang='lat' dir='ltr'><strong>abbatem</strong></span> 
     </span>
     <span class='ocr_line' id='line_1_30' title="bbox 195 4063 1611 4148; baseline 0.009 -27"><span class='ocrx_word' id='word_1_271' title='bbox 195 4080 209 4115; x_wconf 76' lang='lat' dir='ltr'><strong>r</strong></span> <span class='ocrx_word' id='word_1_272' title='bbox 224 4063 252 4121; x_wconf 91' lang='lat' dir='ltr'><strong>S.</strong></span> <span class='ocrx_word' id='word_1_273' title='bbox 267 4065 401 4124; x_wconf 86' lang='lat' dir='ltr'><strong>Laurentii</strong></span> <span class='ocrx_word' id='word_1_274' title='bbox 415 4067 450 4126; x_wconf 90' lang='lat' dir='ltr'><strong>de</strong></span> <span class='ocrx_word' id='word_1_275' title='bbox 463 4067 566 4127; x_wconf 77' lang='lat' dir='ltr'><strong>Aversa</strong></span> <span class='ocrx_word' id='word_1_276' title='bbox 582 4074 734 4143; x_wconf 86' lang='lat' dir='ltr'><strong>pmmotum</strong></span> <span class='ocrx_word' id='word_1_277' title='bbox 751 4085 804 4127; x_wconf 92' lang='lat' dir='ltr'><strong>non</strong></span> <span class='ocrx_word' id='word_1_278' title='bbox 822 4071 938 4128; x_wconf 87' lang='lat' dir='ltr'><strong>admisit.</strong></span> <span class='ocrx_word' id='word_1_279' title='bbox 950 4089 964 4124; x_wconf 80' lang='lat' dir='ltr'><strong>n</strong></span> <span class='ocrx_word' id='word_1_280' title='bbox 975 4071 1028 4130; x_wconf 85' lang='lat' dir='ltr'><strong>Res</strong></span> <span class='ocrx_word' id='word_1_281' title='bbox 1041 4079 1130 4131; x_wconf 88' lang='lat' dir='ltr'><strong>autem</strong></span> <span class='ocrx_word' id='word_1_282' title='bbox 1142 4075 1168 4128; x_wconf 88' lang='lat' dir='ltr'><strong>in</strong></span> <span class='ocrx_word' id='word_1_283' title='bbox 1180 4089 1312 4148; x_wconf 87' lang='lat' dir='ltr'><strong>suspenso</strong></span> <span class='ocrx_word' id='word_1_284' title='bbox 1325 4073 1427 4146; x_wconf 88' lang='lat' dir='ltr'><strong>haesit,</strong></span> <span class='ocrx_word' id='word_1_285' title='bbox 1441 4075 1527 4132; x_wconf 90' lang='lat' dir='ltr'><strong>donec</strong></span> <span class='ocrx_word' id='word_1_286' title='bbox 1540 4091 1611 4134; x_wconf 90' lang='lat' dir='ltr'><strong>anno</strong></span> 
     </span>
     <span class='ocr_line' id='line_1_31' title="bbox 194 4164 1611 4244; baseline 0.008 -25"><span class='ocrx_word' id='word_1_287' title='bbox 194 4164 317 4236; x_wconf 83' lang='lat' dir='ltr'><strong>sequenti</strong></span> <span class='ocrx_word' id='word_1_288' title='bbox 334 4171 397 4239; x_wconf 90' lang='lat' dir='ltr'><strong>post</strong></span> <span class='ocrx_word' id='word_1_289' title='bbox 415 4180 495 4224; x_wconf 89' lang='lat' dir='ltr'><strong>suum</strong></span> <span class='ocrx_word' id='word_1_290' title='bbox 514 4165 647 4225; x_wconf 77' lang='lat' dir='ltr'><strong>infelicem</strong></span> <span class='ocrx_word' id='word_1_291' title='bbox 659 4168 687 4224; x_wconf 93' lang='lat' dir='ltr'><strong>in</strong></span> <span class='ocrx_word' id='word_1_292' title='bbox 700 4167 886 4226; x_wconf 72' lang='lat' dir='ltr'><strong>nonnarum</strong></span> <span class='ocrx_word' id='word_1_293' title='bbox 899 4183 1070 4242; x_wconf 81' lang='lat' dir='ltr'><strong>pmoessrm,</strong></span> <span class='ocrx_word' id='word_1_294' title='bbox 1086 4169 1232 4243; x_wconf 84' lang='lat' dir='ltr'><strong>imperator</strong></span> <span class='ocrx_word' id='word_1_295' title='bbox 1251 4186 1357 4228; x_wconf 88' lang='lat' dir='ltr'><strong>summo</strong></span> <span class='ocrx_word' id='word_1_296' title='bbox 1370 4170 1488 4244; x_wconf 89' lang='lat' dir='ltr'><strong>pontifici</strong></span> <span class='ocrx_word' id='word_1_297' title='bbox 1508 4169 1536 4229; x_wconf 92' lang='lat' dir='ltr'><strong>in</strong></span> <span class='ocrx_word' id='word_1_298' title='bbox 1559 4173 1611 4232; x_wconf 90' lang='lat' dir='ltr'><strong>hoc</strong></span> 
     </span>
     <span class='ocr_line' id='line_1_32' title="bbox 194 4258 1611 4344; baseline 0.01 -27"><span class='ocrx_word' id='word_1_299' title='bbox 194 4258 346 4322; x_wconf 77' lang='lat' dir='ltr'><strong>satieieoere</strong></span> <span class='ocrx_word' id='word_1_300' title='bbox 358 4264 491 4322; x_wconf 83' lang='lat' dir='ltr'><strong>curaverit</strong></span> <span class='ocrx_word' id='word_1_301' title='bbox 502 4281 509 4321; x_wconf 92' lang='lat'>:</span> <span class='ocrx_word' id='word_1_302' title='bbox 521 4283 534 4320; x_wconf 74' lang='grc' dir='ltr'><strong><em>α</em></strong></span> <span class='ocrx_word' id='word_1_303' title='bbox 546 4266 624 4344; x_wconf 69' lang='lat' dir='ltr'><strong>Tunc</strong></span> <span class='ocrx_word' id='word_1_304' title='bbox 634 4265 746 4341; x_wconf 86' lang='lat' dir='ltr'><strong>praelati</strong></span> <span class='ocrx_word' id='word_1_305' title='bbox 759 4281 854 4324; x_wconf 88' lang='lat' dir='ltr'><strong>omnes</strong></span> <span class='ocrx_word' id='word_1_306' title='bbox 872 4281 941 4340; x_wconf 83' lang='lat' dir='ltr'><strong>quos</strong></span> <span class='ocrx_word' id='word_1_307' title='bbox 958 4283 1028 4342; x_wconf 85' lang='lat' dir='ltr'><strong>papa</strong></span> <span class='ocrx_word' id='word_1_308' title='bbox 1045 4274 1199 4341; x_wconf 85' lang='lat' dir='ltr'><strong>creaverat,</strong></span> <span class='ocrx_word' id='word_1_309' title='bbox 1211 4269 1315 4328; x_wconf 86' lang='lat' dir='ltr'><strong>scilicet</strong></span> <span class='ocrx_word' id='word_1_310' title='bbox 1326 4268 1527 4342; x_wconf 77' lang='lat' dir='ltr'><strong>Brundusium,</strong></span> <span class='ocrx_word' id='word_1_311' title='bbox 1541 4269 1611 4330; x_wconf 76' lang='lat' dir='ltr'><strong>Con·</strong></span> 
     </span>
     <span class='ocr_line' id='line_1_33' title="bbox 196 4361 1611 4440; baseline 0.016 -31"><span class='ocrx_word' id='word_1_312' title='bbox 196 4375 211 4409; x_wconf 74' lang='lat' dir='ltr'><strong>r</strong></span> <span class='ocrx_word' id='word_1_313' title='bbox 226 4373 321 4430; x_wconf 87' lang='lat' dir='ltr'><strong>sanus,</strong></span> <span class='ocrx_word' id='word_1_314' title='bbox 337 4361 519 4419; x_wconf 79' lang='lat' dir='ltr'><strong>salomitanae</strong></span> <span class='ocrx_word' id='word_1_315' title='bbox 533 4361 744 4440; x_wconf 86' lang='lat' dir='ltr'><strong>archiepiscopi,</strong></span> <span class='ocrx_word' id='word_1_316' title='bbox 757 4363 912 4423; x_wconf 72' lang='lat' dir='ltr'><strong>aversanus</strong></span> <span class='ocrx_word' id='word_1_317' title='bbox 924 4365 1067 4440; x_wconf 86' lang='lat' dir='ltr'><strong>episcopus</strong></span> <span class='ocrx_word' id='word_1_318' title='bbox 1080 4371 1108 4423; x_wconf 88' lang='lat' dir='ltr'><strong>et</strong></span> <span class='ocrx_word' id='word_1_319' title='bbox 1121 4366 1205 4424; x_wconf 84' lang='lat' dir='ltr'><strong>abbas</strong></span> <span class='ocrx_word' id='word_1_320' title='bbox 1218 4368 1247 4427; x_wconf 78' lang='lat' dir='ltr'><strong>S·</strong></span> <span class='ocrx_word' id='word_1_321' title='bbox 1264 4367 1398 4429; x_wconf 79' lang='lat' dir='ltr'><strong>Lamsnui</strong></span> <span class='ocrx_word' id='word_1_322' title='bbox 1412 4368 1447 4428; x_wconf 90' lang='lat' dir='ltr'><strong>de</strong></span> <span class='ocrx_word' id='word_1_323' title='bbox 1465 4369 1568 4430; x_wconf 77' lang='lat' dir='ltr'><strong>Aversa</strong></span> <span class='ocrx_word' id='word_1_324' title='bbox 1582 4370 1611 4431; x_wconf 87' lang='lat' dir='ltr'><strong>in</strong></span> 
     </span>
     <span class='ocr_line' id='line_1_34' title="bbox 196 4457 1384 4536; baseline 0.013 -29"><span class='ocrx_word' id='word_1_325' title='bbox 196 4457 283 4514; x_wconf 77' lang='lat' dir='ltr'><strong>»suis</strong></span> <span class='ocrx_word' id='word_1_326' title='bbox 293 4459 414 4517; x_wconf 88' lang='lat' dir='ltr'><strong>ecclesiis</strong></span> <span class='ocrx_word' id='word_1_327' title='bbox 424 4461 627 4536; x_wconf 75' lang='lat' dir='ltr'><strong>recipiuntur.»</strong></span> <span class='ocrx_word' id='word_1_328' title='bbox 643 4463 716 4521; x_wconf 82' lang='lat' dir='ltr'><strong>Rrec.</strong></span> <span class='ocrx_word' id='word_1_329' title='bbox 730 4479 767 4520; x_wconf 88' lang='lat' dir='ltr'><strong>nrr</strong></span> <span class='ocrx_word' id='word_1_330' title='bbox 780 4463 809 4520; x_wconf 91' lang='lat' dir='ltr'><strong>S.</strong></span> <span class='ocrx_word' id='word_1_331' title='bbox 822 4461 928 4535; x_wconf 67' lang='lat' dir='ltr'><strong>tinam,</strong></span> <span class='ocrx_word' id='word_1_332' title='bbox 945 4459 1073 4522; x_wconf 73' lang='lat' dir='ltr'><strong>chronic.</strong></span> <span class='ocrx_word' id='word_1_333' title='bbox 1086 4463 1200 4525; x_wconf 79' lang='lat' dir='ltr'><strong>odone.</strong></span> <span class='ocrx_word' id='word_1_334' title='bbox 1218 4467 1298 4523; x_wconf 74' lang='lat'><strong>⁴226.</strong></span> <span class='ocrx_word' id='word_1_335' title='bbox 1337 4469 1340 4483; x_wconf 88' lang='lat'>&#39;</span> <span class='ocrx_word' id='word_1_336' title='bbox 1379 4470 1384 4484; x_wconf 90' lang='grc'>·</span> 
     </span>
    </p>
   </div>
   <div class='ocr_carea' id='block_1_6' title="bbox 0 0 2160 5876">
    <p class='ocr_par' dir='ltr' id='par_1_6' title="bbox 0 0 2160 5876">
     <span class='ocr_line' id='line_1_35' title="bbox 0 0 2160 5876; baseline 0 0"><span class='ocrx_word' id='word_1_337' title='bbox 0 0 2160 5876; x_wconf 95' lang='lat' dir='ltr'><strong> </strong></span> 
     </span>
    </p>
   </div>
  </div>
 </body>
</html>
