4298 5898
187 619 284 681 tuerer.
303 617 364 698 lh]
631 618 829 680 HISTORIA
853 616 1149 680 ntruouertcn

240 1200 472 1310 Fridericus,
497 1201 758 1286 Romanorum
777 1202 1003 1312 imperator,
1024 1203 1181 1285 innovat
1202 1201 1442 1312 priuilegium
1461 1199 1600 1285 Fride-
1681 1273 1755 1304 ,Μ

186 1335 255 1419 riei
275 1335 292 1418 l
316 1336 375 1422 avi
403 1337 462 1419 sui
486 1336 767 1448 archiepiscopo
789 1337 1000 1422 Arelatensi
1020 1363 1262 1444 concessum,
1283 1363 1360 1448 quo
1379 1336 1536 1447 jubetur
1553 1363 1602 1420 ne
1740 1327 1762 1359 ⁰·

188 1469 408 1580 capellanus
433 1481 500 1555 aut
521 1472 680 1556 clericus
706 1473 846 1584 aliquis
873 1474 1044 1584 ejusdem
1068 1473 1246 1557 ecelesiae
1277 1473 1471 1555 exactione
1502 1499 1601 1583 gra·

188 1616 315 1712 vetur,
339 1607 528 1717 daturque
552 1607 767 1694 dominium
794 1607 834 1690 in
862 1607 1013 1692 ludaeis
1036 1608 1227 1691 civitatem
1248 1607 1505 1691 Arelatensem
1532 1607 1604 1690 ha·

189 1737 412 1822 bitantibus.

272 1955 394 2036 (Inedit.
410 1957 443 2016 ln
456 1955 539 2016 arch.
553 1954 694 2032 praefect.
708 1955 836 2030 uasere,
851 1955 936 2016 aare
952 1951 1017 2015 d'or
1030 1952 1064 2015 de
1080 1953 1211 2016 l'urrlter.
1227 1951 1357 2030 Adria,
1372 1958 1490 2036 arigim,
1505 1966 1540 2017 n·
1553 1964 1602 2028 tt,

307 2058 517 2130 etLr‘rrerror'r,
528 2059 612 2142 itta,
624 2063 675 2123 tol.
691 2071 746 2124 129
762 2079 847 2124 verso
861 2063 900 2124 ad
912 2072 968 2123 tao
982 2080 1082 2135 vers03
1097 2063 1178 2124 bulla
1187 2081 1263 2142 quae
1276 2079 1405 2142 appensa
1418 2071 1481 2126 erat
1493 2061 1603 2146 periit.)

128 2327 130 2332 ,
238 2251 277 2324 lu
296 2251 436 2324 nomine
453 2261 572 2324 sancte
594 2258 629 2322 et
654 2248 840 2322 individue
866 2249 1052 2322 Trinitatis.
1075 2225 1269 2322 Fridericus
1292 2251 1467 2324 sccundus
1482 2251 1603 2325 diviua

191 2378 328 2449 lavante
343 2375 527 2449 clementia
538 2375 771 2447 Romanorum
787 2373 984 2471 imperator,
1003 2396 1140 2471 semper
1154 2384 1323 2469 augustus
1341 2385 1376 2448 ct
1392 2398 1455 2448 rex
1471 2375 1599 2449 Sicilie.

189 2502 357 2576 Collatum
378 2501 478 2575 uobis
499 2501 621 2574 celitus
644 2499 864 2596 imperatorie
885 2499 1065 2594 dignitatis
1081 2499 1234 2572 odicium
1257 2510 1409 2573 nostram
1430 2511 1604 2575 ammonet

191 2628 402 2730 maiestatem
420 2636 460 2699 ut
483 2626 636 2700 ecclesiis
658 2626 720 2698 Dei
741 2635 777 2698 et
798 2627 953 2722 personis
975 2625 1215 2698 ecciesiasticis
1232 2626 1415 2722 specialem
1440 2627 1604 2723 benigni-

191 2753 270 2826 tatis
282 2761 398 2827 nostre
412 2754 567 2825 favorem
584 2751 768 2824 liberaliter
782 2749 1037 2845 impendentes,
1054 2751 1140 2847 ipsis
1156 2761 1275 2822 contra
1289 2751 1522 2845 quorumlibet
1535 2751 1605 2825 ad-

191 2877 403 2951 versantium
427 2875 637 2974 proterviam
660 2874 882 2948 deffensionis
903 2885 1019 2948 nostre
1044 2875 1273 2972 patrocinium
1298 2897 1526 2972 apponamus.
1553 2881 1604 2954 lla
1712 2916 1716 2924 ·

190 3012 330 3098 propter
347 3011 467 3074 notum
484 3001 629 3075 iacimus
646 3000 818 3073 universis
842 2999 966 3072 uostris
986 2996 1149 3072 fidelibus
1174 3009 1244 3074 tam
1263 3001 1481 3096 presentibus
1497 3025 1604 3096 quarn

192 3129 316 3201 futuris
332 3127 429 3222 quod
446 3127 547 3220 flugo
566 3125 775 3198 venerabilis
792 3124 1002 3198 Arelatensis
1018 3118 1316 3222 archiepiscopus,
1337 3126 1484 3199 dilectus
1504 3129 1604 3223 prin-

190 3274 274 3348 ceps
291 3261 425 3342 rosta,
446 3270 509 3346 per
530 3249 575 3322 A.
595 3251 829 3324 venerabilem
849 3248 1113 3322 Auracisensem
1135 3250 1336 3346 episcopum
1359 3261 1394 3322 et
1419 3252 1459 3323 G.
1480 3251 1604 3326 Arela-

192 3385 323 3450 tensem
333 3375 634 3467 archidiaconum,
652 3374 773 3448 fideles
785 3383 939 3467 nosnos,
952 3374 1130 3470 quoddam
1144 3375 1311 3470 scriptum
1325 3377 1407 3448 olim
1423 3377 1603 3453 llemuudo

190 3500 380 3575 venerabili
398 3501 654 3597 archiepiscopo
675 3501 909 3596 predecessori
927 3523 992 3574 suo
1009 3509 1043 3573 et
1061 3499 1206 3573 ecclesie
1221 3498 1411 3573 Arelatensi
1429 3500 1603 3574 indultum
1697 3515 1700 3519 ’

191 3626 403 3721 aquoudam
421 3624 594 3698 Friderico
614 3625 844 3698 illustrissimo
861 3626 1092 3698 Romanorum
1109 3625 1315 3721 imperatore
1330 3626 1422 3698 boue
1440 3628 1605 3702 memorie

192 3770 259 3823 avo
275 3761 391 3824 nostro
409 3750 455 3824 ad
473 3758 624 3822 nostram
643 3749 883 3823 celsitudinem
900 3749 1161 3842 demonstravit,
1181 3750 1356 3822 humiliter
1376 3750 1605 3846 supplicando

193 3883 232 3946 ut
252 3874 340 3948 illud
362 3875 534 3948 intuentes
555 3873 706 3968 benigue
726 3873 806 3963 sibi,
826 3873 1084 3947 successoribus
1108 3873 1181 3946 suis
1201 3884 1236 3945 et
1256 3874 1399 3947 ecclesie
1416 3896 1479 3948 sue
1498 3876 1605 3950 iuno-

192 4020 275 4073 vare
292 3998 337 4073 de
354 3999 453 4072 solita
471 3999 581 4094 gratia
598 3998 843 4093 dignaremur,
865 4000 966 4091 cujus
986 4009 1081 4072 tenor
1095 3999 1172 4071 talis
1189 4008 1242 4072 est
1259 4025 1269 4070 ε

239 4123 442 4198 Fredericus
459 4122 580 4198 divina
599 4126 737 4208 favente
758 4125 939 4197 clementia
958 4124 1188 4219 Romanorum
1211 4125 1396 4220 imperator
1418 4133 1601 4218 augustus.

194 4248 408 4343 lmperialem
431 4247 531 4322 decet
555 4248 800 4322 excellentiam·
818 4248 1087 4322 racionabilibus
1113 4247 1267 4321 fidelium
1291 4269 1433 4321 suorum
1459 4249 1605 4345 petitiu-

193 4374 298 4446 nibus
317 4375 458 4447 laoilem
480 4384 515 4447 et
537 4374 727 4468 benignum
753 4373 899 4469 prebere
922 4395 1101 4446 assensum
1128 4385 1167 4446 ut
1191 4372 1305 4446 tidelis
1329 4372 1475 4446 devocio
1498 4396 1604 4472 supra

193 4497 284 4570 boue
309 4497 391 4572 lidei
411 4499 543 4572 maritis
566 4500 711 4572 celerem
733 4499 895 4572 sortiatur
912 4497 1084 4570 effectum.
1107 4497 1207 4572 Unde
1222 4506 1342 4570 uotum
1364 4497 1409 4570 sit
1426 4508 1496 4571 tam
1516 4523 1604 4596 pre-

192 4623 346 4696 sentibus
360 4645 467 4719 quam
491 4624 615 4698 tuturis
631 4624 766 4720 imperii
791 4623 898 4697 nostri
923 4622 1085 4696 fidelibus
1104 4622 1201 4718 quod
1223 4643 1287 4695 nos
1304 4622 1430 4697 dilecto
1455 4626 1602 4724 principi

193 4755 308 4821 nostro
329 4758 448 4822 sancta
465 4745 673 4824 Arelatensis
694 4749 838 4822 ecclesie
861 4747 1120 4846 archiepiscopo
1141 4747 1336 4822 Raimuudo
1358 4759 1394 4822 et
1418 4750 1493 4822 auis
1516 4773 1603 4825 suc-

291 4873 334 4936 11.
1410 4880 1449 4936 ⁸⁰
