4292 5894
221 581 323 652 Aluntur.
344 579 405 656 ll.]
677 575 875 646 HISTORIA
902 573 1194 638 oratoriaricn.
1576 569 1634 630 321

225 721 376 793 movent
401 735 534 792 omnes
558 708 750 792 libertates
776 721 813 793 et
839 709 1099 794 immunitates
1114 734 1212 819 quas
1228 718 1398 816 tempore
1414 705 1515 816 regis
1534 704 1636 789 Gni-

224 841 328 925 lelmi
347 842 488 926 habere
509 852 800 925 consueverunt.

307 1057 425 1138 (laedit.
439 1075 478 1119 ex
491 1073 669 1136 pergamena
681 1063 717 1118 nt
730 1057 848 1118 ridetur
861 1057 1007 1136 originali,
1018 1071 1094 1133 qnae
1105 1060 1188 1116 extat
1199 1056 1231 1115 ln
1245 1053 1355 1114 archiv.
1371 1059 1496 1114 monast·
1508 1053 1540 1114 S.
1551 1054 1635 1115 Tria.

347 1166 486 1228 Curensis
498 1171 528 1226 et
541 1166 571 1224 ln
584 1163 686 1226 codiee
698 1165 771 1227 tto.
787 1161 872 1244 idid,
887 1172 920 1224 u⁰
935 1171 992 1226 968
999 1207 1009 1239 ,
1025 1163 1075 1224 ubl
1097 1163 1181 1240 plura
1198 1166 1270 1222 sunt
1285 1161 1323 1220 de
1339 1159 1428 1220 rebus
1439 1161 1638 1220 monasterio-

349 1289 415 1334 rum
431 1272 611 1333 cassinensis
624 1277 655 1330 et
668 1267 829 1350 cavensis.)

274 1459 469 1534 Fridericus
489 1458 553 1530 Dei
571 1457 682 1551 gratia
705 1458 937 1529 Romanorum
955 1457 1151 1552 imperator,
1172 1475 1306 1550 semper
1328 1461 1496 1548 augustus
1518 1463 1552 1524 et
1574 1475 1636 1526 rex

227 1585 352 1676 Sicilie,
370 1582 566 1671 comitibus,
587 1581 791 1670 baronibus,
815 1581 986 1674 magistris
1002 1579 1210 1673 justitiariis,
1230 1579 1404 1673 magistris
1426 1578 1633 1669 camerariis,

228 1707 437 1796 camerariis,
458 1705 596 1798 bajulis,
614 1704 869 1794 comestabulis,
881 1702 1061 1796 judicibus
1074 1712 1109 1776 et
1123 1704 1295 1776 universis
1310 1701 1472 1775 fidelibus
1486 1703 1558 1774 suis
1575 1721 1638 1796 per

228 1854 373 1928 reguum
389 1831 504 1903 Sicilie
516 1830 710 1902 constitutis
725 1829 870 1923 gratiam
882 1851 980 1901 suam
996 1837 1030 1900 et
1044 1829 1172 1900 bonam
1189 1829 1414 1900 voluntatem.
1430 1827 1485 1898 Ex
1496 1826 1637 1920 querela

228 1955 436 2030 venerabilis
450 1953 587 2026 abbatis
600 1963 635 2025 et
649 1962 840 2026 conventus
855 1952 1052 2024 monasterii
1067 1951 1261 2023 Casinensis
1275 1947 1429 2024 fidelium
1443 1959 1637 2022 nostrorum

229 2103 340 2177 nuper
356 2079 522 2154 serenitas
540 2087 655 2152 nostra
673 2077 841 2150 intellexit
855 2079 951 2173 quod
967 2100 1030 2151 vos
1051 2079 1296 2150 monasterium
1314 2077 1445 2172 ipsum,
1465 2074 1637 2150 obedien-

228 2207 294 2279 tias
316 2214 352 2278 et
367 2204 523 2277 homiues
548 2203 658 2298 ipsius
679 2203 829 2276 collectis
849 2213 884 2276 et
906 2203 1162 2289 exactionibus,
1182 2201 1333 2295 augariis
1351 2211 1387 2272 et
1404 2199 1633 2295 perangariis,

228 2329 439 2403 exercitibus
466 2339 500 2402 et
526 2327 843 2423 procurationibus,
865 2327 1033 2400 trahendo
1053 2328 1090 2398 in
1110 2326 1271 2399 civilibus
1296 2335 1331 2398 et
1352 2323 1565 2398 secularibus
1590 2321 1637 2394 ad

224 2454 398 2546 judicium
422 2453 594 2542 seculare,
623 2473 688 2524 neo
709 2473 779 2524 non
800 2462 835 2524 et
859 2452 936 2526 aliis
960 2452 1191 2548 multipliciter
1212 2447 1384 2524 offenditis
1405 2457 1439 2520 et
1464 2447 1633 2542 gravatis3

227 2578 325 2672 quod
337 2586 433 2650 tauto
447 2585 563 2650 nostre
578 2575 738 2672 displicet
753 2576 869 2670 pietati
881 2584 1011 2670 quanto
1024 2575 1268 2648 monasterium
1282 2573 1410 2668 ipsum,
1424 2571 1638 2644 obedientias

229 2709 264 2775 et
279 2701 437 2774 homines
453 2701 564 2797 ipsios
582 2701 619 2772 in
642 2700 854 2772 libertatibus
880 2708 914 2771 et
933 2699 1124 2772 rationibus
1146 2699 1219 2770 suis
1242 2697 1405 2770 volumus
1426 2694 1634 2766 conservari.

228 2824 356 2898 ilerum
375 2824 457 2918 quia
475 2827 550 2918 ejus
573 2822 701 2896 intuitu
718 2845 780 2918 per
801 2843 906 2917 quem
924 2822 1077 2896 vivimus
1097 2833 1132 2896 et
1149 2843 1351 2916 regnamus,
1372 2829 1443 2893 tam
1461 2829 1638 2892 moneste-

229 2949 319 3021 rium
344 2949 459 3044 ipsum
476 2970 582 3044 qnam
597 2946 812 3022 obedientias
828 2959 863 3021 et
882 2947 1041 3021 homiues
1056 2971 1139 3022 snos
1154 2972 1235 3021 cum
1245 2948 1349 3040 justis
1362 2945 1637 3042 possessionibus

230 3073 380 3146 elbonis
398 3073 471 3146 suis
492 3081 715 3146 manutenere
733 3073 894 3146 volumus
914 3083 949 3145 et
965 3073 1098 3163 lovere,
1117 3093 1183 3146 neo
1204 3073 1275 3168 pati
1296 3093 1481 3168 possumus
1497 3071 1554 3143 vel
1574 3069 1636 3142 de·

230 3197 353 3270 miuus
379 3194 476 3290 quod
498 3218 518 3268 a
544 3195 643 3268 nobis
665 3196 720 3268 vel
744 3196 948 3268 officialibus
970 3207 1030 3270 aut
1054 3197 1132 3270 aliis
1152 3196 1313 3270 fidelibus
1340 3195 1465 3270 uostris
1489 3195 1638 3267 debeant

230 3321 401 3393 molestari
418 3341 507 3414 quos
522 3331 680 3394 tenemur
694 3321 731 3390 in
746 3319 893 3416 propriis
909 3321 1124 3394 libertatibus
1136 3329 1171 3394 et
1189 3321 1376 3394 honoribus
1389 3341 1434 3392 ex
1455 3319 1638 3392 commisso

231 3445 330 3518 nobis
349 3446 516 3537 regimine
531 3445 726 3531 confovere,
746 3441 901 3518 fidelitati
917 3455 1031 3519 vestre
1048 3447 1114 3518 sub
1130 3467 1217 3540 pena
1233 3447 1341 3539 gratie
1354 3453 1470 3518 nostre
1485 3444 1638 3518 districte

230 3569 451 3664 precipiendo
465 3567 674 3642 mandamus
690 3583 862 3664 quatenus
877 3571 1035 3643 abbatem
1050 3583 1085 3642 et
1101 3578 1310 3643 conventum
1325 3571 1507 3664 predictos,
1523 3568 1637 3642 nomi·

231 3701 349 3764 natum
365 3693 469 3766 etiam
486 3691 749 3784 monasterium,
766 3693 992 3785 obedientias,
1014 3691 1173 3766 homiues
1190 3702 1224 3767 et
1242 3715 1298 3766 res
1316 3693 1470 3789 ipsorum
1487 3693 1523 3765 in
1542 3691 1637 3766 nullo

231 3814 386 3890 indebite
404 3825 646 3911 aggravantes,
667 3838 787 3890 omues
802 3817 974 3890 libertates
985 3827 1019 3890 et
1030 3817 1263 3890 immunitates
1278 3839 1365 3911 quas
1381 3825 1534 3912 tempore
1547 3816 1639 3910 regis

232 3936 402 4013 Guillelmi
429 3939 574 4014 secundi
600 3939 782 4014 recolende
805 3942 967 4014 memorie
988 3941 1183 4014 consobrini
1209 3941 1316 4015 nostri
1340 3941 1467 4013 babere
1489 3961 1639 4012 consue-

231 4073 374 4156 verunt,
393 4064 443 4136 eis
464 4065 597 4158 integre
612 4065 837 4157 conservetis,
856 4075 892 4138 et
906 4066 941 4137 in
957 4066 1119 4138 omnibns
1138 4066 1279 4158 justitiis
1299 4074 1334 4139 et
1351 4065 1542 4137 rationibus
1564 4065 1638 4138 suis

232 4188 284 4262 sie
297 4190 548 4263 manuteneatis
564 4189 705 4264 fficiam
722 4190 819 4285 qnod
834 4193 869 4263 in
885 4193 979 4264 nulio
995 4190 1040 4264 de
1052 4199 1164 4264 cetero
1177 4213 1215 4264 sc
1226 4192 1373 4264 sentiant
1384 4202 1589 4286 aggravatos
1603 4201 1638 4264 et

232 4333 297 4385 nos
315 4313 531 4388 devotionem
549 4322 700 4388 vestram
713 4314 843 4388 exinde
860 4316 1153 4388 commendemus.
1173 4316 1242 4388 Nos
1257 4315 1351 4388 euim
1371 4324 1464 4388 tanto
1483 4337 1543 4389 eos
1557 4338 1637 4412 pro·

232 4443 349 4530 tegere
368 4437 530 4510 volumus
552 4447 587 4510 et
613 4439 648 4510 in
672 4439 745 4511 suis
772 4438 962 4512 rationibus
991 4439 1184 4533 specialiter
1210 4439 1391 4512 oonlovere
1419 4449 1549 4534 quanto
1573 4463 1636 4514 nos

232 4559 352 4633 divina
367 4563 546 4635 elementia
559 4584 622 4658 pre
639 4563 717 4636 aliis
734 4564 827 4636 orbis
843 4564 1059 4659 principibus
1072 4563 1249 4636 exaltavit.

282 4684 405 4757 Datum
421 4685 516 4783 apud
532 4688 682 4761 Mentem
700 4689 813 4762 Sancti
830 4688 1007 4780 lobannis,
1029 4688 1149 4760 ultima
1167 4688 1343 4784 febroarii,
1358 4689 1419 4761 XI·
1433 4688 1633 4764 indictione.

311 4807 353 4870 11.
1441 4821 1477 4876 41
