4296 5898
211 551 311 614 lrnrcr.
329 550 391 630 lh]
661 541 858 607 HISTORIA
881 541 1174 605 presumentes.
1567 535 1631 598 227.

77 739 87 748 .
211 683 369 780 ejusdem
381 682 551 758 etfratnes
562 678 973 770 suiclaremnoscuntur,
990 677 1126 750 labores
1138 676 1293 751 etiamst
1309 674 1458 750 sudores
1469 671 1629 747 assiduos

211 831 302 906 quos
317 829 379 905 pro
401 805 473 880 lide
495 803 762 878 christianorum
776 813 813 878 et
833 802 942 899 dorin
959 803 1130 876 sustinent
1151 802 1377 892 incessanter,
1397 807 1516 873 elerum
1529 799 1628 874 retri-

210 934 368 1009 butionis
379 931 507 1008 iutuitu
523 939 641 1026 etpro·
653 929 808 1004 remedio
823 927 1021 1002 animarum-
1031 927 1298 1024 progenitorum
1308 933 1506 1001 uosumum
1524 945 1631 1000 reeo-

212 1059 318 1134 leude
331 1057 500 1142 memorie
521 1065 557 1128 et
575 1063 775 1151 pronastro
789 1053 911 1127 salutis
929 1073 971 1126 ao
987 1053 1096 1148 morie
1117 1053 1328 1126 incremento
1346 1050 1627 1148 ipsorumdavori

210 1193 247 1260 et
268 1181 438 1281 protecui
462 1179 697 1268 intendentes,
725 1177 884 1253 eamdem
907 1196 1041 1252 sacram
1072 1177 1272 1252 demumst
1291 1176 1338 1253 ab
1359 1177 1435 1273 ipsa
1455 1175 1629 1272 quaslibet

212 1309 408 1399 derivatus,
424 1306 544 1378 tratres
554 1314 590 1378 et
602 1305 789 1379 confratres
802 1303 957 1400 ipsarum
972 1323 1054 1375 enm
1069 1299 1345 1378 omnibus-mnis
1359 1301 1435 1374 suls
1444 1299 1629 1375 stabilibus

211 1445 249 1510 et
269 1431 458 1507 mobilibus
479 1451 549 1528 que
570 1452 632 1526 per
652 1437 762 1504 totum
781 1449 927 1524 regnum
942 1425 998 1525 (a)
1015 1439 1170 1503 nostrum
1182 1428 1430 1502 rationabiliter
1448 1425 1628 1524 possident

211 1561 250 1632 iu
272 1557 421 1654 presenti
444 1565 479 1630 et
498 1577 568 1651 qne
587 1555 746 1629 inantea
766 1553 872 1628 duum
886 1554 1033 1628 llomino
1046 1555 1141 1648 justo
1156 1555 1255 1629 titulo
1273 1563 1434 1651 poterunt
1452 1552 1622 1651 adipisci,

211 1701 349 1756 necnon
366 1679 524 1754 subditos
545 1679 649 1753 etiam
668 1677 715 1776 (b)
732 1677 889 1771 ejusdem
912 1678 1118 1774 legationem
1142 1689 1246 1775 atque
1268 1678 1407 1772 negotia
1422 1687 1628 1756 exercentes

210 1805 280 1880 sub
297 1805 439 1902 speciali
457 1805 668 1903 protectione
682 1811 717 1878 et
735 1803 940 1878 detonsione
948 1813 1065 1877 nostra
1078 1803 1265 1899 recipimus
1281 1811 1316 1876 et
1329 1802 1445 1876 eidem
1459 1811 1628 1900 perpetuo

211 1927 458 2005 confirmamus
473 1929 589 2004 omnia
605 1928 789 2026 privilegia
806 1928 983 2026 etscripta
999 1927 1151 2024 quelibet
1164 1937 1234 2002 tam
1248 1951 1271 2002 a
1285 1925 1628 2024 parentibusnostris

211 2075 320 2149 quam
337 2076 359 2126 a
375 2053 476 2128 nobis
488 2051 554 2126 sibi
569 2074 632 2148 pro
648 2051 854 2137 liberalitate
870 2071 1049 2143 concessa,
1067 2068 1201 2124 necnon
1214 2049 1318 2124 etiam
1333 2059 1462 2142 castra,
1479 2049 1623 2144 casalia,

210 2176 370 2252 homines
387 2188 423 2251 et
439 2178 673 2274 possessiones
690 2199 760 2274 que
778 2177 964 2254 donatione
980 2197 1118 2272 regum,
1135 2176 1358 2250 concessione
1372 2177 1568 2272 principum
1592 2184 1628 2250 et

212 2301 388 2376 oblatione
410 2300 567 2376 fidelium
591 2302 666 2377 sive
698 2302 853 2399 quolibet
874 2303 941 2378 alio
960 2303 1054 2395 justo
1075 2301 1176 2375 titulo
1201 2312 1253 2374 est
1281 2299 1407 2397 adepto
1428 2302 1485 2375 vel
1505 2301 1541 2373 in
1568 2302 1627 2375 lu-

212 2435 331 2500 turum
346 2425 469 2523 poterit
486 2425 651 2522 adipisci,
666 2427 861 2501 eximentes
876 2426 970 2523 ipsos
984 2427 1030 2499 ab
1046 2427 1142 2500 omni
1158 2426 1269 2519 datia,
1284 2427 1426 2499 collecta
1440 2447 1503 2499 seu
1517 2447 1628 2500 exac-

214 2549 328 2644 tione,
340 2551 386 2624 ab
399 2533 495 2624 omni
509 2527 652 2645 angaria
665 2562 700 2625 et
717 2552 763 2626 ab
778 2552 873 2625 omni
884 2571 989 2626 onere
1001 2549 1186 2647 cujuslibet
1197 2551 1384 2624 servitutis.
1401 2549 1629 2626 Concedimus

211 2676 319 2750 etiam
347 2673 461 2749 eidem
483 2697 580 2750 sacre
606 2675 727 2750 domui
752 2673 798 2749 de
817 2673 1053 2750 munificentia
1077 2675 1209 2750 liberali
1226 2675 1418 2750 libertatem
1438 2697 1625 2773 aquarum,

212 2798 399 2874 herbarum
422 2808 458 2874 et
478 2801 651 2896 lignorum
675 2798 807 2896 ubique
828 2823 889 2897 per
913 2800 1066 2876 demanii
1085 2801 1192 2874 nostri
1216 2808 1323 2874 terras
1346 2798 1391 2898 (c)
1418 2801 1628 2875 adsueram

213 2923 397 2998 domorum
413 2947 516 2999 nsum
536 2936 572 3000 et
589 2935 629 3000 ut
646 2926 791 3024 deipsis
812 2949 875 3022 per
895 2935 1005 3000 totum
1022 2947 1168 3022 regnum
1188 2925 1273 2998 nihil
1291 2945 1354 3021 pro
1372 2925 1554 3021 plateatico
1571 2927 1629 3002 vel

211 3049 525 3125 consuetudinibus
552 3051 728 3147 aliquibus
756 3052 813 3125 vel
839 3053 973 3124 statutis
1001 3051 1037 3122 in
1064 3059 1153 3126 terra
1179 3052 1235 3125 vel
1264 3051 1300 3123 in
1320 3050 1406 3125 mari
1425 3052 1561 3126 solvere
1578 3061 1653 3138 tes

211 3181 373 3267 ocantur,
403 3174 545 3250 firmiter
569 3183 758 3250 statuentes
787 3176 936 3272 nequis
965 3177 1085 3250 iratres
1110 3177 1283 3272 predictos
1310 3176 1357 3251 de
1375 3178 1572 3252 tenimentis
1594 3188 1630 3252 et

212 3299 490 3397 possessionibus
509 3300 690 3397 hospitalis
704 3300 862 3395 ejusdem
876 3302 952 3374 sine
964 3301 1097 3396 judicio
1113 3311 1149 3376 et
1160 3301 1293 3396 justitia
1306 3311 1483 3399 presumat
1495 3303 1629 3399 aliqua·

212 3431 316 3496 tenus
338 3423 527 3498 dissaisire.
545 3426 596 3498 De
620 3424 864 3499 abundantiori
883 3429 1028 3522 'quoque
1049 3427 1159 3522 gratia
1181 3435 1296 3502 nostra
1317 3427 1431 3502 eidem
1453 3428 1574 3503 domui
1594 3437 1630 3503 et

213 3547 378 3622 fratribus
391 3549 465 3622 suis
486 3548 710 3624 concedimus
728 3558 764 3624 et
780 3558 947 3646 perpetuo
967 3550 1212 3624 confirmamus
1229 3559 1270 3622 ut
1289 3551 1335 3626 de
1352 3552 1576 3649 proventibus
1594 3563 1630 3628 et

211 3671 316 3746 bonis
332 3673 406 3747 suis
424 3696 495 3769 que
509 3673 555 3748 ad
569 3683 683 3770 partes
696 3674 853 3768 dirigunt
871 3677 1116 3750 transmarinas
1129 3699 1192 3773 pro
1206 3677 1360 3774 ipsorum
1374 3677 1579 3752 utilitatibus
1593 3689 1629 3752 et

211 3795 356 3869 servitio
370 3797 451 3870 lesu
467 3796 589 3870 Christi
603 3796 690 3870 nihil
705 3798 752 3871 ab
765 3798 849 3896 ipsis
863 3799 995 3874 ratione
1006 3799 1183 3897 portatici,
1199 3800 1392 3897 plateatici,
1410 3801 1625 3894 lalungatiei,

210 3918 367 4015 ripatici,
389 3920 540 3994 thelonei
565 3921 622 3996 vel
645 3921 794 4016 alicujus
819 3924 960 3998 alteriue
979 3925 1172 3998 exactionis
1192 3935 1227 3998 et
1244 3924 1334 4018 juris
1356 3923 1570 4000 dohauarum
1594 3934 1630 3999 et

211 4051 379 4140 portuum
396 4045 433 4116 in
451 4045 594 4118 introitu
609 4047 666 4120 vel
684 4047 783 4120 exitu
808 4048 982 4143 exigatur.
1003 4048 1146 4145 Insuper
1161 4047 1206 4124 de
1219 4048 1379 4145 passagio
1396 4048 1497 4121 Phari
1511 4047 1629 4123 eundo

210 4188 236 4240 a
252 4166 369 4241 Sicilia
383 4167 420 4240 iu
434 4167 626 4242 Calabriam
645 4181 680 4244 et
696 4193 718 4244 a
736 4169 892 4245 Calabria
907 4172 943 4245 in
962 4172 1113 4246 Siciliam
1128 4172 1243 4247 eidem
1257 4194 1354 4246 sacre
1369 4171 1490 4246 domui
1506 4183 1541 4246 et
1553 4173 1628 4247 ha·

211 4289 326 4364 tribue
352 4291 425 4365 suis
452 4299 488 4366 et
511 4293 674 4368 omuibus
701 4296 802 4369 bonis
828 4317 948 4372 eorum
974 4307 1176 4395 perpetuam
1202 4296 1327 4372 damus
1348 4305 1384 4372 et
1405 4293 1627 4371 concedimus

254 4463 298 4545 (a)
316 4467 354 4530 In
364 4467 467 4546 altero,
477 4471 639 4552 inpellunt.

254 4570 297 4653 (b)
318 4574 355 4636 lu
366 4575 469 4655 altero,
488 4595 597 4641 curcua

251 4681 290 4757 lc)
310 4683 471 4761 inalteto,
482 4687 813 4772 perprapricaimperti
824 4689 918 4754 aare
930 4695 1033 4756 terrae
