4296 5898
563 525 625 590 288
1052 530 1277 596 salutaret
1303 533 1478 596 stertunt
1790 535 1873 616 [An.
1891 537 1970 600 lma

561 689 685 771 linum
712 685 926 796 dapiferum
942 677 1070 772 'suum
1102 691 1152 775 ad
1184 718 1380 777 summum
1415 691 1633 804 pontificem
1665 693 1816 778 misisse
1841 707 1886 780 ut
1911 724 1974 806 pro

562 822 742 907 omnibus
759 822 975 906 excessibus
994 850 1092 934 quos
1110 826 1150 908 in
1168 827 1341 935 partibus
1362 826 1447 910 istis
1469 827 1660 910 commisit
1685 827 1972 912 satisfactionem

562 985 775 1070 congruam
792 957 987 1067 exhibeat,
1012 969 1218 1074 monetque
1240 970 1284 1045 ut
1304 987 1393 1045 cum
1416 961 1546 1046 banna
1563 963 1686 1072 posita
1707 971 1745 1044 et
1763 961 1974 1073 juramenta

562 1105 712 1204 recepta
734 1093 977 1201 relaxaverit,
997 1097 1155 1180 omnino
1184 1097 1324 1180 summi
1351 1095 1541 1208 pontificis
1566 1124 1632 1183 seu
1656 1097 1871 1206 legatorum
1897 1096 1974 1208 ejus

561 1227 963 1312 mandatisobediant.
1268 1238 1272 1250 “

641 1471 817 1553 (ltdtderunt
829 1471 955 1534 Maurus
969 1473 1100 1546 Mearm,
1112 1473 1211 1535 Nuooo
1221 1469 1391 1534 comedit
1404 1475 1577 1536 metiore
1587 1471 1633 1535 ἀί
1645 1469 1774 1555 diplont
1785 1491 1817 1551 p.
1834 1481 1972 1536 tratas.

680 1611 720 1626 -
734 1579 952 1655 Quaenam,
968 1579 1104 1640 Mauorte
1120 1577 1298 1656 dostruat
1315 1582 1354 1655 V,
1368 1598 1400 1660 p.
1413 1589 1460 1644 tr.
1474 1615 1512 1628 -
1526 1583 1723 1656 carmus,
1740 1583 1784 1643 De
1797 1579 1890 1642 acts.
1904 1581 1974 1642 Fir·-

681 1704 822 1766 wnen
841 1687 922 1764 Μ)

564 1990 568 1998 ,
611 1903 806 1977 fridericus
821 1901 884 1974 Dei
910 1903 1021 1996 gratia
1043 1904 1274 1976 Romanorum
1295 1905 1493 1998 imperator,
1513 1926 1649 2002 semper
1665 1914 1837 2000 augustus
1860 1914 1896 1976 et
1915 1925 1974 1976 rex

563 2027 948 2119 Siciliadnoonitauis,
964 2027 1145 2118 Firmanis,
1157 2027 1386 2120 Auximanis,
1403 2028 1716 2120 Camerinensibus,
1736 2028 1889 2119 desinis,
1908 2029 1975 2099 Hu-

564 2151 807 2243 maueusibus,
833 2151 1062 2241 fanensibus,
1092 2151 1420 2240 Pensauriensibus,
1447 2152 1768 2246 Senogaliensibus,
1799 2153 1973 2224 Forosim-

565 2276 826 2376 proniensibus,
845 2276 1076 2365 Callensibus,
1103 2276 1278 2350 nobilibus
1297 2285 1332 2350 et
1351 2278 1621 2352 comunitatibus
1639 2277 1812 2350 universis
1829 2299 1891 2372 per
1906 2275 1973 2348 An·

564 2404 760 2478 cornilanam
789 2401 979 2473 marchiam
1004 2410 1040 2474 et
1067 2401 1239 2474 universis
1265 2423 1326 2498 per
1347 2402 1513 2475 ducatum
1538 2404 1759 2499 spoletanum
1783 2401 1973 2476 constitutis

560 2529 706 2622 gratiam
720 2548 820 2600 suam
843 2534 878 2598 et
899 2525 1029 2598 bonam
1045 2525 1271 2598 voluntatem.
1295 2526 1379 2601 Cum
1403 2527 1589 2600 Gonzobno
1609 2525 1763 2622 dapifero
1781 2536 1897 2600 nostro
1914 2527 1972 2622 qui

559 2665 673 2751 preter
688 2652 891 2728 mandatum
909 2659 944 2724 et
957 2651 1061 2726 etiam
1083 2651 1326 2752 conscientiam
1348 2661 1500 2728 nostram
1515 2652 1682 2728 ducatum
1703 2654 1926 2748 Spoletanum
1941 2664 1974 2724 et

560 2780 749 2854 marchiam
772 2777 1023 2850 Anconitanam
1048 2776 1244 2871 ingressus,
1261 2778 1458 2870 juramenta
1476 2779 1606 2874 recepit
1631 2778 1676 2852 ab
1701 2776 1902 2853 eorumdem
1926 2779 1974 2850 lo·

560 2924 678 2977 eornm
696 2901 896 2975 bominibus
918 2909 952 2972 et
971 2921 1040 2972 non
1066 2898 1236 2974 modicam
1260 2901 1408 2995 pecunie
1427 2902 1670 2998 quantitatem,
1689 2902 1834 2974 ecclesie
1851 2901 1973 2974 balivis

560 3029 697 3118 amotis,
716 3047 798 3100 suos
814 3027 998 3111 instituens
1012 3035 1048 3098 et
1069 3046 1140 3098 nou
1154 3028 1310 3120 jurantes
1329 3035 1364 3100 et
1378 3027 1561 3122 pecuniam
1579 3049 1649 3100 non
1669 3027 1841 3100 solventes
1861 3027 1971 3100 eidem

562 3154 678 3250 banno
694 3173 903 3248 supponens,
922 3152 1204 3226 mandaverimus
1217 3151 1285 3225 sub
1303 3152 1447 3226 obtentu
1464 3153 1575 3248 gratie
1592 3161 1708 3226 nostre
1720 3162 1762 3225 ut
1776 3153 1840 3226 hec
1859 3154 1971 3226 omnia

490 3341 495 3352 .
562 3278 751 3351 sinemuro
771 3275 925 3370 qualibet
944 3285 1138 3367 revocaret,
1164 3275 1442 3348 reverentissimo
1459 3277 1546 3370 patri
1568 3286 1683 3349 nostro
1703 3298 1840 3350 summo
1863 3277 1971 3372 ponti·

563 3401 617 3476 fici
633 3402 864 3476 satisfactione
876 3400 1015 3494 prestita
1029 3397 1075 3472 da
1091 3399 1301 3490 commissiS,
1318 3399 1412 3472 idem
1426 3399 1646 3493 Gonzolinus,
1666 3402 1756 3474 sicut
1771 3424 1834 3498 per
1846 3403 1971 3476 litteras

562 3537 598 3601 et
613 3528 775 3600 nuntium
793 3524 949 3620 ejusdem
968 3523 1094 3597 summi
1119 3521 1291 3620 pontificis
1312 3524 1413 3598 nobis
1430 3526 1597 3618 innotuit,
1617 3526 1655 3600 id
1672 3527 1800 3622 exequi
1819 3549 1888 3600 non
1908 3549 1971 3598 cn-

561 3653 670 3742 ravit;
690 3649 941 3748 propterquod
964 3658 1060 3722 tanto
1083 3649 1226 3744 gravius
1243 3650 1489 3724 sublimitatem
1513 3660 1660 3726 nostram
1680 3651 1825 3725 offendit
1843 3661 1970 3748 quanto

562 3778 675 3872 magis
693 3778 817 3850 uostris
837 3775 977 3847 videtur
987 3774 1204 3868 jussionibus
1225 3775 1387 3849 illusisse.
1405 3776 1491 3849 Cum
1509 3777 1614 3872 igitur
1635 3779 1730 3850 nulla
1748 3777 1881 3851 ratione
1897 3799 1969 3850 sus·

562 3903 671 3977 tinere
683 3901 831 3976 velimus
844 3899 940 3995 quod
954 3908 1062 3972 mater
1076 3910 1192 3972 nostra
1204 3900 1356 3974 Romana
1371 3899 1533 3995 Ecclesia,
1547 3901 1605 3973 cui
1619 3911 1776 3976 tenemur
1787 3901 1969 3977 defendere

562 4051 604 4103 ac
625 4048 830 4104 conservare
846 4026 906 4119 jus
924 4048 1045 4117 suum,
1064 4047 1126 4121 per
1144 4047 1208 4098 nos
1224 4036 1285 4099 aut
1305 4037 1438 4099 nostros
1459 4027 1515 4100 vel
1538 4027 1660 4100 leviter
1681 4025 1892 4117 offendatur,
1913 4049 1968 4100 ve·

563 4155 679 4228 niente
700 4175 811 4248 nuper
834 4153 879 4224 ad
901 4149 1106 4247 presentiam
1131 4160 1282 4224 nostram
1305 4149 1461 4247 dapifero
1483 4151 1696 4246 supradicto,
1722 4173 1804 4226 enm
1824 4151 1870 4226 ad
1890 4175 1969 4249 apo-

562 4281 716 4354 stolicam
745 4276 869 4352 Sedam
891 4275 1141 4349 transmisimus
1171 4275 1217 4348 de
1244 4285 1339 4350 muto
1364 4277 1618 4350 satisfacturum
1648 4299 1796 4351 excessu
1821 4288 1855 4352 et
1883 4279 1967 4350 circa

562 4405 803 4478 universorum
830 4403 1083 4476 revocationem
1106 4401 1208 4495 juxta
1238 4401 1491 4496 beneplacitum
1516 4401 1626 4497 ipsius
1649 4404 1775 4475 summi
1802 4402 1967 4500 pontificis

563 4551 816 4626 processurum.
839 4529 954 4616 Quare
975 4529 1139 4600 volumus
1157 4535 1191 4600 et
1216 4526 1431 4600 universitati
1449 4535 1562 4600 vestra
1585 4526 1727 4602 tirmitar
1749 4527 1966 4626 precipiendo

563 4653 769 4728 mandamus
789 4653 953 4748 quatinus
972 4660 1136 4748 unquam
1153 4651 1292 4727 vassalli
1309 4651 1408 4726 Sedis
1425 4651 1612 4749 apostolice
1625 4675 1667 4728 ac
1682 4652 1804 4728 fideles
1822 4653 1965 4728 Ecclesia
