4296 5898
531 533 592 596 276
1036 535 1250 598 lnlnbnlct
1274 533 1446 596 secuto}
1759 531 1839 612 [Anu.
1858 529 1936 590 lm

534 668 732 740 monasterii
755 669 801 744 de
820 673 993 744 casalibus
1016 670 1200 756 blentabri,
1220 670 1426 766 Gasparine,
1447 665 1601 740 Arunchi
1621 675 1656 738 et
1672 666 1861 740 Oliviarum
1880 689 1937 740 ca-

533 792 658 864 salium
673 793 869 866 monasterii
887 794 1048 890 prelibati
1070 792 1115 867 de
1132 793 1347 890 pertinentiis
1364 789 1559 886 Squillacii,
1582 789 1758 862 infamiam
1778 791 1853 862 falsi
1868 791 1936 863 cri-

533 915 637 988 minis
647 918 894 1012 preseferentes
907 918 1003 1013 quod
1015 917 1107 990 idem
1118 917 1239 1009 abbas,
1252 939 1332 990 cum
1346 917 1432 990 alias
1446 923 1560 988 nostra
1570 911 1738 986 celsitudo
1751 915 1935 1010 scripsisset

531 1063 576 1112 ne
604 1043 698 1137 ipsos
724 1043 879 1115 homines
901 1051 1061 1136 gravaret
1086 1041 1239 1114 indebite
1264 1050 1378 1137 preter
1403 1039 1543 1113 servitia
1565 1036 1682 1112 debita
1705 1039 1834 1138 quibus
1857 1037 1933 1111 dicti

530 1165 687 1239 homines
702 1188 750 1238 ex
762 1165 948 1240 donatione
968 1166 1105 1262 Rogerii
1127 1165 1262 1238 comitis
1279 1165 1394 1238 eidem
1415 1162 1621 1236 monasterio
1641 1164 1856 1237 tenebantur.
1885 1218 1894 1235 .
1922 1219 1932 1233 .

530 1343 728 1377 ......
753 1291 874 1364 iterato
891 1301 1047 1364 extreme
1070 1289 1223 1385 nequitie
1240 1290 1383 1386 pallium
1402 1287 1646 1385 protendentes
1666 1311 1687 1362 a
1709 1297 1824 1362 nostra
1844 1291 1933 1361 curia

527 1411 642 1488 eidem
662 1414 780 1488 abbati
797 1415 918 1488 missas
934 1416 1070 1488 licteras
1089 1423 1297 1510 acceperunt
1314 1412 1412 1509 quod
1434 1413 1628 1486 ferebamus
1641 1414 1792 1508 graviter
1810 1413 1933 1486 dictum

528 1538 688 1612 abbatem
705 1540 835 1634 primas
849 1549 983 1614 nostras
995 1541 1145 1632 licteras,
1159 1548 1197 1612 ut
1211 1539 1432 1636 exponebant
1447 1537 1671 1631 mendaciter,
1683 1539 1778 1634 ipsos
1784 1539 1934 1612 homines

528 1661 652 1736 dunos
661 1662 849 1758 affligendo
865 1665 993 1738 clausis
1006 1665 1117 1738 oculis
1127 1663 1318 1760 preteriisse
1333 1662 1396 1762 (o).
1414 1665 1465 1736 De
1479 1663 1609 1758 quibus
1623 1664 1786 1737 omnibus
1796 1663 1933 1760 qualiter

526 1809 565 1860 se
589 1789 639 1860 roi
660 1797 755 1879 geste
775 1789 903 1862 veritas
928 1789 1124 1879 habuisset,
1147 1788 1350 1862 sententiam
1374 1787 1603 1861 indefectam
1625 1809 1686 1884 per
1708 1787 1931 1860 uenerabilem

527 1910 696 2004 Reginum
723 1912 1022 2010 archiepiscopum
1049 1911 1214 1986 dilectum
1240 1911 1472 1985 consiliarium
1498 1921 1533 1984 et
1558 1912 1758 1986 familiarem
1785 1921 1929 1984 nostrum

528 2035 563 2107 in
582 2036 744 2109 omnibus
757 2039 975 2134 factisipsius
989 2039 1186 2112 monasterii
1198 2059 1261 2133 per
1272 2058 1336 2110 nos
1347 2035 1467 2110 datum
1477 2036 1632 2130 judicem
1646 2035 1854 2132 delegatum,
1867 2057 1930 2106 nna

527 2183 606 2232 cum
616 2161 1463 2256 llogerioilttavoJ'ustitiarioCalabrie,etalteram
1471 2162 1672 2235 sententiam
1682 2161 1929 2258 perflogerium

526 2284 686 2359 eumdem
718 2287 847 2381 prefate
870 2287 1094 2380 justitiarium
1122 2287 1272 2380 regionis
1295 2287 1388 2361 idem
1411 2287 1520 2360 abbas
1544 2286 1794 2383 presentando,
1822 2295 1930 2358 nostro

525 2409 667 2481 culmini
690 2410 850 2504 patefecit
852 2464 1639 2484 ....................
1673 2433 1734 2522 per
1752 2408 1930 2502 jamdictas

396 2561 400 2566 ·
523 2535 709 2608 sententias
723 2534 869 2630 predicti
884 2535 1043 2608 homines
1064 2536 1180 2610 eidem
1195 2537 1403 2608 monasterio
1423 2545 1630 2622 tenerentur,
1648 2535 1832 2631 privilegia
1847 2535 1928 2606 anti·

523 2679 593 2751 qua
611 2659 801 2752 proferens,
823 2656 1019 2732 donationis
1038 2657 1201 2732 videlieet
1218 2659 1335 2752 magni
1350 2660 1486 2754 flogerii
1505 2661 1638 2732 comitis
1653 2668 1688 2732 et
1705 2658 1929 2732 concessionis

523 2781 837 2856 confirmationisve
862 2784 955 2877 regis
981 2784 1119 2878 flogerii
1140 2792 1175 2856 et
1199 2785 1291 2878 regis
1315 2783 1486 2857 Guillelmi
1515 2783 1787 2858 felicissimorum
1814 2805 1927 2876 regum

523 2905 637 2978 Sicilie
662 2905 945 3002 predecessomm
968 2919 1183 3000 nostrorum,
1213 2907 1287 2982 divi
1309 2931 1449 3004 quoque
1476 2910 1615 3004 angusti
1644 2909 1750 2980 nostri
1775 2908 1927 3004 progeni·

524 3031 623 3121 toris;
643 3040 677 3103 ot
696 3040 811 3104 nostre
832 3033 1001 3124 majestati
1021 3056 1102 3107 vere
1117 3033 1239 3105 claruit
1261 3033 1358 3128 quod
1381 3055 1445 3129 pro
1466 3032 1660 3129 proditione
1685 3053 1834 3126 nequam
1854 3041 1926 3104 ante

523 3155 699 3228 civitatem
726 3155 843 3250 Capue
866 3179 947 3228 cnm
978 3157 1211 3230 infelicissimo
1237 3157 1357 3250 Sergio
1385 3157 1599 3252 conspirata,
1625 3179 1696 3250 qna
1717 3155 1926 3229 destinabant

523 3277 707 3370 Rogerium
723 3277 883 3350 comitem
903 3301 1069 3374 magnum
1082 3301 1201 3353 eornm
1216 3280 1396 3354 dominum
1414 3279 1549 3354 tradere
1562 3281 1722 3353 manibus
1742 3281 1849 3352 bostis
1863 3277 1922 3366 sui,

523 3401 586 3474 sed
603 3403 816 3476 orationibus
831 3404 1039 3478 venerabilis
1057 3417 1092 3477 et
1109 3404 1201 3478 beati
1219 3405 1287 3476 viri
1309 3407 1499 3496 Brunonis,
1518 3407 1606 3477 utin
1624 3405 1818 3501 privilegiis
1838 3404 1926 3497 ejus-

523 3525 603 3600 dem
620 3527 738 3620 magni
752 3527 889 3622 flogerii
902 3529 1036 3603 comitis
1040 3582 1375 3604 .........
1393 3531 1508 3604 extitit
1521 3553 1584 3627 per
1595 3531 1772 3604 oraculum
1786 3526 1924 3624 sompnii

523 3651 763 3724 miraculosius
783 3652 967 3746 liberatus,
994 3654 1136 3728 eosdem
1163 3653 1321 3727 homines
1346 3677 1464 3730 servos
1491 3666 1674 3752 perpetuos
1699 3654 1813 3728 eidem
1834 3654 1924 3724 beato

522 3777 599 3848 viro
625 3776 778 3850 Brunoni
807 3777 990 3873 eidemque
1013 3778 1220 3851 monasterio
1249 3779 1390 3852 tradidit
1415 3802 1496 3852 cum
1524 3802 1643 3853 eorum
1665 3779 1745 3851 filiis
1770 3777 1920 3850 tiliorum.

522 3899 661 3972 Auditis
684 3902 814 3996 quibus
843 3901 1005 3974 omnibns
1028 3923 1182 3998 saneque
1211 3905 1416 4000 perspectis,
1446 3926 1635 3978 conversus
1659 3911 1775 3976 noster
1797 3901 1925 3975 animus

523 4026 559 4098 in
577 4035 772 4122 stuporem,
790 4026 980 4120 nequitiam
995 4038 1133 4124 patrum
1149 4040 1372 4126 propagatam
1393 4031 1431 4102 in
1450 4029 1539 4102 filios
1560 4029 1842 4126 perhorrescens,
1861 4024 1926 4097 zelo

524 4152 659 4225 censuit
684 4153 866 4248 instigatus
890 4176 975 4228 neos
1000 4177 1107 4249 quam
1131 4155 1293 4228 dirissimi
1318 4164 1433 4253 patres
1458 4162 1655 4228 memorant
1680 4175 1846 4248 sequaces
1873 4147 1926 4221 filii

525 4277 766 4370 plecterentur.
779 4276 835 4352 Ad
849 4279 1031 4372 petitiones
1048 4288 1163 4353 autem
1179 4279 1427 4352 venerabilium
1445 4279 1599 4353 virorum
1609 4277 1731 4374 Regini
1745 4272 1926 4369 archiepis·

526 4399 623 4493 oepi,
644 4399 856 4474 Cataniensis
874 4411 908 4475 ot
923 4401 1129 4499 Syracusani
1149 4403 1389 4499 episcoporum
1404 4403 1620 4500 aliommqne
1633 4422 1813 4499 procerum
1836 4394 1926 4472 fam·

569 4661 611 4742 (o)
632 4663 669 4724 lu
680 4665 830 4742 lmpreesls
837 4669 968 4746 petitore,
988 4669 1074 4730 male.
