4296 5898
220 614 320 676 lentur.
340 612 402 691 tlt]
658 610 873 674 ‘fllsuolttlt
899 605 1189 672 utrtottltulct.
1579 603 1640 666 set

219 772 299 823 rum
321 747 456 844 imperii
485 748 547 843 qui
577 769 658 820 oum
682 769 725 822 eo
743 757 921 846 presentes
946 748 1150 833 extiterant,
1170 745 1325 818 bennum
1340 743 1378 816 in
1400 742 1634 816 Bononienses

218 874 377 971 quinque
392 873 500 946 millia
513 894 708 947 marcorum
727 875 860 970 urgenti
873 883 909 947 et
921 875 1025 947 trium
1036 871 1182 944 millium
1199 870 1236 942 in
1247 867 1454 944 Faventinos
1467 887 1635 962 sequeoee

216 1020 302 1073 suos
319 997 518 1072 solemniter
533 999 786 1096 promulgavit,
807 997 980 1092 maiestati
997 1005 1113 1072 nostru
1129 994 1330 1091 supplicans
1347 1002 1387 1066 ut
1405 993 1560 1066 bennum
1582 990 1635 1088 ip-

220 1145 299 1196 sum
320 1121 523 1198 eoniirmere
543 1131 738 1198 nostrerum
756 1123 947 1198 litterarum
965 1122 1088 1196 robore
1109 1120 1344 1215 dignaremur.
1368 1117 1439 1190 Noe
1459 1116 1566 1210 igitur
1584 1125 1635 1190 et·

219 1249 399 1322 tendentes
417 1247 513 1342 quod
532 1247 598 1321 beo
612 1256 648 1322 et
667 1247 734 1322 ulie
755 1269 825 1344 que
839 1247 884 1322 eb
905 1247 990 1344 ipsis
1005 1243 1281 1319 Bononiensibus
1300 1250 1418 1316 contra
1440 1239 1633 1337 predictum
1724 1225 1725 1228 Ὺ

220 1374 373 1468 legatum
388 1381 544 1446 nostrum
562 1380 644 1444 sunt
663 1380 793 1448 temere
810 1378 976 1444 attentatu
994 1369 1032 1442 in
1050 1369 1273 1466 opprobrium
1291 1377 1447 1440 nostrum
1464 1374 1501 1438 et
1518 1365 1635 1460 impe·

220 1497 262 1569 rii
279 1506 446 1594 perpetuo
467 1496 718 1590 redundarent,
736 1495 767 1570 si
787 1505 823 1570 et
838 1495 991 1592 ipsorum
1011 1493 1175 1590 superbie
1191 1513 1261 1564 non
1280 1490 1480 1564 domaretur
1494 1499 1529 1562 et
1548 1489 1635 1563 beu·

219 1643 306 1694 uum
327 1621 438 1717 ipsius
459 1621 565 1718 legati
586 1621 695 1695 nostri
719 1627 832 1694 retum
848 1629 884 1695 et
904 1619 1054 1694 solidum
1068 1627 1184 1691 nostru
1201 1617 1366 1690 serenitas
1385 1638 1455 1690 non
1473 1615 1633 1706 heberet,

219 1745 436 1820 universitati
459 1755 575 1820 vestre
603 1747 766 1820 volumus
791 1767 868 1819 esse
894 1755 1016 1818 notum
1037 1764 1100 1817 nos
1120 1742 1275 1815 bennum
1297 1742 1414 1838 ipsum
1435 1739 1473 1812 in
1495 1737 1636 1813 eosdem

220 1872 453 1946 Bononienses
481 1861 518 1943 et
535 1871 742 1946 Faventinus
766 1892 872 1968 super
894 1869 1061 1969 predictis
1084 1867 1232 1962 negotiis
1249 1875 1320 1940 tem
1340 1865 1537 1939 solemniter
1558 1885 1637 1963 pro-

219 1999 414 2092 mulgatum
433 2005 546 2070 retum
568 1997 697 2071 bebere
714 2005 752 2070 et
767 1996 883 2094 ipsum
902 1993 1072 2091 presentis
1096 1992 1224 2089 pagine
1248 1991 1338 2065 serie
1355 1988 1586 2088 confirmare(
1609 1989 1637 2088 ).

267 2123 394 2194 Delum
415 2121 452 2194 in
475 2121 596 2204 cestris
617 2121 655 2194 iu
676 2119 857 2195 obsidione
877 2119 962 2209 leti,
985 2117 1121 2192 deoimo
1141 2117 1262 2212 quinto
1281 2115 1447 2190 kalendas
1465 2114 1544 2211 julii
1564 2112 1635 2212 (2),

219 2244 469 2320 Xindiotione.

257 2582 290 2658 (t)
309 2584 367 2642 lem
378 2598 449 2642 enno
459 2584 541 2654 rtet,
556 2597 652 2641 mense
665 2581 746 2656 meio,
756 2581 938 2641 bononienses
944 2587 977 2656 ¹et
988 2581 1126 2640 Ferentini
1138 2580 1249 2639 lmolem
1262 2578 1425 2638 obsederant
1436 2579 1504 2638 etin
1517 2579 1641 2656 perditus

219 2681 400 2740 exterioribus
420 2682 634 2740 dorosteremnt.
653 2680 733 2738 Anno
746 2687 837 2739 eutem
858 2686 997 2755 sequente,
1014 2677 1192 2739 nonobstante
1212 2677 1405 2755 archiepiscopi
1425 2685 1453 2738 et
1472 2679 1642 2755 imperatoris

220 2780 320 2852 benno,
329 2796 424 2838 mense
435 2785 550 2854 augusto
560 2777 672 2838 lmolem
683 2778 771 2838 denuo
784 2779 951 2838 obsederunt
964 2785 992 2837 et
1005 2779 1039 2839 ud
1052 2779 1121 2837 tales
1132 2778 1293 2852 redegerunt
1305 2777 1441 2852 angustius
1453 2783 1484 2836 ut
1494 2779 1641 2836 imolenses

219 2879 256 2938 ed
267 2877 429 2939 deditionem
440 2878 527 2936 oouoti
538 2877 701 2937 munitiones
712 2892 778 2936 sues
788 2877 984 2949 destruxerint,
1002 2881 1112 2934 eentum
1133 2876 1242 2934 obsides
1261 2875 1387 2934 dederint
1403 2881 1431 2934 et
1450 2881 1541 2950 portus
1558 2875 1640 2934 etium

219 2963 337 3035 ciritutis
355 2975 511 3034 Ferentium
530 2981 560 3033 et
580 2974 726 3034 llouonium
743 2974 919 3050 perurerint.
933 2973 1039 3045 Quibus
1051 2973 1248 3033 eonditionibus
1262 2973 1428 3032 Gorduenos
1446 2974 1481 3031 de
1495 2973 1640 3032 ltlundrsto

217 3089 313 3132 eomes
324 3072 477 3145 llomenine,
498 3078 564 3130 tuno
577 3072 786 3130 bononiensium
805 3071 902 3143 leutm,
915 3085 1013 3130 munus
1024 3070 1109 3129 dedit.
1126 3070 1230 3130 «Anno
1243 3070 1349 3128 Domini
1361 3069 1523 3142 ΜΕΕΧΧΠ,
1544 3069 1640 3145 qtdnto

222 3171 378 3230 »kalendas
389 3170 557 3245 decembris,
573 3171 666 3229 indict.
681 3171 724 3238 X,
741 3168 896 3228 Guilfredus
908 3171 942 3228 de
955 3169 1077 3230 Pirorelo
1091 3177 1213 3245 potestas
1224 3171 1343 3230 bonomo
1354 3171 1493 3229 constituit
1504 3169 1639 3228 lulianum

221 3289 237 3322 s
251 3266 382 3329 Leodordi
395 3269 529 3328 notorium
542 3269 667 3327 nuntium
683 3273 712 3326 et
730 3271 931 3343 procuratorem
950 3270 1101 3328 eommunis
1115 3269 1232 3328 Bononio
1245 3285 1336 3329 eorem
1348 3269 1458 3329 domiuo
1477 3269 1640 3344 imperatore

221 3386 236 3422 n
251 3373 281 3426 ot
299 3367 329 3424 in
340 3367 400 3440 ejus
413 3367 489 3424 ouria
500 3366 537 3426 de
547 3366 617 3426 lecto
629 3364 725 3438 imola,
743 3365 847 3424 soilioet
862 3364 937 3440 quod
951 3367 1081 3444 quidquid
1101 3367 1140 3426 ibi
1157 3367 1258 3426 laetum
1272 3367 1336 3442 luit,
1351 3367 1401 3432 luit
1415 3367 1450 3426 ed
1468 3369 1598 3428 bonorem
1611 3373 1640 3426 et

221 3486 235 3520 n
249 3465 394 3525 utilitatem
407 3465 509 3526 domini
523 3465 693 3541 imperatoris
706 3469 735 3523 et
751 3464 787 3522 ud
798 3463 989 3524 uindicandum
1010 3482 1088 3525 suum
1108 3467 1232 3542 injurium
1247 3473 1275 3525 et
1290 3468 1326 3526 de
1339 3467 1478 3526 voluntate
1490 3467 1582 3525 nnuuii
1595 3465 1639 3525 sui

222 3566 359 3624 soomitis
379 3565 523 3636 ltomenie;
538 3570 566 3622 et
585 3563 735 3638 specialiter
757 3561 792 3622 ed
811 3563 995 3621 excusandum
1016 3565 1119 3623 dietum
1141 3581 1284 3626 commuue
1302 3567 1336 3625 de
1356 3567 1482 3625 omnibus
1493 3567 1528 3626 de
1540 3567 1639 3642 quibus

223 3663 470 3739 »archiepiscopus
483 3661 722 3736 llogdeburgeusie
739 3659 821 3718 vellet
841 3674 905 3717 eum
923 3666 1085 3734 potestatem
1105 3679 1217 3722 onerare
1234 3669 1264 3722 et
1284 3665 1387 3723 dietum
1405 3680 1548 3725 commuue
1560 3663 1640 3723 vellet

221 3775 381 3819 »enomere
393 3775 485 3818 eorum
497 3758 605 3817 domino
623 3757 794 3834 imperatore,
809 3763 862 3816 eto.
877 3779 891 3808 υ
905 3757 947 3816 Gi.
964 3759 1104 3818 Touossru
1121 3760 1247 3821 Glrrortr'o.
1265 3778 1311 3838 up.
1330 3762 1518 3836 Nummum,
1532 3762 1636 3822 Auem.

219 3857 349 3931 Posset,
362 3875 392 3933 p.
403 3860 467 3929 teo,
480 3863 509 3916 et
520 3858 660 3916 Meotiseo
670 3855 805 3928 elamor„
820 3855 932 3930 ibidem,
947 3874 976 3932 p.
988 3860 1050 3918 est.

257 3955 421 4031 (tl-legitur
434 3954 509 4032 epud
521 3954 649 4014 Fentumi
665 3972 672 4011 :
689 3955 751 4011 Det.
769 3953 798 4010 in
812 3953 951 4014 obsidione
964 3957 1051 4014 rostri
1062 3956 1141 4030 Soli,
1156 3958 1261 4022 deoimo
1275 3957 1370 4034 quinto
1383 3957 1436 4018 lul.
1446 3959 1542 4036 joui&
1555 3974 1637 4034 quem

174 4080 179 4089 ·
219 4054 363 4113 leotiouem
373 4070 407 4112 ex
417 4054 536 4113 editione
546 4051 942 4126 Seviolienuooueximus,uisi
955 4055 1028 4127 quod
1037 4054 1107 4113 mule
1118 4055 1207 4114 iubeo
1217 4055 1275 4131 ipsu
1286 4056 1495 4116 iuvenitur-loo.
1505 4073 1555 4132 pru
1565 4057 1636 4116 loti.

219 4153 416 4227 Agimreutem
428 4152 464 4212 de
476 4153 570 4224 tho,
585 4156 675 4210 oestro
688 4149 794 4209 Siciliae
803 4151 881 4225 juxto
894 4151 1046 4227 Trepenum
1057 4153 1109 4213 sito
1119 4153 1191 4229 (vid.
1204 4171 1287 4230 supra
1298 4171 1327 4231 p.
1338 4157 1402 4227 stt,
1418 4159 1476 4213 not
1489 4155 1525 4229 l),
1539 4155 1637 4231 inquo

220 4256 286 4306 tone
300 4249 428 4326 temporis
445 4249 596 4308 Fridorious
609 4247 771 4306 Serreoenos
789 4247 905 4307 rebelles
923 4249 1053 4310 uentu.
1068 4251 1111 4310 Ex
1128 4251 1233 4311 iunonis
1250 4253 1321 4312 serie
1341 4251 1418 4312 lnoile
1434 4252 1517 4312 etium
1529 4257 1635 4314 montet

217 4345 392 4408 obsidionem
402 4366 457 4410 non
470 4355 533 4409 ante
546 4364 667 4409 mensem
676 4347 782 4424 junium
793 4348 936 4426 incepisse.
