4292 5894
201 599 300 660 lmrcr.
319 596 382 676 ll.]
655 589 854 655 ttlstoltlu
878 583 1170 652 eleuetttl'ttctl.

203 1273 213 1282 .
237 1264 240 1274 .
259 1193 493 1298 Fridericns‚
517 1193 778 1278 Romanorum
800 1191 1024 1300 imperator,
1040 1211 1174 1272 omnes
1191 1186 1452 1272 concessiones
1471 1185 1520 1268 ab
1539 1211 1617 1267 eu-

205 1326 456 1412 teccssoribns
487 1325 568 1410 suis
599 1325 778 1410 ecclesiae
808 1322 1099 1433 Humburgensi¹
1114 1331 1152 1404 el
1176 1319 1416 1404 monasteriis
1443 1320 1493 1400 od
1520 1319 1619 1401 hene

206 1459 410 1545 dioecesim
421 1459 698 1568 pertinentibus
716 1458 885 1541 indultus
898 1455 1100 1540 confirmet
1116 1481 1203 1538 cum
1218 1453 1397 1538 omnibus
1410 1479 1510 1563 quse
1526 1477 1622 1562 pos-

207 1591 334 1676 sident
350 1604 388 1675 st
405 1591 443 1674 in
464 1601 576 1675 anlon
594 1591 751 1702 adipisci
768 1601 961 1702 poterunt.

205 1763 208 1773 ¹
290 1806 465 1886 (Edldcrunt
486 1806 680 1882 Srsnrronsr,
702 1803 806 1870 Herod.
831 1802 1048 1888 lircleopctclt„
1071 1821 1140 1884 pers
1160 1814 1202 1886 1¹,
1223 1821 1252 1884 p.
1270 1803 1620 1896 6875-Lnrrmmsue,

332 1904 568 1994 llumborpircd'cr
584 1909 781 1981 drtontent„
796 1929 828 1992 p.
845 1921 921 1992 405,
934 1921 967 1974 n⁹
978 1911 1128 1989 CDLXll,
1142 1928 1181 1973 cx
1194 1912 1328 1991 originali
1346 1911 1424 1973 unde
1440 1927 1558 1972 cereum
1576 1913 1623 1972 sl-

329 2019 435 2099 glllum
448 2017 620 2100 uppendctt)

207 2260 213 2294 ,
258 2209 296 2280 ln
315 2207 456 2280 nomine
469 2217 588 2282 sancte
605 2215 640 2282 et
657 2205 843 2282 individue
861 2207 1048 2282 Trinitatis.
1069 2205 1270 2282 Fredericns
1285 2208 1348 2281 Dei
1366 2209 1477 2302 gretia
1493 2209 1625 2284 liema-

210 2351 333 2406 norum
351 2331 548 2428 imperator,
564 2353 702 2428 semper
718 2342 888 2426 augustus
903 2341 939 2406 et
951 2353 1016 2406 rex
1031 2329 1166 2422 Sicilie,
1186 2329 1359 2404 universis
1374 2331 1510 2428 imperii
1525 2333 1624 2429 prin·

208 2455 346 2554 cipibus
371 2455 438 2530 hoc
461 2455 629 2552 scriplum
657 2455 865 2552 inspecturis
887 2456 1033 2530 sulutem
1053 2465 1090 2530 et
1105 2475 1210 2530 omne
1226 2455 1370 2528 bonnm.
1390 2455 1458 2542 Qui
1478 2479 1500 2530 e
1518 2477 1624 2530 mnn-

210 2578 295 2656 dieli
311 2589 480 2678 potestate
495 2581 775 2678 quibuscumque
793 2581 992 2675 rogantium
1013 2579 1216 2654 necessariis
1237 2578 1416 2674 suffragari
1430 2580 1620 2672 destinent,

209 2705 367 2780 divinem
392 2705 459 2778 sibi
481 2704 727 2780 nichilominus
747 2705 912 2799 refragari
922 2704 1151 2782 ,clementiam
1174 2704 1364 2778 entissime
1378 2704 1501 2778 scient.
1519 2705 1623 2780 ldsc·

209 2851 280 2924 quc
298 2851 369 2907 non
397 2827 630 2924 dedignemur
658 2830 818 2904 ellectum
844 2829 892 2904 nd
911 2849 979 2904 nos.
996 2829 1269 2923 confugientium
1290 2829 1482 2926 perducere
1502 2830 1549 2904 ed
1571 2833 1623 2906 el·

210 2955 338 3028 lectum
363 2954 560 3046 clementer,
586 2954 671 3049 quia
694 2955 741 3030 ob
767 2954 835 3030 hoc
857 2953 1056 3051 temporalis
1081 2953 1181 3048 regni
1206 2953 1497 3028 modificationem
1522 2956 1621 3030 nobis

210 3077 338 3175 pariter
365 3100 544 3175 speramus
573 3087 609 3151 et
637 3077 936 3174 amplificationem
963 3079 1193 3175 eternalisqne
1217 3081 1431 3176 profuturnm
1456 3093 1623 3178 perpetuo

210 3204 495 3300 perhennilotem.
524 3203 625 3280 Unde
652 3204 789 3280 noverit
817 3205 974 3278 omnium
1003 3213 1255 3278 vostrumtem
1283 3206 1494 3300 presentium
1517 3229 1621 3302 quem

210 3327 403 3400 futurorum
430 3328 600 3422 sagacitas
622 3327 718 3423 quod
741 3328 1048 3422 Hemenburgense
1061 3327 1261 3424 capitulum
1291 3338 1406 3403 nostre
1433 3332 1624 3405 serenitatis
1655 3323 1660 3334 '

210 3452 451 3526 excellentiam
474 3451 634 3526 ediensc
654 3460 770 3526 nostru
789 3452 916 3548 pietate
933 3453 1037 3525 telem
1057 3452 1202 3525 ecclesie
1219 3473 1283 3526 sue
1296 3463 1331 3527 et
1344 3455 1489 3528 eliorum
1506 3458 1624 3532 cccle-

211 3575 342 3649 siarum
356 3574 504 3650 diooesis
517 3597 582 3649 suc
592 3575 764 3672 petierunt
775 3577 967 3650 libertatem
981 3585 1016 3650 et
1025 3575 1205 3650 tuitionem
1213 3577 1331 3672 quello
1346 3577 1424 3676 (ric)
1435 3591 1624 3655 ceterorum

210 3700 433 3795 ecclesiarum
449 3701 656 3776 monasteria
673 3708 862 3774 noscuntur
879 3700 1025 3794 hebere,
1044 3709 1080 3774 et
1095 3708 1135 3772 nt
1157 3709 1411 3792 antecessorum
1429 3715 1624 3780 nostrornm

211 3823 457 3921 imperatorum
480 3826 555 3898 sive
581 3845 704 3919 regum
726 3845 895 3898 renovare
911 3823 1137 3918 dignoremur
1162 3825 1347 3920 privilegiu
1365 3837 1401 3900 et
1422 3829 1624 3906 confirmare

209 3949 401 4044 antiquitus
419 3949 562 4022 ecclesie
582 3971 648 4024 sue
669 3971 844 4023 concesse.
864 3949 907 4020 lit
932 3949 1015 4044 qnia
1028 3949 1122 4041 juste
1139 3957 1174 4022 sl
1196 3949 1410 4024 rationabilis
1431 3975 1550 4026 corum
1569 3957 1624 4029 vi·

211 4071 360 4147 debatur
381 4095 458 4147 esse
476 4073 597 4171 petitio
615 4083 651 4148 et
666 4075 751 4170 quie
767 4073 804 4146 in
823 4071 988 4147 extremis
1003 4072 1141 4170 imperii
1162 4073 1317 4148 terminis
1337 4099 1427 4174 pene
1445 4089 1526 4152 sunt
1542 4101 1626 4153 oon·

209 4197 338 4291 stituti,
359 4199 405 4273 od
423 4221 542 4296 preces
564 4197 723 4272 fidelium
744 4195 941 4295 principum
964 4191 1159 4272 nostrorum
1184 4207 1219 4272 et
1241 4200 1407 4274 comitum
1429 4203 1531 4276 nobis
1547 4227 1625 4300 pre-

210 4323 375 4416 sentium,
387 4323 425 4398 in
437 4323 602 4398 honorem
613 4321 806 4398 sanctcllci
820 4321 1178 4418 genitrieiellnriecni
1190 4321 1283 4397 idem
1298 4325 1394 4398 locus
1406 4341 1623 4403 consecratus

184 4497 187 4504 ·
210 4457 277 4536 est,
299 4447 414 4523 eidem
428 4449 504 4522 loco
516 4448 814 4544 Hemenburgsosi
832 4446 1032 4544 supradicte
1048 4447 1270 4523 concedimus
1284 4453 1521 4527 concessiones
1536 4477 1624 4552 quas

212 4571 281 4668 ipsi
309 4581 542 4648 antecessores
569 4573 678 4646 nostri
705 4556 806 4668 reges
827 4571 903 4646 sive
933 4571 1153 4670 imperatores
1183 4573 1340 4670 primitus
1363 4592 1620 4674 concesserunt,

210 4697 343 4800 scilicet
360 4696 568 4796 lodewicus
585 4698 771 4796 remote,
786 4706 821 4774 et
841 4697 919 4772 Otto
937 4694 1030 4808 lilius
1049 4698 1146 4792 eius,
1165 4699 1347 4776 Heinricns
1363 4713 1400 4776 et
1422 4704 1621 4800 Heinricus,
