4296 5898
201 567 380 655 lucrm.10.]
653 563 851 628 ulsuonla
877 562 1170 626 blenouatlcll.
1557 563 1618 626 253

203 731 360 806 unquam
387 705 542 782 dominio
560 705 618 778 vel
641 701 800 798 potestati
824 702 862 774 in
881 701 986 775 rebus
1011 699 1261 798 temporalibus
1289 698 1413 772 debeat
1439 699 1617 792 subjacere

203 836 272 907 nisi
291 833 394 907 nobis
413 839 548 903 tantum
566 827 763 924 nostrisque
780 826 1038 900 successoribus
1057 826 1200 922 regibus
1214 833 1250 899 et
1267 824 1534 920 imperatoribus
1550 825 1617 899 llo-

203 977 400 1032 manorum.
421 956 590 1030 Volumus
608 953 714 1028 etiam
732 961 772 1026 ut
791 951 829 1025 in
851 951 990 1048 signum
1011 953 1188 1049 amplioris
1204 951 1314 1048 gratie
1334 955 1620 1047 nostre'pcrscna

202 1091 239 1160 et
256 1082 401 1158 ecclesia
413 1091 473 1155 tua
493 1079 687 1176 specialiter
702 1077 750 1153 ad
763 1099 934 1152 cameram
952 1078 1166 1175 imperialem
1184 1077 1354 1174 pertineat
1374 1085 1409 1150 et
1421 1076 1489 1151 sub
1503 1087 1619 1152 nostra

203 1208 415 1306 protectione
436 1205 531 1279 omni
552 1215 706 1300 tempore
728 1225 850 1278 secura
870 1211 1082 1299 permaneat.
1104 1203 1292 1276 Statuimus
1317 1210 1433 1275 autem
1453 1211 1493 1273 ot
1513 1223 1619 1297 quas·

204 1353 343 1429 cunque
360 1331 612 1429 possessiones,
628 1349 836 1424 quecunque
852 1328 944 1401 bona
960 1327 1263 1425 inpresentiarum
1274 1327 1368 1420 juste
1382 1324 1542 1424 possides
1559 1337 1620 1400 aut

205 1457 242 1530 in
272 1458 428 1530 laturum
456 1454 639 1550 largitione
665 1453 911 1551 imperatorum
936 1452 994 1526 vel
1022 1475 1145 1548 regum
1172 1461 1208 1525 et
1234 1451 1380 1525 aliorum
1404 1451 1617 1548 principum,

204 1581 377 1656 oblatione
395 1578 551 1654 fidelium
573 1578 630 1653 vel
648 1577 726 1652 aliis
746 1577 850 1670 justis
872 1575 986 1651 modis
1012 1585 1051 1649 tu
1075 1577 1132 1651 vel
1154 1597 1369 1651 successores
1391 1577 1443 1649 tui
1467 1577 1621 1674 poteritis

204 1704 367 1802 adipisci,
380 1703 591 1779 firmavcbis
604 1713 639 1778 et
652 1703 784 1776 illibata
796 1710 1018 1799 permaneant
1031 1701 1156 1775 vestris
1166 1711 1201 1776 et
1214 1702 1359 1776 ecclesie
1370 1710 1485 1776 vestre
1497 1702 1621 1775 usibus

203 1831 300 1906 omni
327 1839 479 1926 tempore
502 1830 702 1927 protutura,
721 1827 820 1900 salva
843 1826 880 1899 in
902 1826 1066 1900 omnibus
1089 1824 1296 1924 supradictis
1308 1826 1465 1921 justicia,
1492 1827 1621 1900 bonore

204 1965 241 2030 et
255 1955 458 2030 auctoritate
470 1953 655 2051 imperiali.
670 1955 899 2027 Deoementes
914 1951 1020 2047 igitur
1034 1949 1177 2026 firmiter
1193 1951 1377 2024 statuimus
1393 1959 1433 2024 ut
1448 1950 1494 2026 de
1508 1961 1620 2026 eetsro

205 2083 324 2156 nullm
341 2081 519 2178 princeps,
534 2101 605 2156 non
621 2101 755 2169 comm,
772 2100 843 2152 non
861 2079 1066 2166 vicecomes,
1084 2098 1154 2151 non
1166 2077 1319 2152 marchio
1331 2078 1387 2150 vel
1400 2077 1618 2175 capitaneus,

205 2227 276 2282 non
289 2205 571 2304 archiepiscopus
587 2206 645 2279 vel
663 2205 845 2301 episcopus
861 2204 919 2279 vel
937 2203 1059 2298 abbas,
1079 2204 1175 2276 nulla
1187 2210 1351 2298 potestas,
1374 2222 1444 2276 non
1458 2213 1620 2295 rectores,

206 2353 276 2408 non
287 2333 412 2407 civitas
421 2331 479 2406 vel
488 2331 660 2421 consules,
672 2329 766 2403 nulla
777 2328 1007 2402 ecclesiastica
1017 2327 1228 2402 secularisve
1238 2337 1396 2423 persona,
1411 2349 1538 2422 magna
1547 2328 1623 2401 sive

206 2455 532 2555 parva,predictum
544 2455 746 2553 episcopum
757 2455 897 2528 Petrum
911 2475 1063 2550 suosque
1076 2453 1523 2528 successoresetecolesiam
1532 2453 1624 2527 Mas-

205 2582 381 2656 siliensem
398 2581 435 2655 in
447 2580 515 2656 hac
529 2581 703 2656 autentica
719 2587 836 2655 nostra
849 2579 1069 2654 concessione
1083 2580 1263 2652 molestare
1275 2577 1333 2652 vel
1347 2578 1549 2675 perturbare
1563 2587 1624 2654 aut

206 2706 400 2803 inquietare
422 2706 643 2802 aliquatenus
662 2712 851 2803 presumat.
878 2704 914 2776 Si
936 2702 1016 2799 quis
1039 2725 1122 2778 vero
1143 2703 1249 2797 hujus
1270 2711 1387 2776 nostre
1412 2703 1624 2777 auctoritatis

205 2832 354 2908 violator
372 2831 546 2925 extiterit,
566 2829 813 2928 proculdubio
832 2838 912 2926 post
933 2836 1049 2902 nostre
1062 2827 1311 2923 indignationis
1324 2826 1410 2902 iram
1427 2835 1565 2901 centum
1583 2827 1624 2898 li·

206 2959 347 3031 brarum
368 2957 445 3031 auri
464 2978 590 3053 penam
609 2955 805 3048 sustinebit,
825 2957 925 3050 cujus
940 2953 1109 3028 medietas
1127 2952 1211 3028 fisco
1226 2961 1343 3027 nostro
1356 2962 1391 3028 et
1406 2953 1539 3048 reliqua
1550 2953 1622 3047 iam

207 3080 301 3154 dicto
319 3082 482 3178 episcopo
496 3089 532 3155 et
549 3081 626 3174 ejus
643 3079 786 3154 ecclesie
810 3079 944 3175 integre
962 3081 1190 3178 persolvetur.
1216 3079 1261 3154 Ut
1281 3087 1397 3153 numm
1419 3079 1484 3152 heo
1506 3080 1624 3154 verius

206 3205 393 3281 credantur
407 3215 442 3280 et
456 3207 502 3281 ab
516 3205 680 3280 omnibus
696 3205 862 3280 inviolata
875 3205 1015 3298 inerint,
1029 3215 1223 3303 presentem
1240 3204 1323 3280 inde
1339 3205 1502 3302 paginam
1518 3205 1623 3279 scribi

206 3341 242 3406 et
260 3331 373 3427 sigillo
396 3341 512 3406 nostre
534 3331 720 3427 majestatis
738 3331 957 3425 injunximus
978 3331 1151 3426 insigniri.
1178 3331 1323 3432 Signum
1345 3329 1479 3405 domini
1498 3331 1625 3408 Frede-

207 3455 271 3530 rici
292 3456 524 3530 ltomanorum
543 3456 759 3553 imperatoris
780 3455 996 3530 invictissimi
1009 3454 1303 3554 (Monoqrcmmc).
1320 3455 1396 3549 llgo
1412 3455 1625 3533 Christianus

208 3582 434 3656 cancellarius
449 3582 528 3657 vioe
553 3579 685 3656 domini
707 3580 877 3679 Ragnaldi
900 3580 950 3679 (a)
969 3581 1180 3657 Coloniensis
1205 3581 1454 3680 archiepiscopi
1474 3593 1509 3658 et
1530 3584 1626 3660 ltalie

207 3705 499 3784 archicancellarii
517 3707 718 3800 recognovi.
741 3707 782 3782 ld
799 3718 916 3782 actum
935 3729 1077 3806 quoque
1095 3719 1147 3783 est
1163 3731 1255 3784 anno
1276 3705 1450 3784 dominice
1468 3709 1627 3785 incarna-

208 3829 313 3906 tionis
328 3831 521 3923 blCLllllll‚
541 3832 729 3907 indictione
743 3832 824 3923 XII,
848 3842 1015 3926 regnante
1032 3833 1175 3908 dominc
1192 3833 1372 3909 Frederico
1392 3834 1625 3910 Romanorum

209 3955 414 4052 imperatore
435 3955 700 4052 gloriosissimo,
721 3977 812 4029 anno
830 3957 928 4051 regni
943 3956 1019 4049 ejus
1033 3956 1117 4050 llll,
1134 3956 1271 4053 imperii
1287 3977 1370 4031 vero
1385 3957 1473 4032 Vlll.
1493 3999 1544 4014 -
1555 3960 1625 4035 Da·

210 4090 284 4154 turn
304 4079 400 4178 apud
418 4082 582 4154 Sanctum
597 4081 809 4155 salvatorem
821 4067 924 4174 juxta
940 4081 1099 4178 Papiam,
1117 4081 1161 4154 V⁰
1182 4079 1318 4156 decimo
1338 4081 1504 4158 kalendas
1524 4085 1621 4159 maii.

257 4204 316 4280 Ad
337 4206 444 4299 hujus
467 4216 584 4281 autem
609 4205 844 4280 renovationis
873 4215 909 4280 et
931 4205 1203 4282 confirmationis
1228 4217 1344 4282 nostre
1367 4208 1567 4282 memoriam
1590 4218 1625 4284 et

206 4329 315 4404 robur
344 4331 610 4428 inperpetuum
638 4331 828 4405 valiturum
855 4353 996 4428 presens
1025 4331 1247 4428 privilegium
1278 4334 1447 4408 conscribi
1472 4345 1507 4408 at
1529 4334 1625 4410 bulla

207 4477 315 4531 aurea
329 4455 453 4554 tipario
470 4464 585 4531 nostre
599 4456 788 4551 maiestatis
804 4456 970 4554 impressa
981 4458 1150 4551 jussimus
1165 4458 1382 4533 communiri.

164 4759 168 4766 .
250 4703 295 4787 (a)
316 4705 365 4771 Slc
376 4709 408 4771 ln
421 4713 619 4789 transumpto.
635 4709 694 4774 Sed
708 4707 866 4790 legendum
881 4714 926 4772 est
938 4702 1087 4786 Reyccldi
