4272 5886
172 477 272 536 lucrer.
291 474 351 552 14]
619 472 818 534 HISTORIA
842 467 1139 532 Dtrhottttulch
1533 471 1594 534 563

172 620 256 684 sunt
287 607 443 702 Angelus
472 607 678 680 Tarentinus
707 607 1008 702 archiepiscopus,
1038 607 1159 678 Petrus
1191 604 1281 675 tituli
1312 605 1436 677 Sancte
1468 605 1592 682 Cecilic

174 737 353 832 presbyter
378 732 581 822 cardinalis,
610 733 699 805 Otho
725 732 946 806 Novaricnsis
973 732 1177 827 episcopus,
1204 729 1320 802 Guido
1346 730 1592 826 Yporegiensis

171 860 370 956 episcopus,
391 858 589 932 Bonilacius
604 858 769 949 marchio,
790 857 987 932 Bernardus
1005 857 1233 942 senescallus,
1253 855 1420 930 Heuricus
1436 859 1594 932 marscal-

172 985 244 1073 luS,
265 984 433 1056 chricus
458 984 503 1056 de
524 984 628 1056 Lutra
642 984 704 1079 (a),
725 984 873 1057 Thomas
898 983 943 1056 de
963 984 1058 1056 Nona
1081 991 1116 1055 et
1139 982 1197 1054 alii
1221 983 1457 1076 quamplures.
1473 1027 1522 1040 —-
1535 985 1594 1058 Si-

171 1133 280 1207 gnum
304 1111 437 1184 domini
459 1111 597 1183 Henrioi
614 1112 845 1184 Romanorum
865 1110 1081 1205 imperatoris
1098 1109 1335 1202 invictissimi,
1356 1113 1446 1206 regis
1462 1114 1590 1186 Sicilie.

172 1238 308 1331 -Ego
328 1235 506 1308 Conradus
523 1235 765 1310 lldcsemensis
782 1237 926 1327 electus,
945 1233 1134 1330 imperialis
1153 1235 1232 1306 aule
1251 1238 1494 1329 cancellarius,
1517 1240 1594 1312 vice

172 1360 346 1457 Redulphi
367 1360 579 1434 Coloniensis
600 1362 852 1457 archiepiscopi
877 1371 911 1434 et
937 1360 1041 1434 totius
1062 1359 1157 1432 ltalie
1182 1360 1470 1436 archicancellarii
1497 1385 1594 1436 reco-

121 1461 125 1469 ’
172 1483 293 1578 gnavi.
310 1483 456 1557 -Acta
473 1493 555 1558 sunt
569 1484 634 1558 hec
651 1507 743 1558 anno
762 1485 934 1560 dominica
950 1485 1196 1558 incarnationis
1213 1485 1389 1575 lllCXCVl,
1407 1487 1595 1564 indictione

173 1609 309 1684 decima
333 1611 452 1699 tertia,
473 1621 639 1706 regnante
664 1613 805 1686 domino
826 1612 972 1686 chrico
997 1620 1097 1684 sexto
1121 1611 1327 1707 imperatore
1347 1612 1594 1704 gloriosissimo

171 1743 207 1808 et
229 1758 313 1830 rege
337 1735 453 1809 Sicilie
477 1737 734 1832 potentissimo,
758 1759 849 1811 anno
875 1739 973 1832 regni
989 1739 1065 1830 ejus
1081 1737 1250 1831 vigesimo
1266 1737 1436 1833 septimo,
1457 1739 1592 1835 imperii

170 1881 256 1934 vero
272 1871 371 1935 sexto
386 1870 420 1933 et
434 1862 531 1956 regni
549 1862 666 1936 Sicilie
679 1863 847 1936 secundo.
861 1903 911 1916 —
924 1866 1050 1936 Datum
1066 1860 1162 1958 apud
1175 1862 1377 1955 Taurinum,
1392 1885 1455 1959 per
1469 1885 1594 1937 manus

171 1984 305 2058 Alberti
325 1985 513 2082 imperialis
531 1989 611 2060 aule
635 1989 877 2082 protonotarii,
901 1990 1024 2084 quinto
1040 1987 1207 2062 kalendas
1224 1989 1377 2083 augusti.

220 2111 289 2182 Nos
308 2111 414 2205 igitur
432 2112 702 2208 supplicationes
719 2113 865 2208 predicti
881 2113 1130 2210 archicpiscopi
1147 2113 1260 2188 fidelis
1281 2113 1388 2186 nostri
1407 2112 1593 2206 benignius

171 2233 408 2329 admittentes,
430 2237 687 2312 considerantes
705 2238 847 2335 quidem
866 2240 976 2334 ipsius
998 2239 1217 2313 devotionem
1235 2249 1270 2310 et
1293 2237 1397 2312 fidem
1416 2261 1522 2334 qurum
1546 2238 1593 2312 ad

171 2369 323 2434 nostram
349 2361 478 2436 hahere
503 2363 720 2458 dignoscitur
741 2368 975 2459 majestatem,
1002 2387 1066 2460 pro
1087 2365 1281 2439 reverentie
1306 2383 1447 2460 quoque
1471 2364 1534 2438 Dei
1560 2373 1593 2438 cl

171 2496 287 2560 nostre
311 2489 572 2563 conservatione
600 2489 723 2562 salutis
746 2511 788 2563 ao
812 2511 876 2585 pro
898 2489 1052 2563 remedio
1078 2489 1272 2562 animarum
1306 2489 1390 2562 dicti
1415 2490 1593 2584 quondam

171 2611 278 2706 patris
292 2621 327 2684 et
344 2613 462 2686 matris
480 2621 595 2687 nostre
613 2635 655 2687 ac
678 2615 824 2689 aliorum
845 2615 1130 2710 ‘predecessorum
1152 2625 1346 2690 nostrorum
1365 2625 1592 2710 augustorum

170 2737 338 2809 memorie
350 2738 547 2832 recolende,
566 2738 760 2835 predictum
776 2741 998 2837 privilegium
1015 2742 1061 2816 de
1076 2742 1184 2814 verbo
1202 2741 1410 2814 adverbum
1430 2742 1520 2815 sicut
1533 2763 1591 2814 su·

170 2861 289 2957 parius
304 2864 498 2937 continetur
516 2866 698 2938 transcribi
712 2867 893 2960 jussimus,
912 2876 946 2939 ct
962 2867 1076 2962 ipsum
1095 2877 1131 2940 et
1146 2889 1216 2962 que
1231 2867 1450 2941 continentur
1463 2869 1499 2940 iu
1514 2869 1590 2964 ipsc

167 2986 335 3078 jamdicto
361 2990 620 3087 archiepiscopo
647 3002 682 3065 et
708 2993 782 3065 suis
809 2994 1066 3067 successoribus
1093 3015 1135 3066 ac
1160 3001 1345 3066 memorate
1372 2994 1591 3067 Mustcriensi

72 3121 75 3127 “
171 3112 314 3186 ecclesie
337 3124 505 3210 perpetuo
530 3116 787 3190 confirmamus.
816 3121 867 3192 Do
890 3118 1134 3194 abundantiori
1153 3140 1293 3214 quoque
1311 3119 1423 3212 gratia
1446 3120 1592 3192 celsitu-

172 3235 263 3308 dinis
282 3247 397 3312 nostro
415 3262 486 3335 qua
506 3242 567 3314 Dei
587 3242 749 3315 ecclesias
767 3244 918 3334 benigne
934 3265 1070 3340 semper
1085 3245 1330 3316 consuevimus
1349 3243 1496 3334 intueri,
1514 3268 1592 3342 pro·

170 3361 318 3455 cipimus
340 3362 483 3437 firmiter
503 3375 693 3440 statuentes
716 3377 754 3439 ut
772 3369 889 3442 omnia
912 3369 1005 3442 bona
1022 3379 1091 3442 tam
1111 3369 1250 3442 mobilia
1270 3391 1375 3464 mam
1400 3369 1590 3444 immobilia

171 3484 415 3562 decedentium
433 3490 769 3589 archiepiscoporum
792 3516 992 3589 permanes
1012 3493 1211 3568 officialium
1231 3516 1372 3567 suorum
1393 3493 1540 3568 fideliter
1557 3505 1592 3568 ct

169 3608 302 3704 integre
312 3613 386 3686 suis
400 3617 657 3690 successoribus
671 3628 903 3711 reserventur,
917 3620 964 3691 itu
980 3620 1077 3714 quod
1092 3641 1157 3693 nec
1171 3641 1286 3694 comcs
1302 3641 1368 3692 neo
1382 3619 1472 3692 alins
1485 3641 1591 3693 occa-

168 3733 266 3810 sione
286 3741 456 3834 regalium
476 3751 592 3817 nostra
609 3744 667 3818 vel
690 3743 837 3837 aticujns
854 3745 1000 3818 alterius·
1011 3747 1213 3820 auctoritate
1229 3767 1270 3820 ea
1287 3755 1464 3841 presumat
1486 3746 1591 3821 inve·

169 3859 252 3934 dere
274 3885 344 3958 que
368 3865 452 3962 ipsis
475 3868 743 3965 archiepiscopis
763 3871 800 3941 in
822 3879 1025 3966 perpetuam
1048 3873 1282 3968 elemosynam
1308 3871 1531 3944 concedimus
1556 3881 1591 3945 et
1684 3959 1686 3966 Ι

168 3983 352 4062 donamus.
371 3991 565 4065 Statuentes
579 4003 614 4066 et
627 3994 798 4090 presentis
811 3996 983 4091 privilegii
998 3996 1201 4069 auctoritate
1215 3995 1357 4067 firmiter
1370 3996 1590 4090 injungentes

167 4113 325 4186 utnulla
349 4117 490 4191 omnino
514 4139 662 4214 persona
682 4141 791 4216 parva
816 4121 872 4194 rel
898 4121 1052 4214 humilis,
1079 4119 1310 4194 ecclesiastica
1328 4121 1384 4194 rel
1401 4121 1586 4214 secularis,

165 4237 335 4330 prelatum
363 4241 661 4339 archiepiscopum
684 4255 720 4319 et
744 4267 959 4320 successores
982 4268 1063 4320 suos
1085 4267 1127 4320 ac
1149 4219 1328 4320 ecclesiam
1353 4247 1587 4342 supradictam

164 4358 211 4434 de
221 4365 430 4460 supradictis
444 4369 606 4443 omnihus
617 4393 705 4444 ausu
721 4373 903 4448 temerario
917 4373 1086 4469 impedire
1097 4393 1160 4444 scu
1175 4371 1378 4468 perturbare
1389 4383 1583 4468 presumat3

205 4625 244 4710 (a)
264 4631 314 4693 Slc
327 4637 510 4701 conextmus
523 4639 666 4702 chtdcuc
679 4633 849 4716 Marcellus,
869 4639 1012 4701 Heoricur
1031 4635 1067 4700 de
1079 4637 1181 4700 Lucio.
