4272 5886
573 523 634 583 520
1076 525 1292 588 ratnsbtct
1318 529 1494 590 sachun!
1807 533 1896 612 [Au.
1914 534 1990 596 mi

571 658 693 732 liciter.
708 656 832 732 Amen.
848 659 1002 734 Prasanti
1019 663 1148 758 scripto
1165 673 1284 759 pateat
1298 667 1474 740 universis
1488 666 1586 764 quod
1604 667 1690 742 dum
1707 691 1776 742 nos
1796 669 1992 744 Alexander

573 783 619 856 de
645 783 846 874 Polioastro,
876 783 1065 880 imperialia
1093 786 1251 862 Calabria
1280 799 1317 864 at
1348 801 1439 866 terra
1465 790 1616 866 Jordane
1641 793 1883 886 justitiarius,
1906 793 1991 888 apud

573 909 729 980 Miletum
755 907 887 980 curiam
913 929 1133 1004 regeramus,
1153 913 1389 988 assidentibus
1409 915 1511 987 nobis
1533 913 1676 988 domino
1698 917 1901 992 &nedicte
1926 916 1991 987 Cn-

573 1031 682 1104 seutie
698 1042 733 1103 et
750 1030 904 1104 Calabria
922 1034 1044 1126 judice
1070 1035 1220 1130 aliisque
1246 1037 1477 1133 prudentibus
1497 1037 1708 1129 subnotatis,
1731 1043 1867 1125 batres
1884 1039 1990 1112 Sancti

571 1155 735 1250 Stephani
758 1153 804 1227 de
820 1156 983 1247 Nemore,
1002 1158 1105 1230 irater
1121 1160 1242 1233 Petrus
1259 1161 1392 1234 scilicet
1407 1162 1453 1235 de
1477 1161 1650 1248 Canentis,
1670 1164 1776 1236 irater
1796 1163 1990 1258 Stephanus

571 1292 607 1354 at
632 1283 736 1355 irater
764 1281 897 1353 Florius
922 1283 1023 1356 nobis
1053 1285 1250 1380 imperialoe
1274 1287 1402 1360 litteras
1425 1297 1687 1383 presentarunt,
1710 1312 1874 1384 quarum
1905 1299 1991 1360 tenor

573 1406 652 1478 talis
669 1416 749 1478 asir

620 1530 813 1604 Friderieus
829 1540 864 1604 et
886 1541 1017 1618 cetea,
1039 1533 1226 1626 justitiario
1250 1533 1406 1610 Calabria
1428 1546 1464 1608 et
1484 1545 1612 1610 catera.
1639 1537 1865 1610 Venerabilis
1890 1537 1989 1608 abbas

573 1666 609 1730 et
627 1667 819 1731 conventus
842 1657 957 1729 Sancti
979 1658 1145 1754 Stephani
1172 1657 1218 1733 de
1242 1661 1351 1734 Rosou
1373 1660 1493 1734 fideles
1518 1663 1624 1734 nostri
1647 1663 1855 1735 eelsitudini
1884 1671 1989 1732 nosue

573 1781 725 1876 graviter
745 1789 826 1852 aunt
843 1783 1023 1875 conquesti
1046 1781 1142 1876 quod
1160 1805 1242 1856 eum
1261 1785 1355 1876 juste
1372 1793 1511 1858 teneant
1526 1795 1561 1858 et
1578 1785 1781 1880 possideant
1799 1783 1986 1880 quamdam

574 1907 830 2000 culturamque
848 1907 914 1978 luit
932 1906 1111 2001 quondam
1129 1908 1228 1980 Ceste
1246 1908 1389 2003 Ployme
1403 1907 1454 2004 (t)
1472 1909 1509 1981 in
1527 1909 1694 1982 territorio
1713 1910 1827 1982 Mileti
1847 1919 1885 1982 at
1901 1909 1987 1980 curie

573 2031 668 2103 omni
689 2051 782 2103 anno
806 2030 964 2104 debitum
984 2041 1020 2104 et
1045 2044 1248 2106 consuetum
1275 2055 1418 2106 censum
1441 2036 1624 2125 exolvent,
1650 2034 1820 2108 videlieet
1843 2035 1985 2128 regalem

575 2179 682 2228 unum
697 2156 762 2251 (2),
782 2155 975 2230 secundum
995 2157 1092 2250 quod
1114 2157 1152 2230 in
1170 2159 1326 2254 ipsorum
1343 2160 1535 2234 rationibus
1555 2160 1769 2250 continetur,
1797 2179 1898 2231 nunc
1918 2156 1985 2228 ilie

574 2279 701 2353 cardus
716 2281 761 2352 da
776 2277 938 2353 hitavilla
953 2281 990 2351 vi
1008 2289 1043 2352 et
1060 2283 1262 2356 auotmitate
1280 2283 1419 2379 propria
1436 2291 1505 2356 tres
1523 2283 1656 2374 regales
1669 2294 1885 2378 extorquere
1903 2301 1985 2374 que-

573 2405 661 2476 ritur
676 2403 750 2501 (sic)
769 2405 895 2494 absia,
916 2405 1101 2477 Dominum
1115 2416 1151 2478 et
1168 2407 1299 2478 cultum
1313 2407 1447 2499 justitie
1467 2429 1529 2503 pra
1548 2408 1659 2480 oculis
1673 2429 1743 2480 non
1758 2406 1983 2495 habendo,et

573 2529 658 2602 dum
678 2532 810 2624 regales
826 2531 967 2603 eosdem
989 2532 1056 2626 ipsi
1081 2531 1248 2604 liicrardo
1264 2533 1398 2605 solvere
1416 2542 1628 2624 recusarent,
1652 2533 1780 2605 bovem
1804 2553 1917 2604 unum
1940 2528 1983 2600 eis

572 2655 712 2726 abstulit
737 2654 918 2727 violenter.
948 2655 1158 2747 Adjecerunt
1186 2657 1291 2728 etiam
1318 2657 1470 2750 graviter
1499 2656 1743 2750 conquerendo
1766 2655 1866 2750 quod
1894 2654 1982 2725 Con-

571 2779 745 2852 stantinus
762 2779 875 2852 Barda
889 2787 924 2850 at
941 2778 1099 2852 Grisiliue
1113 2778 1159 2852 de
1174 2779 1290 2853 Mileto
1305 2780 1396 2854 duos
1414 2781 1522 2854 boves
1539 2789 1659 2854 oontm
1676 2779 1849 2872 justitiam
1867 2779 1980 2852 abstu-

572 2905 686 2976 lerunt
703 2903 834 2976 eisdem
850 2913 886 2976 et
907 2903 1020 2976 cosin
1038 2925 1158 2976 eorum
1183 2902 1352 2976 damnum
1376 2913 1412 2976 et
1430 2903 1662 3000 prejudicium
1687 2904 1881 2976 detinentes
1903 2899 1980 2972 red·

572 3029 656 3102 dere
678 3027 930 3100 contradicunt.
952 3028 1065 3111 Quare
1087 3028 1242 3100 fidelitati
1264 3038 1322 3101 tue
1349 3028 1572 3125 precipiendo
1595 3028 1803 3102 mandamus
1819 3036 1978 3124 quatenus

573 3153 729 3249 partibus
751 3155 949 3225 convocatis
969 3152 1093 3226 audias
1119 3175 1279 3246 oausam,
1309 3164 1345 3226 at
1369 3154 1399 3226 si
1421 3155 1484 3226 tibi
1510 3154 1698 3226 constiterit
1720 3152 1767 3226 de
1792 3148 1975 3249 premissis,

571 3280 683 3352 taliter
701 3279 850 3374 prelatos
871 3277 1095 3370 Ricoardum,
1124 3276 1385 3350 Conemtinum
1401 3288 1436 3352 et
1455 3277 1629 3352 Grisilium
1652 3301 1675 3352 a
1698 3275 1782 3350 dieti
1804 3273 1978 3351 abbatiset

573 3415 765 3478 conventus
798 3404 962 3476 molestiis
996 3425 1212 3498 compescas,
1247 3403 1294 3475 ad
1327 3402 1559 3476 restituendos
1592 3403 1645 3475 eis
1673 3403 1784 3475 boves
1819 3400 1975 3498 predictos

572 3531 805 3602 molestatores
844 3529 937 3623 ipsos
965 3528 1140 3600 mediante
1172 3528 1308 3620 justitia
1341 3528 1604 3624 compellendo,
1634 3526 1732 3623 quod
1762 3525 1811 3600 ad
1841 3525 1975 3601 audien-

570 3654 654 3725 tiam
671 3663 823 3727 noscam
842 3655 937 3746 justa
960 3651 1107 3747 proinde
1128 3653 1347 3746 quesimonia
1366 3675 1437 3728 non
1465 3662 1629 3728 recurrat.
1648 3655 1776 3726 Datum
1799 3646 1972 3737 Naooastri,

571 3778 634 3851 XV
648 3777 871 3873 septembris,
892 3777 984 3849 Xllll
1001 3776 1202 3851 indictione.

607 4088 642 4163 (t)
662 4087 846 4146 verisimiliter
856 4087 909 4144 iste
919 4087 999 4144 Costa
1009 4085 1121 4160 Phyma
1131 4085 1204 4144 idam
1215 4091 1258 4144 ast
1268 4085 1315 4160 qui
1327 4085 1408 4145 Costa
1419 4085 1533 4161 Pelops,
1546 4084 1704 4159 strau'gotus
1715 4084 1813 4160 Scylli,
1827 4085 1974 4144 manorstut

570 4203 615 4262 ap.
630 4187 814 4258 ldalaterram,
828 4185 876 4244 lib.
888 4187 927 4257 11,
942 4201 1003 4260 cap.
1020 4187 1067 4242 tt.

608 4284 644 4358 (ἓ)
662 4286 693 4340 ln
707 4284 893 4341 instrumentis
905 4299 1000 4340 annor.
1018 4285 1099 4352 tt52,
1110 4283 1190 4352 stas,
1205 4284 1284 4352 tt'la,
1301 4298 1417 4356 quorum
1429 4283 1591 4340 mentionem
1605 4281 1668 4339 lacit
1680 4281 1825 4354 Cmnrru
1839 4281 1973 4341 eumaeo

573 4381 645 4438 autb
658 4386 748 4440 oostit.
763 4381 794 4438 di
807 4381 899 4439 Foder.
916 4383 960 4452 11,
975 4397 1038 4456 pars
1051 4381 1089 4451 Π,
1102 4397 1162 4454 cap.
1174 4385 1206 4450 2,
1220 4380 1236 4453 5
1250 4381 1303 4450 xl,
1323 4381 1439 4454 legitur:
1454 4381 1585 4454 «Regalis
1606 4381 1641 4438 de
1657 4381 1733 4455 regia
1745 4389 1856 4440 moneta
1869 4409 1902 4424 ·-
1912 4371 1972 4434 aurai

571 4480 650 4536 solidi
661 4481 777 4554 regola,
792 4499 806 4534 s
822 4495 893 4537 nora
913 4486 1055 4537 monetas
1073 4478 1235 4536 Normannis
1246 4479 1344 4536 adata
1354 4485 1385 4536 ut
1398 4480 1607 4554 distingueretur
1617 4495 1635 4535 a
1647 4478 1763 4537 caeteris
1774 4479 1888 4537 monath
1898 4471 1971 4535 aureis

570 4577 735 4633 Graecum
748 4577 806 4634 siva
818 4577 1039 4635 bombardomm.
1051 4577 1154 4634 Eodem
1173 4577 1264 4634 vabre
1284 4576 1367 4636 issima
1379 4577 1486 4636 ihsan
1497 4592 1552 4650 quo
1568 4591 1630 4636 nox
1647 4576 1797 4651 augustalis
1816 4583 1846 4635 et
1858 4581 1915 4651 pust
1928 4585 1971 4630 au·

573 4672 705 4744 gustatam
722 4673 818 4745 regalis
836 4673 958 4732 aCarolo
971 4673 1059 4747 primo
1069 4690 1141 4731 anno
1154 4675 1224 4731 4267
1238 4689 1332 4731 susm.
