4298 5898
490 486 553 550 468
989 487 1203 551 ratoaatct
1229 487 1403 552 SECUNDl
1716 489 1796 570 [bra.
1814 488 1898 548 1225.

541 621 736 696 Fridericus
765 623 887 697 divina
910 624 1048 700 lavante
1071 625 1253 700 clementia
1281 627 1512 700 liomanornm
1540 624 1739 720 imperator,
1770 646 1901 720 semper

496 756 666 844 angustus
684 757 719 822 et
737 771 801 822 rex
815 749 940 824 Sicilie.
968 753 1007 825 ln
1027 751 1222 849 principum
1241 751 1385 828 dextera
1402 773 1517 826 rernm
1541 760 1651 825 statne
1669 759 1706 824 et
1722 749 1768 825 ad
1785 772 1899 822 eornm

498 881 621 946 nutum
643 873 811 948 decursus
834 876 997 973 temporis
1018 875 1221 972 integratur,
1240 899 1321 952 cum
1344 899 1414 974 que
1432 875 1478 950 ab
1493 897 1615 949 eornm
1632 875 1901 971 progenitoribus

496 997 553 1094 pia
569 1007 650 1070 eunt
665 999 940 1074 consideratione
958 999 1124 1106 disposita
1142 1002 1265 1076 robora
1278 1001 1441 1076 muniunt
1454 999 1624 1074 firmitatis
1640 1009 1676 1072 et
1689 998 1902 1074 landabiliter

498 1122 586 1194 lacta
612 1121 780 1197 laudabili
805 1132 1062 1220 prosequuntur
1086 1146 1252 1216 assensu,
1271 1126 1423 1200 maxime
1443 1125 1504 1198 nbi
1524 1124 1645 1198 divine
1660 1146 1738 1220 spes
1754 1124 1903 1196 retribu-

496 1245 600 1318 tionis
625 1247 794 1344 accipitur
818 1259 852 1322 et
875 1248 1028 1322 remedia
1053 1249 1288 1324 interveniunt
1310 1252 1514 1325 animarum.
1535 1249 1590 1322 Ex
1614 1250 1780 1345 presentis
1801 1249 1906 1342 igitar

498 1370 670 1466 privilegii
692 1372 782 1446 serie
798 1373 970 1446 universis
987 1374 1112 1448 nostris
1128 1373 1292 1447 fidelibus
1308 1374 1524 1469 presentibus
1544 1384 1579 1447 et
1600 1372 1726 1446 suturis
1747 1374 1905 1445 volumus

497 1516 573 1568 esse
587 1508 707 1570 notum
725 1498 821 1592 qnod
838 1519 919 1571 cnm
935 1499 971 1570 in
991 1498 1048 1573 die
1070 1499 1162 1572 beati
1180 1499 1344 1595 Stephani
1361 1499 1632 1594 prothomartiris
1644 1498 1695 1594 (l)
1707 1518 1858 1570 essemru
1870 1497 1905 1567 in

498 1622 654 1716 cappella
676 1623 790 1696 nostra
807 1623 923 1719 palatii
938 1623 1097 1698 Panormi
1111 1623 1272 1696 divinum
1285 1623 1438 1698 officinm
1453 1621 1620 1713 audituri,
1636 1633 1753 1696 cantor
1765 1631 1799 1694 et
1812 1621 1906 1715 capi·

498 1748 611 1818 tulum
626 1747 783 1840 ejusdem
801 1750 956 1844 cappelle
972 1745 1092 1823 fideles
1108 1749 1215 1822 nostri
1230 1771 1268 1822 se
1284 1757 1399 1822 nostre
1413 1748 1581 1841 majestati
1595 1747 1813 1820 devotissime
1831 1767 1905 1840 pre·

499 1880 691 1962 sententes,
712 1873 911 1946 obtulerunt
932 1873 1032 1946 nobis
1054 1874 1233 1970 quoddam
1257 1873 1479 1970 privilegium
1504 1872 1549 1946 ab
1567 1894 1636 1947 avo
1657 1881 1772 1944 nostro
1794 1870 1906 1942 inclite

500 1995 746 2071 recordationis
767 2019 849 2092 rege
875 1997 1022 2091 lingerio
1048 1999 1115 2094 ipsi
1141 1999 1295 2096 cappelle
1319 2021 1360 2072 ac
1383 1997 1558 2072 canonicis
1581 1997 1691 2094 ipsius
1717 1995 1902 2085 indultum,

499 2119 596 2214 quod
610 2141 715 2194 aurea
737 2121 832 2194 bulla
855 2123 966 2196 inerat
987 2123 1210 2215 insignitum,
1226 2145 1331 2218 quam
1351 2123 1435 2219 qnia
1448 2123 1591 2218 qnidam
1608 2121 1770 2195 instincto
1784 2118 1907 2193 ductus

502 2245 673 2321 diabolico
688 2255 724 2323 et
740 2247 817 2320 anri
836 2247 1003 2344 cupidine
1018 2269 1122 2322 cecus
1140 2272 1163 2323 a
1183 2248 1365 2346 privilegio
1383 2249 1499 2322 fartim
1515 2246 1683 2339 abscidit,
1704 2246 1792 2318 sicut
1808 2244 1907 2318 dixe·

501 2380 582 2444 runt
597 2380 632 2444 et
647 2371 871 2467 probabiliter
883 2371 1082 2467 videbatur,
1100 2374 1384 2469 supplicaverunt
1395 2370 1592 2446 celsitudini
1609 2381 1725 2445 nostre
1741 2379 1781 2442 nt
1796 2371 1905 2466 ipsum

503 2495 662 2568 innovari
686 2497 907 2592 privilegium
932 2509 967 2572 ct
988 2507 1103 2572 nostre
1128 2499 1397 2574 confirmationis
1420 2500 1610 2573 laceremus
1635 2497 1824 2569 munimine
1847 2517 1906 2566 ro-

502 2620 638 2710 borari;
659 2623 759 2715 cuius
776 2630 872 2696 tenor
888 2623 965 2696 talis
979 2634 1057 2696 est:

551 2744 746 2820 innomine
767 2755 884 2820 sande
905 2757 940 2821 et
957 2749 1141 2824 individue
1158 2749 1343 2822 Trinitatis.
1359 2747 1526 2844 Rogarins
1546 2745 1667 2820 divina
1687 2747 1823 2820 favente
1837 2744 1907 2818 cle-

505 2871 633 2944 mentia
654 2893 718 2944 rex
735 2871 868 2961 Sicilie,
889 2873 1036 2947 ducatos
1060 2874 1185 2971 Apulis
1206 2885 1240 2948 et
1261 2874 1472 2972 principatus
1488 2870 1617 2967 Capua.
1638 2872 1773 2944 Nocere
1794 2879 1908 2962 gentas

505 3009 540 3067 et
569 2994 689 3092 populi
719 3017 781 3090 per
805 2996 927 3069 mnndi
954 2999 1090 3072 climata
1124 3001 1299 3074 constituti
1327 3022 1388 3096 per
1412 3006 1499 3093 quot
1527 3007 1563 3069 et
1590 3005 1739 3090 quantos
1770 2995 1908 3069 sudores

505 3119 663 3213 bellicos,
684 3129 815 3214 quanto
835 3121 908 3195 vite
929 3122 1129 3198 discrimine
1148 3123 1407 3218 predecessores
1425 3131 1460 3195 et
1482 3121 1715 3217 progenitores
1734 3120 1837 3193 nostri
1855 3119 1908 3214 pie

506 3242 753 3320 recordationis
781 3254 816 3320 et
841 3247 943 3320 beate
976 3250 1140 3322 memorie
1169 3249 1337 3322 Robertus
1363 3244 1574 3319 Guiscardus
1605 3253 1750 3341 patrnos
1777 3253 1904 3330 noster,

505 3367 675 3462 llcgerius
702 3389 816 3442 comes
839 3376 936 3466 pater
962 3380 1076 3444 noster
1100 3381 1135 3444 et
1160 3371 1263 3444 ceteri
1285 3367 1398 3467 patrui
1417 3367 1524 3442 nostri
1546 3375 1650 3460 atquc
1667 3365 1906 3460 consanguinei

506 3495 552 3568 ab
570 3494 720 3568 inimicis
741 3494 822 3571 fidei
845 3494 1029 3569 christiane
1049 3496 1244 3569 Sarracenis
1270 3495 1509 3569 miserabiliter
1530 3503 1714 3590 occupatos
1736 3493 1908 3566 univesos
2030 3597 2035 3604 .

509 3617 594 3691 fines
608 3619 735 3712 Sicilie,
752 3618 925 3712 Calabria,
943 3619 1068 3715 Apulie
1079 3629 1115 3693 et
1128 3618 1368 3714 tongohardie
1383 3640 1448 3692 suo
1462 3617 1651 3694 dominatui
1664 3618 1905 3712 subjugarunt;

507 3743 636 3840 quibus
657 3744 900 3842 omnipotentis
922 3745 984 3819 Dei
1004 3744 1276 3819 inestimabiliter
1292 3744 1487 3836 benignitas
1504 3742 1769 3818 misericorditer
1786 3763 1909 3836 coope-

507 3879 581 3944 rata
614 3871 714 3944 nobis
742 3871 1007 3946 misericorditer
1035 3873 1208 3968 longeque
1233 3872 1405 3968 copiosius
1430 3872 1574 3966 gratiam
1598 3891 1697 3942 snam
1723 3867 1906 3963 ampliavit.

506 3997 584 4070 Non
599 3998 711 4070 solnm
724 3997 817 4068 enim
831 4019 901 4092 que
917 4008 1048 4092 patrem
1063 4006 1216 4070 nostrum
1232 3997 1379 4091 contigit
1388 3995 1662 4090 acquisitionem,
1678 3991 1908 4066 verumetiam

508 4120 664 4194 omnium
682 4119 817 4192 labores
834 4128 869 4192 et
886 4127 984 4214 parta
1003 4130 1118 4192 nostre
1136 4119 1279 4194 dictioni
1298 4119 1445 4211 subjecit
1460 4127 1495 4190 et
1510 4116 1682 4213 potestati.
1698 4119 1911 4189 Sacrcsancto

510 4243 616 4338 igitur
638 4244 758 4316 matris
774 4252 890 4316 nostre
907 4243 1059 4318 Romane
1077 4244 1229 4317 Ecclesia
1241 4242 1455 4334 anctoritate,
1472 4241 1821 4336 archiepiscoporum,
1837 4239 1911 4333 epi-

512 4390 715 4465 scoporum,
736 4369 918 4457 abbatum,
942 4369 1156 4465 principum,
1181 4369 1358 4460 comitum,
1377 4388 1576 4463 procerum,
1598 4365 1681 4438 cleri
1698 4366 1805 4438 nostri
1821 4360 1910 4458 regni

548 4631 583 4707 (t)
598 4631 702 4690 Scilicet
713 4633 801 4692 xxvi
812 4636 914 4692 mensis
928 4635 1079 4694 decembris
1092 4636 1171 4706 litat,
1186 4634 1229 4694 die
1241 4635 1387 4694 saumatis
1397 4649 1462 4692 suae
1474 4632 1666 4692 mnirasario.
