4436 5870
1035 536 1251 598 Futusutct
1276 536 1448 598 stctrut
1763 537 1841 623 [Aur.
1863 539 1947 602 1220.

437 1139 460 1170 r·
589 1097 822 1207 Fridericns,
837 1100 1097 1184 Romanorum
1115 1101 1334 1212 imperator,
1349 1101 1553 1186 Bertholdo
1569 1103 1807 1212 patriarchae
1823 1104 1947 1215 Aqui-

537 1231 681 1342 legensi
706 1259 774 1344 per
800 1233 1025 1318 sententiam
1049 1235 1221 1318 concedit
1246 1235 1466 1318 facultatem
1492 1235 1695 1320 ordinandi
1722 1235 1825 1346 sora,
1845 1236 1945 1320 ban-

538 1367 667 1449 niendi
681 1366 996 1450 etdisbenniendi
1019 1368 1058 1449 in
1077 1367 1340 1478 jurisdictione
1362 1369 1467 1481 ejus,
1482 1379 1658 1480 vetatque
1672 1395 1720 1453 ne
1733 1370 1945 1453 civitatibus

536 1526 635 1611 qnae
662 1499 825 1585 subsunt
845 1501 968 1584 eidem
988 1501 1225 1611 patriarchae
1243 1501 1354 1586 liceat
1368 1502 1507 1613 eligere
1525 1511 1748 1612 potestates,
1769 1530 1810 1586 se
1827 1505 1945 1588 intro-

536 1636 682 1716 mittere
697 1637 746 1718 de
759 1635 977 1744 episcopatu
994 1645 1081 1743 post
1097 1637 1295 1719 decessum
1311 1636 1492 1745 episcopi,
1513 1648 1685 1719 monetas
1700 1637 1941 1742 constituere,

534 1769 755 1851 molendina
778 1777 1011 1874 construere,
1029 1770 1191 1852 uendere
1211 1769 1270 1852 rel
1288 1768 1453 1851 alienare
1468 1795 1567 1878 quae
1586 1770 1635 1851 ad
1657 1769 1801 1879 regalia
1817 1771 1941 1879 perti-

535 1911 647 2005 nent,
671 1899 951 2010 conjurationes
972 1899 1111 2006 lacere,
1128 1911 1220 2008 etc,
1241 1901 1322 1985 sine
1339 1901 1533 1985 voluntate
1560 1911 1598 1985 et
1622 1927 1809 1986 consensu
1823 1903 1941 2012 ipsius

533 2033 785 2142 patriarchae.
988 2045 991 2052 ’

614 2246 705 2326 (Edlt.
720 2263 769 2324 ep.
782 2250 956 2320 Musarum,
972 2247 1109 2326 seper.
1122 2263 1178 2308 rer.
1195 2244 1300 2321 tute..
1311 2255 1384 2312 tom.
1396 2248 1479 2322 XVI,
1493 2249 1549 2310 eol
1567 2257 1711 2322 tot-10³,
1726 2255 1941 2330 commupe
1970 2241 1974 2248 ⁸

652 2355 723 2415 conl
740 2364 815 2416 128²
836 2358 946 2416 tneor-to
968 2357 1001 2415 tn
1023 2355 1178 2434 prtvtlegto
1199 2356 1296 2418 Garolt
1314 2357 1413 2434 quartt
1429 2355 1630 2418 Romanorum
1643 2357 1828 2434 tmperatorts
1841 2365 1871 2420 et
1882 2359 1941 2420 Bo-

651 2462 766 2521 hemlae
778 2460 883 2540 regia.)

579 2646 763 2721 Federicus
781 2646 844 2719 Dei
865 2646 974 2742 gratia
990 2647 1220 2719 Romanorum
1240 2646 1424 2742 imperator
1439 2655 1474 2719 et
1490 2667 1626 2744 semper
1642 2657 1811 2744 augustus
1826 2661 1860 2722 et
1877 2671 1939 2724 rex

533 2771 665 2862 Sicilie,
688 2769 860 2841 universis
877 2768 1094 2863 presentibus
1107 2779 1142 2842 et
1156 2771 1280 2842 tuturis
1300 2768 1347 2842 ad
1367 2791 1455 2864 quos
1484 2771 1594 2844 littere
1616 2771 1681 2844 istc
1703 2774 1935 2868 pervenerint.

533 2897 586 2966 lix
603 2905 732 2966 secreto
751 2902 785 2966 et
802 2891 984 2965 ineffabilis
1008 2893 1170 2966 bonitatis
1192 2915 1328 2966 summe
1354 2893 1497 2967 oonsilio
1523 2895 1740 2991 imperatorie
1761 2895 1939 2991 dignitatis

533 3019 680 3093 assecuti
693 3017 881 3111 fastigium,
893 3026 988 3089 tento
1001 3017 1113 3110 magis
1128 3039 1191 3090 nos
1204 3017 1382 3108 condecet,
1396 3018 1425 3090 si
1439 3019 1585 3091 salntem
1599 3020 1714 3092 anime
1727 3030 1842 3092 nostre
1855 3021 1937 3094 dili·

530 3146 657 3239 gimus,
675 3141 803 3214 habere
816 3143 925 3214 Mum
942 3162 1004 3236 pre
1019 3142 1128 3214 oculis
1145 3151 1275 3236 quanto
1294 3165 1354 3238 pre
1368 3143 1489 3216 ceteris
1506 3141 1553 3214 ed
1566 3143 1677 3237 ipsius
1691 3143 1937 3238 protegendam

530 3268 715 3342 Ecclesiam
739 3266 916 3340 exaltavit.
940 3263 1044 3359 [Cum
1063 3265 1189 3359 igitur]
1207 3266 1465 3363 Aquilejeosem
1489 3265 1669 3340 ecclesiam
1692 3267 1846 3360 quodam
1863 3270 1936 3366 pri-

526 3394 689 3488 vilegiato
713 3391 834 3466 affectu
857 3388 1036 3484 diligimus
1052 3399 1125 3462 tum
1151 3389 1247 3484 quod
1272 3391 1463 3487 preeminet
1490 3390 1644 3464 ecclesiis
1668 3392 1841 3465 universis
1867 3413 1936 3488 qne

527 3520 681 3592 Romano
705 3516 852 3588 subsunt
870 3514 1032 3610 imperio,
1052 3522 1126 3587 tum
1143 3515 1244 3589 etiem
1271 3523 1410 3611 propter
1428 3512 1627 3589 fidelissimi
1657 3535 1699 3587 ao
1722 3515 1934 3588 dilectissimi

529 3641 692 3738 principis
713 3641 819 3714 nostri
837 3639 1011 3713 Bertholdi
1030 3640 1221 3735 patriarche
1233 3637 1462 3734 Aquilejensis
1484 3639 1623 3730 merite,
1642 3637 1773 3711 idcirco
1789 3640 1874 3712 latas
1898 3641 1933 3711 in

526 3765 622 3838 curia
648 3775 763 3838 nostra
788 3763 975 3837 sententias
998 3762 1127 3836 habere
1152 3771 1242 3836 ratas
1265 3764 1426 3835 volumus
1451 3772 1486 3835 et
1514 3761 1550 3833 in
1577 3771 1781 3857 perpetuum
1806 3761 1934 3836 confir·

526 3888 782 3963 memusUnde
795 3909 896 3961 nosse
909 3909 972 3960 vos
985 3889 1148 3960 volumus
1162 3910 1183 3961 a
1196 3887 1321 3960 uostris
1334 3909 1409 3960 esse
1422 3887 1666 3960 sententiatum
1675 3885 1888 3983 principibus
1897 3889 1932 3960 in

525 4017 626 4110 plene
639 4014 736 4087 curia
750 4013 883 4107 quodsi
895 4011 1009 4085 dietus
1026 4011 1219 4107 patriarcha
1234 4013 1270 4085 in
1285 4012 1483 4085 civitatibus
1495 4011 1569 4084 suis
1582 4010 1638 4083 vel
1654 4009 1787 4101 castris,
1797 4011 1889 4083 villis
1900 4021 1932 4084 et

524 4139 608 4211 loeis
627 4139 704 4211 eliis
719 4137 780 4210 uhi
799 4137 904 4210 habet
918 4135 1194 4230 jurisdictionem
1211 4137 1422 4211 ordinaverit
1435 4133 1568 4230 aliquid
1583 4133 1628 4207 de
1641 4133 1705 4206 fori
1719 4133 1928 4227 venditione,

523 4272 635 4334 ratum
653 4273 687 4335 et
704 4260 917 4334 immutabile
932 4259 1071 4356 penitus
1093 4259 1272 4333 habeatur.
1295 4263 1379 4333 ltem
1395 4257 1491 4354 quod
1513 4258 1613 4330 licent
1630 4255 1724 4329 dicte
1741 4257 1931 4352 patriarche

524 4387 669 4458 bannire
685 4394 720 4457 et
737 4383 937 4458 diebennire
957 4383 1128 4478 quoslibet
1141 4383 1179 4456 in
1188 4382 1427 4479 jurisdictione
1446 4404 1521 4455 sue.
1537 4381 1622 4454 Item
1637 4379 1732 4475 quod
1746 4401 1815 4455 non
1831 4383 1931 4456 liceat

525 4509 739 4603 civitatibus,
759 4509 908 4583 cestellis
924 4516 959 4581 et
976 4507 1068 4580 villis
1080 4530 1150 4604 que
1164 4509 1300 4582 subsint
1315 4505 1508 4605 patriarche
1528 4505 1657 4600 eligere
1677 4525 1739 4600 per
1759 4526 1799 4578 se
1814 4515 1930 4602 potes-

526 4644 623 4725 tates,
640 4635 797 4707 consules
812 4634 868 4706 vel
882 4641 1030 4708 rectores
1047 4642 1158 4728 preter
1175 4633 1387 4707 voluntatem
1403 4633 1512 4730 ipsius
1528 4627 1928 4727 patriarcheltemqnod
