4368 5876
247 578 404 656 ramea]
703 577 899 638 ursroara
922 577 1218 640 nrnnouarrcr.
1513 545 1514 548 ‘
1607 577 1664 640 roo

249 716 302 807 [in
331 716 447 803 antea]
476 735 539 809 pro
565 713 784 809 platheatico‚
803 713 1005 806 affidatura,
1033 713 1346 788 consuetudinibus
1366 725 1427 788 aut
1444 715 1582 788 statutis
1601 713 1665 787 ali·

248 840 378 937 quibus
395 839 567 912 immunes
583 850 617 912 et
634 837 732 911 liberi
747 851 1007 912 conserventur.
1025 839 1232 913 Mandemus
1250 841 1356 934 igitur
1369 841 1572 914 auctoritate
1587 862 1667 937 pre-

250 966 355 1039 sentis
377 965 550 1061 privilegii
572 962 713 1050 firmiter
734 972 923 1037 statuentes
945 986 990 1036 ne
1004 966 1074 1037 ulla
1093 987 1250 1062 unquam
1269 987 1415 1061 persona
1433 967 1502 1038 alta
1522 967 1579 1038 vel
1599 964 1665 1036 hu-

250 1090 355 1180 milis,
372 1089 601 1163 ecclesiastica
615 1091 673 1161 vei
690 1089 867 1181 secularis,
883 1089 1076 1186 predictum
1088 1093 1348 1182 monasterium,
1365 1093 1486 1164 iratres
1501 1100 1536 1164 et
1550 1089 1666 1164 omnia

250 1217 343 1288 bona
362 1237 429 1287 sua
448 1235 552 1310 snper
570 1212 736 1310 predictis
749 1214 911 1286 omnibus
922 1215 980 1287 vel
996 1215 1113 1309 aliquo
1134 1215 1369 1312 predictorum
1390 1217 1571 1289 molestare
1584 1236 1668 1312 pre·

252 1347 365 1414 sumat
380 1341 436 1411 vel
455 1339 560 1432 hujus
579 1339 811 1412 concessionis
831 1349 867 1412 et
883 1337 1152 1413 confirmationis
1171 1348 1288 1413 nostre
1304 1339 1431 1436 pagine
1449 1361 1537 1412 ausu
1561 1348 1668 1412 teme·

252 1465 341 1539 rario
361 1464 516 1539 obviare.
541 1464 647 1551 Quod·
663 1465 725 1562 qui
747 1466 995 1562 presumpserit
1015 1465 1289 1560 indignationem
1320 1465 1427 1538 nostri
1450 1463 1611 1537 culminis
1633 1473 1670 1536 et

259 1613 385 1688 penam
402 1600 540 1664 centum
558 1592 725 1664 librarum
743 1591 821 1665 auri
844 1613 882 1663 se
909 1591 1045 1665 noverit
1067 1593 1304 1678 incursurum,
1329 1589 1514 1663 medietate
1535 1609 1671 1661 camere

254 1724 419 1789 nostrast
440 1716 573 1811 reliqua
589 1715 774 1789 medietate
790 1715 903 1812 passis
921 1716 1082 1808 injuriam
1096 1717 1338 1812 persolvenda.
1359 1714 1414 1788 Ad
1431 1715 1536 1808 hujus
1553 1721 1671 1786 autam

255 1841 485 1914 concessionis
504 1851 539 1913 et
562 1838 832 1914 confirmationis
851 1849 967 1913 nostre
989 1842 1189 1914 memoriam
1208 1851 1243 1912 et
1264 1840 1371 1912 robur
1389 1849 1555 1935 perpetuo
1577 1838 1671 1912 vali-

256 1974 373 2038 turum
386 1987 529 2062 presens
542 1966 763 2061 privilegium
782 1987 845 2063 per
860 1988 984 2040 manue
996 1967 1161 2041 Iohannis
1182 1967 1228 2038 de
1241 1967 1353 2039 Lauro
1368 1965 1493 2038 notarii
1509 1973 1543 2038 et
1561 1963 1674 2038 fidelis

257 2090 364 2163 nostri
378 2091 482 2163 scribi
497 2101 532 2164 et
549 2091 663 2185 sigillo
678 2091 865 2186 majestatis
880 2101 996 2165 nostre
1012 2092 1180 2185 jussimus
1197 2091 1415 2182 communiri,
1431 2111 1536 2182 anno,
1554 2111 1674 2162 mense

258 2224 293 2287 et
306 2214 493 2289 indictione
507 2215 723 2312 subscriptis.

305 2341 431 2412 Datum
444 2341 594 2432 Tarenti,
610 2363 703 2414 anno
717 2341 890 2415 dominice
903 2341 1148 2415 incarnationis
1161 2341 1344 2413 millesimo
1356 2339 1420 2412 CC⁰
1432 2341 1542 2432 XX10,
1556 2360 1676 2412 mense

259 2465 390 2561 aprilis,
407 2465 596 2539 indict-ione
612 2487 722 2559 nona,
744 2467 939 2572 imperante¹
955 2467 1097 2542 domino
1120 2473 1239 2538 nostro
1262 2465 1436 2538 Friderieo
1451 2463 1679 2537 invictissimo

260 2591 492 2664 Romanorum
508 2592 726 2688 imperatore,
745 2615 880 2689 semper
893 2602 1043 2688 augusto
1056 2601 1092 2665 et
1114 2613 1196 2686 rege
1211 2589 1339 2681 Sicilie,
1355 2611 1447 2662 anno
1465 2589 1576 2685 primo
1595 2589 1679 2682 [im-

261 2715 377 2810 perii],
394 2717 492 2812 regni
507 2737 592 2790 vero
607 2717 723 2790 Sicilie
737 2738 829 2790 anno
841 2717 1007 2792 vicesimo
1021 2717 1135 2803 tertio,
1153 2715 1306 2788 feliciter.
1323 2714 1445 2786 Amen.

1142 3059 1453 3072 „rt-*-

318 3371 545 3480 Fridericus,
565 3372 827 3457 Romanomm
850 3373 1071 3482 imperator,
1091 3373 1292 3484 Paganum
1314 3371 1547 3455 balduinum
1562 3372 1682 3456 civem
1741 3399 1844 3510 Ἤ,

265 3505 545 3590 Messanensem
572 3517 747 3592 monetae
768 3505 1035 3590 Brundusinae
1061 3505 1291 3617 magistrum
1318 3505 1478 3618 ejusque
1502 3507 1684 3590 haeredes

267 3637 340 3721 sub
365 3639 518 3750 speciali
544 3641 777 3750 protectione
795 3667 865 3723 sua
885 3639 1037 3750 recipit,
1062 3641 1193 3751 eisque
1220 3640 1392 3724 coneedit
1422 3649 1460 3722 et
1486 3640 1687 3724 confirmat

267 3771 395 3856 locum
418 3773 674 3857 inhabitatum
698 3776 843 3858 dictum
857 3773 1032 3884 Viaregio
1051 3774 1091 3855 in
1114 3775 1308 3858 maritima
1321 3775 1361 3856 in
1380 3777 1598 3885 episcopatu
1612 3775 1688 3858 Lu-

268 3907 371 3989 eensi
395 3933 485 3990 eum
504 3908 684 3994 omnibus
711 3909 945 4020 pertinentiis
968 3918 1006 3992 et
1029 3908 1177 4020 integra
1200 3909 1341 3994 ibidem
1364 3910 1599 3994 voluntatem
1617 3908 1637 3990 l
1658 3954 1685 3970 -

269 4041 392 4125 ciendi
409 4042 597 4126 libertate.
875 4033 878 4040 ⁴

353 4284 440 4363 (Edit.
457 4303 504 4366 ap.
526 4287 664 4350 uenam
678 4305 694 4349 e
707 4285 818 4350 dorum
833 4305 891 4370 per
912 4288 1020 4351 aarum
1041 4285 1095 4350 ali'
1117 4284 1292 4350 lalandella
1310 4283 1383 4350 atti
1400 4308 1416 4348 e
1432 4293 1509 4350 stato
1528 4283 1562 4348 di
1582 4288 1688 4364 iaceo,

391 4399 462 4454 tom.
478 4395 534 4470 111,
548 4412 580 4472 p.
592 4404 661 4457 aaa.
676 4427 718 4442 -
726 4397 885 4460 Clancillru
897 4400 1127 4460 instrumentum
1138 4396 1317 4459 venditionis
1335 4396 1374 4458 ab
1386 4395 1561 4458 inermum
1577 4396 1691 4476 Pagunl

391 4507 493 4578 postea
510 4501 606 4564 rmus
625 4503 736 4566 ibidem
759 4504 865 4580 reiut,
883 4505 1045 4584 additque:
1067 4505 1203 4580 «Questl
1225 4504 1286 4567 due
1306 4504 1476 4566 documenti
1492 4504 1519 4566 sl
1537 4505 1688 4564 nuovano

394 4608 456 4668 »tn
477 4623 520 4669 un
534 4609 610 4670 libro
627 4610 659 4671 ‹ll
680 4614 820 4673 mnbnttl
837 4612 916 4674 nella
931 4611 1050 4674 libreria
1066 4613 1098 4673 dl
1111 4612 1144 4674 S.
1158 4610 1305 4676 Fredlnno
1321 4617 1444 4690 regnato
1460 4610 1491 4672 nl
1503 4610 1536 4673 dl
1551 4611 1629 4674 lueri
1648 4611 1687 4673 V.

395 4713 1281 4799 nvl,trnlmunoscrlttiebeeranonntempodeleelebrc
1299 4719 1522 4796 Florentinis)

373 4820 414 4883 11.
1512 4834 1551 4889 22
