4272 5886
177 508 277 572 Innuet.
294 505 359 586 la]
633 505 832 570 HISTORIA
854 501 1150 568 lthLOllA'l'lCA.
1536 505 1594 568 511

227 643 299 716 Nos
315 648 431 715 autem
455 637 602 736 predicti
624 641 780 739 episcopi
803 639 917 714 tidelis
937 639 1045 714 nostri
1070 639 1259 734 benignius
1283 639 1596 736 supplicationibus

177 768 350 861 inclinati,
375 767 635 842 considerantes
652 779 817 864 quantam
840 765 945 841 fidem
970 788 1094 862 puram
1118 787 1160 840 ac
1182 766 1401 840 devotionem
1426 767 1596 842 sincerum

178 913 285 987 quam
302 891 349 964 ud
364 899 514 964 nostrum
538 913 675 987 semper
688 891 852 965 habuisse
866 885 1082 984 dignoscitur
1098 890 1324 983 majestatem,
1342 913 1478 964 necnon
1499 902 1597 986 grata

178 1016 321 1088 servitio
340 1037 412 1110 que
433 1012 534 1088 nobis
560 1024 596 1088 et
617 997 762 1112 imperio
787 1037 924 1112 semper
949 1014 1111 1088 exhibuit
1133 1023 1168 1087 et
1190 1037 1260 1111 que
1283 1016 1320 1087 in
1344 1025 1446 1090 antea
1471 1018 1596 1112 poterit

179 1139 346 1212 exhibere
377 1137 549 1212 inducunt
575 1160 639 1212 nos
666 1139 763 1234 quod
795 1139 1017 1235 privilegium
1045 1139 1205 1234 superius
1236 1138 1403 1235 scriptum
1427 1140 1596 1233 jussimus

178 1264 356 1357 innovari,
377 1262 492 1360 ipsum
517 1285 559 1337 ea
582 1264 839 1338 continuatione
864 1273 898 1338 et
922 1285 965 1336 eo
987 1263 1186 1359 supradicto
1212 1263 1376 1360 episcopo
1397 1272 1432 1336 et
1452 1265 1597 1338 ecclesie

178 1389 320 1462 Aretine
338 1387 383 1462 de
406 1396 523 1462 nostra
550 1389 660 1492 gratia
684 1387 947 1480 confirmantem
964 1387 1027 1462 sed
1044 1387 1141 1482 quod
1164 1386 1202 1460 id
1225 1387 1339 1460 valeat
1363 1396 1468 1484 atque
1490 1390 1595 1486 patris

180 1514 287 1586 nostri
316 1512 586 1587 conservationis
618 1513 819 1588 memorium
847 1523 883 1586 et
913 1522 1115 1610 perpetuam
1144 1511 1339 1586 firmitatem
1367 1511 1493 1586 habeat
1520 1511 1593 1612 (c),

179 1659 321 1734 presens
337 1638 558 1734 privilegium
571 1636 647 1712 lieri
665 1648 700 1712 et
715 1638 829 1734 sigillo
842 1637 1031 1731 majestatis
1048 1646 1164 1710 nostre
1182 1637 1351 1728 jussimus
1373 1638 1592 1711 communiri.

227 1764 339 1857 HuJus
351 1763 402 1835 rei
417 1772 500 1835 sunt
513 1772 616 1837 testes
629 1763 952 1857 Babembergensis,
968 1762 1268 1856 Merseburgensis
1287 1770 1322 1835 et
1337 1761 1597 1860 llutisponensis

179 1885 350 1983 episcopi,
373 1888 477 1961 iuter
492 1889 536 1959 Η.
555 1888 718 1982 magister
740 1888 866 1963 domus
889 1891 1013 1962 Sancte
1031 1888 1138 1962 lllurie
1159 1887 1449 1960 Theutonioorum
1472 1887 1509 1960 in
1531 1889 1596 1962 le-

178 2012 346 2099 rusalem,
362 2013 402 2084 L.
419 2011 496 2085 dux
518 2011 659 2088 Austris
679 2022 715 2086 et
734 2014 862 2110 Styrie,
878 2013 1068 2086 Ruiualdus
1090 2013 1167 2088 dux
1187 2011 1333 2108 Spoleti,
1355 2031 1469 2086 comes
1485 2012 1530 2084 Η.
1550 2012 1596 2087 de

179 2135 343 2226 Fmburc,
360 2158 475 2210 comes
493 2138 536 2210 Η.
558 2137 603 2210 de
618 2138 811 2229 Eberstein,
830 2138 1007 2212 llolandus
1022 2159 1138 2211 comes
1154 2137 1277 2210 Tuscis
1295 2136 1468 2232 palatinus
1484 2145 1520 2209 et
1531 2137 1591 2211 alii

178 2261 438 2356 quamplurimi.
749 2335 753 2345 ,

227 2383 371 2479 Signum
397 2385 530 2459 domini
559 2385 713 2459 Foderici
740 2385 886 2460 secundi
907 2385 971 2458 Ilei
989 2387 1099 2480 gratia
1120 2384 1338 2459 invictissimi
1361 2386 1593 2461 Romanorum

179 2508 411 2603 imperatoris,
433 2531 570 2606 semper
582 2509 722 2604 augusti
737 2518 772 2582 et
786 2509 880 2604 regis
895 2509 1022 2583 Sicilie.
1042 2506 1334 2604 (Monoprcmma.)

226 2631 312 2707 Acta
337 2641 419 2706 sunt
444 2633 510 2706 hec
538 2655 632 2706 anno
656 2632 830 2706 dominice
852 2633 1096 2706 incarnationis
1120 2633 1317 2727 MCCXXV,
1336 2654 1464 2708 mense
1488 2634 1587 2727 julii,

177 2757 255 2830 Xlll
279 2757 487 2842 indictione,
514 2759 705 2854 imperante
726 2757 869 2832 domino
889 2767 1006 2832 nostro
1029 2758 1192 2834 Foderico
1214 2761 1244 2831 ll
1263 2758 1326 2831 Dei
1348 2759 1458 2852 gratia
1476 2759 1593 2832 invic-

95 2900 98 2908 ·
178 2881 311 2955 tissimo
326 2883 560 2956 Romanorum
579 2882 802 2978 imperatore,
833 2904 970 2980 semper
995 2892 1143 2976 augusto
1170 2891 1206 2957 et
1233 2903 1316 2978 rege
1340 2883 1472 2976 Sicilie,
1500 2904 1592 2956 anno

177 3005 321 3080 Romani
336 3006 472 3104 imperii
490 3007 566 3101 ejus
585 3007 629 3098 V,
645 3007 743 3102 regni
759 3029 842 3082 vero
855 3008 971 3081 Sicilie
983 3007 1137 3099 XXVlll,
1156 3007 1309 3080 feliciter.
1330 3006 1456 3080 Amen.

225 3131 352 3203 Datum
382 3131 476 3228 opud
504 3133 667 3206 Sanctum
696 3131 927 3224 Germanum,
952 3154 1064 3226 anno,
1088 3153 1208 3206 mense
1233 3141 1269 3205 et
1295 3132 1485 3207 indictione
1509 3153 1593 3228 pre-

177 3256 328 3352 scriptis.

231 3767 466 3879 Fridericus,
490 3772 751 3858 Romanorum
778 3773 996 3884 imperator,
1017 3797 1089 3882 pro
1107 3771 1226 3884 gratis
1248 3774 1407 3858 servitiis
1423 3774 1592 3890 burgen-

177 3900 278 3984 sium
296 3905 344 3988 de
356 3905 605 3990 Rheinselden
623 3907 678 3990 eis
695 3905 896 3990 confirmat
913 3931 1046 3990 omnes
1058 3903 1181 3990 bonos
1198 3931 1293 3990 usus
1308 3917 1347 3990 et
1364 3912 1592 4020 approbatas

177 4037 485 4146 consuetudines,
500 4038 693 4122 libertates
706 4047 744 4122 et
753 4037 843 4149 jura
855 4064 955 4148 quae
966 4038 1153 4121 hactenus
1170 4037 1352 4122 habuisse
1364 4055 1589 4155 noscuntur,

178 4167 384 4279 statuitque
400 4196 451 4253 ne
468 4170 549 4254 ullo
575 4197 749 4282 unquam
775 4180 946 4282 tempore
966 4171 1039 4281 ipsi
1063 4180 1102 4254 et
1116 4170 1298 4254 haeredes
1319 4197 1453 4258 eorum
1471 4204 1495 4260 a
1512 4179 1590 4262 de-

177 4299 306 4385 manio
325 4328 396 4386 suo
414 4311 452 4386 et
467 4303 619 4388 Hearici
636 4304 898 4389 Romanorum
916 4303 1017 4416 regis
1030 4303 1100 4387 lilii
1118 4303 1179 4387 sui
1201 4329 1246 4386 ac
1264 4305 1414 4415 imperii
1430 4308 1591 4394 distrahi
1655 4327 1662 4341 '

221 4515 262 4594 (a)
284 4517 394 4580 Totum
407 4518 489 4584 hune
500 4521 599 4584 locum
611 4537 630 4584 a
643 4519 735 4584 verbo
754 4517 899 4584 induunt
922 4525 1094 4599 corruptum
1113 4535 1177 4584 esse
1198 4523 1334 4601 qulsqnts
1350 4522 1438 4588 lsctle
1455 4529 1592 4590 ontmsd·

177 4625 311 4688 vertent.
